3775 5625
433 399 502 472 stt

435 586 581 656 semper,
600 578 736 656 urgente
753 570 943 652 praecepto,
966 568 1098 650 praesto
1115 565 1219 630 essct:
1231 559 1355 648 justus,
1377 555 1485 629 aDeo
1502 575 1618 649 praeter

435 702 528 747 suurn
543 678 692 745 meritum
708 679 865 753 desertus,
882 677 1007 763 quando
1022 687 1188 760 peccaret,
1210 695 1274 737 non
1289 686 1356 739 tam
1371 695 1442 751 sua,
1460 695 1554 761 quam
1569 673 1618 738 Dei

435 792 527 876 crdpa
558 802 723 875 peccaret:
756 789 841 874 quod
873 798 983 872 aperte
1015 787 1188 851 absurdum
1219 804 1258 849 ao
1283 783 1314 848 in
1343 785 1451 850 Deum
1482 784 1616 868 blasphe-

433 921 520 964 mum
535 911 594 964 est

543 1009 580 1073 ll.
596 1006 698 1072 Justis
715 1006 819 1092 itaquo
836 1004 974 1093 gratiam
990 1004 1210 1071 necessariam
1231 1027 1362 1090 semper
1381 1017 1532 1090 paratam
1546 1024 1617 1078 esse,

435 1129 559 1184 certum
580 1130 645 1191 est:
669 1129 720 1182 ast
742 1138 806 1180 non
833 1115 946 1195 minus.
960 1128 1083 1180 certum
1105 1136 1180 1181 esse
1194 1114 1336 1190 videtur,
1353 1114 1430 1180 licet
1446 1113 1617 1202 dogmatice

433 1250 498 1292 non
515 1227 558 1291 sit
573 1224 747 1301 definitum,
763 1227 865 1290 Deum
877 1223 1026 1289 omnibus
1042 1223 1189 1294 fidelihus
1205 1223 1491 1311 peccatoribus
1508 1222 1617 1311 gratias

433 1335 630 1402 sufficientes
647 1335 798 1411 tribuere,
815 1333 928 1420 quibus
944 1332 1072 1419 possint
1087 1345 1155 1397 tum
1169 1346 1304 1418 peccata
1326 1353 1544 1418 praecavere,
1565 1343 1618 1396 tun

433 1467 452 1511 a
482 1444 624 1530 peccatis
660 1443 856 1528 resipiscere
888 1455 982 1528 atque
1018 1442 1284 1526 justificationem
1323 1463 1362 1507 ac
1396 1443 1537 1507 salutern
1570 1440 1618 1505 sibi

433 1574 631 1638 comparare.

539 1664 630 1742 Quod
646 1664 686 1727 ad
701 1662 791 1747 prius
808 1662 929 1738 attinet,
946 1682 1104 1747 nunquam
1121 1661 1244 1728 scilieet
1265 1664 1382 1727 deesse
1400 1660 1499 1726 etiarn
1514 1680 1615 1747 pecca·

432 1773 557 1838 toribus
574 1772 711 1861 gratiam
726 1772 945 1838 necessariam
962 1774 1001 1837 ad
1017 1793 1102 1837 nova
1117 1784 1250 1857 peccata
1266 1772 1429 1847 evitanda,

538 1882 703 1948 A.iisdem
712 1881 985 1967 S.Scripturae
1002 1882 1084 1946 locis
1101 1880 1475 1966 demonstratur,quibus
1488 1879 1615 1966 priorem

433 1991 625 2058 sententiam
644 1990 865 2077 probavimus:
899 2012 971 2056 nam
993 1990 1046 2055 illa
1068 1991 1173 2056 omnia
1198 1989 1397 2066 testimonia,
1420 1991 1495 2055 solo
1519 1990 1614 2054 ultimo

435 2112 584 2187 excepto,
601 2102 640 2166 ad
656 2100 768 2166 fideles
784 2099 982 2189 generatim,
998 2113 1031 2165 et
1047 2121 1245 2188 nequaquam
1260 2112 1383 2165 tanturn
1400 2101 1441 2163 ad
1452 2102 1564 2186 Justos
1575 2118 1612 2162 ra·

434 2211 590 2276 seruntur.

538 2322 580 2389 B.
603 2320 756 2385 Similiter
788 2317 931 2386 definitio
956 2318 1126 2386 Concilii
1150 2318 1387 2385 Arausicani
1412 2331 1511 2407 atque
1530 2319 1614 2385 verba

431 2429 484 2495 illa
504 2429 676 2496 concilii
692 2428 933 2495 Tridentini:
965 2432 1057 2494 Deus
1072 2432 1290 2513 impossibilia
1304 2433 1500 2512 nonjubet,
1514 2439 1570 2494 ete.
1584 2427 1613 2491 dt

432 2536 580 2604 fidelibus
596 2538 774 2627 generatim
789 2536 998 2625 intelligenda
1013 2549 1096 2604 sunt.

544 2650 581 2712 0.
596 2648 719 2714 Deinde
735 2647 812 2712 nulli
827 2661 912 2724 sunt,
928 2648 1074 2735 quamvis
1090 2648 1254 2714 excaecati
1271 2661 1304 2713 et
1316 2647 1479 2724 obdurati,
1496 2648 1551 2735 qui
1564 2668 1614 2712 nor

431 2778 509 2823 vere
540 2756 734 2846 proprieque
765 2770 918 2843 peccent,
950 2756 979 2824 si
1010 2758 1185 2825 deliberato
1213 2756 1319 2824 animo
1345 2757 1616 2848 transgrediantur

431 2880 605 2953 praecepte
619 2868 695 2942 Dei;
712 2889 806 2933 nemo
824 2881 930 2934 autern
944 2882 1060 2954 peccat
1075 2869 1108 2933 in
1124 2890 1180 2945 eo,
1201 2870 1287 2955 quod
1307 2867 1411 2934 vitare
1428 2889 1497 2933 non
1513 2877 1614 2954 potest.

435 2977 556 3056 Quodsi
572 2991 678 3043 autem
694 2977 789 3044 etiarn
805 2992 995 3063 peccatores
1012 2979 1177 3045 excaecati
1193 2992 1225 3044 et
1240 2978 1389 3043 obdurati
1404 2992 1549 3064 possunt
1562 2997 1615 3043 aer·

433 3106 510 3151 vare
532 3087 680 3151 mandata
705 3086 824 3160 divina;
858 3108 954 3173 quum
976 3087 1009 3152 id
1031 3109 1095 3152 non
1112 3087 1253 3174 propriis
1269 3087 1411 3163 viribus,
1432 3090 1496 3154 sed
1512 3099 1616 3153 tantun

432 3215 491 3279 per
508 3195 658 3260 auxilium
674 3195 735 3260 Dei
749 3193 821 3260 fieri
837 3209 947 3282 queat:
964 3197 1152 3263 necessario
1170 3195 1388 3283 consequitur,
1405 3197 1473 3262 hoc
1490 3196 1540 3262 eis
1550 3214 1616 3262 sen·

433 3325 492 3389 per
512 3317 659 3391 paratum
685 3325 761 3369 esse
781 3325 819 3369 ac
842 3319 1015 3390 promtum.
1039 3305 1110 3372 Nisi
1124 3306 1275 3392 iniquitas
1296 3316 1386 3370 esset
1406 3305 1440 3369 in
1457 3306 1616 3376 voluntate,

433 3435 499 3480 non
531 3427 620 3480 esset
640 3414 673 3479 in
697 3427 867 3500 potestate.
907 3417 1012 3480 Porro
1036 3416 1065 3481 si
1088 3415 1122 3480 in
1144 3425 1304 3501 potestate
1320 3436 1386 3479 non
1404 3429 1516 3494 esset,
1547 3412 1616 3480 nulla

433 3544 538 3609 poena
548 3526 638 3609 justa
654 3538 757 3599 esset:
774 3526 859 3612 quod
875 3547 940 3590 non
957 3525 1055 3612 sapit,
1071 3525 1134 3592 nisi
1150 3525 1203 3612 qui
1219 3524 1344 3611 desipit.
1366 3556 1368 3561 ·
1385 3524 1481 3591 Unde
1497 3539 1530 3592 et
1546 3522 1615 3591 sot·

433 3645 528 3716 ptura
547 3633 643 3697 etiarn
663 3636 857 3699 obcaecatos
879 3635 987 3723 arguit
1009 3637 1050 3701 ob
1071 3634 1304 3710 resistentiam,
1328 3655 1425 3722 quam
1442 3656 1489 3702 ex
1504 3631 1616 3723 propria

434 3741 554 3806 malitia
568 3741 693 3807 divinae
710 3745 834 3831 gratiae
852 3758 1031 3830 opponunt,
1049 3744 1159 3831 eisque
1175 3764 1297 3830 poenas
1314 3765 1380 3809 non
1397 3744 1526 3823 nunus,
1541 3761 1616 3832 quan

432 3870 500 3916 non
517 3852 683 3918 obduratis
699 3853 884 3936 minatur1).

540 3963 651 4041 Quoad
682 3964 817 4029 alterurn
837 3975 957 4041 autern,
981 3965 1207 4051 peccatoribus
1227 3965 1378 4030 nimirum
1401 3966 1525 4033 adesse
1540 3964 1617 4031 etiam

434 4069 591 4156 gratiam,
622 4095 684 4158 qua
721 4073 914 4159 resipiscere
951 4096 970 4140 a
1006 4075 1148 4161 peccatis
1180 4088 1274 4162 atque
1305 4077 1444 4140 salutern
1480 4069 1618 4160 consequi

433 4180 569 4263 possint,

541 4294 580 4354 Α.
597 4291 753 4357 evincitur
769 4315 811 4358 cx
825 4293 934 4359 verbis
951 4295 1193 4360 Ezechielis:
1223 4298 1300 4359 Vivo
1318 4317 1395 4379 ayo,
1415 4301 1502 4362 dicit
1515 4300 1617 4362 Domi·

432 4402 628 4490 coaulicos:
660 4406 751 4466 nolo
784 4412 1087 4488 mortema‘mpit,
1121 4409 1618 4472 oedotcoovertaturto-

429 4518 525 4592 pios
541 4519 640 4575 uoto
655 4535 744 4593 eoo,
763 4519 969 4595 etvtvatt).
996 4513 1143 4580 Christi
1158 4513 1331 4579 Domini:
1355 4518 1620 4583 Veniteodme

434 4640 582 4705 omnes,
601 4628 665 4705 qui
681 4623 901 4705 laboratis,
920 4634 959 4688 et
974 4632 1133 4688 onerati
1156 4633 1274 4710 eatis,
1298 4633 1337 4688 et
1351 4649 1420 4707 epo
1439 4635 1619 4711 reficias

539 4821 566 4912 ¹)
582 4825 652 4888 aet.
669 4824 701 4903 7,
716 4823 770 4890 51.
786 4827 873 4892 Rom.
891 4825 922 4904 2,
937 4824 1037 4892 4-5.
1054 4863 1096 4876 -
1114 4828 1265 4909 ²)Euech.
1283 4825 1337 4906 33,
1357 4827 1413 4896 11.
