3775 5625
1459 335 1524 404 tet

379 539 421 624 p.
437 533 504 606 ut.
522 533 742 606 cbrlstns
759 536 812 605 ut
826 533 964 603 bomo
981 549 1167 619 quoque
1185 535 1466 605 adorandus.

443 724 586 787 Tandem
603 722 631 787 si
649 721 796 787 Christus
830 734 988 807 tamquam
1010 724 1106 786 homo
1132 741 1228 785 verus
1252 733 1304 786 est
1331 722 1389 786 net
1409 721 1524 787 Filius:

316 837 330 899 i·
355 854 509 920 quoque
532 844 567 897 ut
589 832 709 896 homini
730 833 849 906 cultus,
882 854 974 918 quem
1001 844 1125 910 vocant¹
1146 837 1278 906 latriae,
1303 830 1527 906 iudicibus,

316 943 522 1007 ·ibuendus
546 953 606 1006 cst.
704 993 707 998 .

442 1054 685 1122 Nestoriani‚
718 1055 868 1131 duplicem
902 1065 1097 1115 assumentes
1129 1053 1158 1112 in
1193 1054 1318 1113 Christo
1351 1072 1526 1130 personam,

321 1165 462 1224 bristo
489 1164 605 1223 homini
629 1164 763 1240 quidem,
791 1174 917 1240 propter
944 1164 1214 1232 communicatam,
1237 1173 1270 1221 ut
1292 1164 1527 1232 contendebant,

316 1274 432 1334 idem
449 1294 467 1334 a
483 1275 591 1332 Verbo
614 1273 715 1331 divino
737 1274 953 1332 auctoritatam
978 1276 1013 1333 ad
1037 1274 1234 1352 dignitatem,
1256 1274 1369 1332 cultum
1393 1272 1526 1332 divinum

316 1383 404 1441 aud
431 1384 642 1461 denegabant:
668 1392 878 1441 verumtamen
896 1385 973 1442 duas
990 1402 1061 1441 esse
1079 1385 1289 1463 adorationes,
1311 1382 1420 1458 quihus
1438 1382 1526 1440 cnst-

316 1499 389 1548 rtus
415 1494 557 1562 colatur,
578 1493 769 1561 statueban13
794 1510 920 1567 quarum
944 1494 1043 1550 altera
1063 1493 1123 1550 Dei
1146 1494 1268 1560 Verbo,
1293 1493 1390 1549 altera
1414 1490 1526 1550 homini

316 1597 461 1660 libs-isto
479 1600 676 1668 exhibeatur3
700 1610 790 1676 atque
808 1601 1034 1669 adorationem,
1052 1620 1127 1678 quae
1153 1601 1278 1659 christo
1305 1600 1417 1658 homini
1435 1619 1524 1675 prae·

316 1715 454 1779 statur,
487 1717 604 1768 tantum
637 1710 798 1767 relativam
830 1727 901 1765 esse
934 1710 1099 1779 docebant,
1133 1710 1262 1768 similem
1290 1709 1408 1777 honori,
1426 1710 1524 1785 qualis

316 1832 488 1892 purpurae
516 1818 717 1894 imperaturis
743 1817 943 1893 impenditur,
969 1837 1024 1877 nec
1043 1819 1131 1877 aliam
1150 1838 1187 1877 cx
1204 1820 1341 1894 ipsorum
1358 1828 1526 1893 systemate

317 1922 497 1985 admittere
516 1936 668 2003 poterant.
701 1929 786 1984 luter
811 1928 1060 1997 uocirrianos,
1084 1928 1145 1986 etsi
1162 1947 1268 1986 omncs
1286 1928 1402 1986 Christi
1420 1928 1527 1986 divini·

318 2038 427 2093 tatem
452 2046 584 2115 negant,
617 2046 718 2093 tamen
741 2036 793 2092 alii
815 2037 897 2094 cultu
922 2037 1031 2094 latriae
1054 2037 1138 2095 illum
1162 2038 1347 2096 adurendum
1372 2056 1442 2095 esse
1465 2047 1527 2096 sta·

321 2149 439 2216 taunt,
457 2166 494 2205 eo
511 2147 589 2223 quud
606 2156 758 2222 tamquam
776 2149 916 2223 Legatus
934 2147 1055 2205 divinus
1072 2148 1131 2205 Dei
1147 2147 1266 2205 reserat
1283 2165 1458 2222 personam,
1477 2146 1528 2204 aiii

323 2266 405 2311 vero
427 2256 579 2331 ejusmodi
595 2257 710 2315 uultum
735 2254 860 2313 (ihristu
878 2255 1109 2332 haudquaquam
1133 2256 1334 2315 exhibendum
1351 2275 1422 2327 esse
1440 2275 1527 2332 prae·

325 2356 462 2434 cipiunt.

443 2469 593 2536 Ecclesia
615 2482 720 2533 autem
738 2470 909 2535 catholica·
924 2483 1069 2534 naturam
1085 2474 1252 2535 humanam
1268 2471 1299 2535 in
1318 2470 1463 2545 Christo,
1480 2482 1526 2534 ut·

329 2584 407 2653 pote
422 2578 456 2644 in
474 2600 616 2665 persona
631 2578 727 2643 Verbi
746 2578 840 2642 divini
858 2579 1098 2654 subsistentem,
1110 2602 1172 2643 urm
1190 2581 1365 2666 eodemque
1383 2581 1467 2644 cultu
1485 2581 1526 2643 la·

331 2678 416 2749 iriae
439 2710 512 2753 eum
529 2689 638 2752 Verbo
662 2686 768 2751 divino
785 2689 981 2751 adorandam
997 2710 1072 2753 esse
1089 2690 1193 2752 docet.
1218 2689 1330 2752 Tradit
1344 2689 1450 2774 itaque
1466 2691 1526 2753 Ec-

333 2785 437 2862 etesia
459 2797 641 2873 catholica,
662 2797 828 2862 colendam
850 2819 925 2862 esse
948 2797 1173 2863 humanitatem
1190 2797 1327 2874 Christi,
1344 2821 1407 2862 non
1424 2811 1527 2863 tamen

333 2914 468 2989 tmpus
485 2929 537 2981 se,
558 2907 616 2971 sed
633 2919 765 2991 propter
787 2906 961 2970 increatam
978 2907 1198 2971 excellentiam
1215 2907 1327 2982 Verbi,
1344 2907 1393 2972 sui
1410 2929 1526 2992 suppu-

340 3001 409 3086 ffi,
424 3017 472 3080 oui
489 3015 740 3081 substantialiter
762 3015 848 3079 unita
870 3027 935 3090 est,
960 3037 1018 3080 seu
1040 3029 1173 3101 propter
1194 3037 1284 3080 suam
1307 3039 1364 3102 per
1380 3018 1527 3082 substan·

347 3130 434 3191 Vhtu
456 3148 528 3191 eum
551 3126 656 3190 Verbo
679 3124 827 3190 unionem
843 3124 875 3188 in
892 3145 1004 3189 verum
1020 3146 1059 3190 ac
1075 3125 1239 3210 proprium
1255 3126 1315 3191 Dei
1331 3125 1442 3190 Filium
1465 3127 1526 3190 ela·

353 3239 466 3301 ‘nem

445 3346 572 3411 Cultum
593 3357 697 3409 autem
722 3343 806 3408 illum
829 3339 1045 3419 latreuticum,
1066 3357 1102 3409 ut
1117 3345 1307 3429 adpellatur‚
1325 3343 1454 3411 Christo
1471 3346 1526 3408 ho·

368 3454 417 3518 ni
436 3469 594 3540 tamquam
618 3475 696 3519 vero
717 3475 755 3518 ae
774 3453 924 3539 proprio,
945 3453 1037 3540 eique
1059 3453 1154 3520 unico
1169 3453 1230 3519 Dei
1245 3453 1341 3529 Filio,
1363 3465 1526 3540 praestan·

375 3576 414 3628 τι
427 3585 514 3639 esse,
531 3575 619 3649 patet
634 3583 676 3626 ex
692 3562 915 3648 sequentibus:

444 3678 481 3738 A.
507 3673 619 3740 Cultus
643 3684 735 3757 atquc
756 3671 900 3736 adoratio
925 3672 1072 3761 integrae
1104 3686 1236 3738 staturae
1267 3674 1352 3738 velut
1382 3675 1528 3758 subjecto

389 3782 525 3849 uisunti
546 3781 711 3856 tribuitur,
734 3783 824 3846 etad
845 3803 1018 3867 personam
1040 3782 1171 3868 proprie
1192 3782 1340 3847 refertur.
1366 3783 1445 3849 Cum
1461 3785 1529 3869 jam

396 3905 614 3981 epaenetum,
641 3890 744 3956 divina
761 3904 792 3955 et
807 3893 958 3967 humana,
974 3892 1007 3957 in
1024 3892 1143 3958 unitate
1160 3913 1319 3978 personae
1337 3891 1435 3956 Verbi
1451 3891 1526 3957 divi-

405 4024 491 4088 ‚per
516 4023 609 4089 quam
631 4000 793 4075 subsistit,
817 4022 901 4067 nexu
927 4001 1138 4067 indissolubili
1171 4003 1352 4087 copuletur,
1384 4023 1528 4089 sinusque

409 4111 619 4188 *stas-Filius
641 4110 717 4185 Dei,
739 4123 791 4175 est
812 4124 904 4198 atquc
927 4134 1000 4176 cum
1023 4124 1136 4178 natura
1167 4113 1301 4206 humana
1331 4131 1528 4197 nequaquam

417 4242 461 4296 se,
477 4222 535 4286 sed
551 4242 610 4306 per
626 4240 800 4305 personam
817 4220 955 4284 divinam
977 4221 1120 4285 increata
1143 4218 1331 4285 excellentia
1346 4220 1528 4304 pollentem,

422 4329 505 4395 *statz
531 4328 718 4394 necessario
741 4328 828 4413 ipsa,
851 4329 1030 4415 etquidem
1054 4351 1118 4392 uno
1141 4331 1316 4414 eodemque
1333 4329 1417 4392 cultu
1433 4329 1526 4393 abso·

431 4460 491 4505 eum
506 4439 616 4503 Verbo
634 4437 740 4501 divino
758 4438 921 4503 adorande
936 4450 996 4502 est.
1022 4439 1223 4523 Quapropter

442 4551 482 4613 B.
499 4548 722 4632 Apostolus
740 4546 860 4611 diserte
877 4548 987 4622 docet,
1004 4546 1168 4613 Christum
1184 4545 1267 4621 ideo,
1283 4545 1357 4633 quia
1372 4545 1527 4614 obediens

457 4669 509 4723 est
530 4678 629 4743 usque
651 4657 690 4720 ad
707 4669 844 4720 mortem
867 4657 991 4732 crucis,
1013 4659 1155 4742 adeoque
1179 4668 1213 4719 ut
1228 4656 1406 4730 hominem,
1423 4658 1526 4722 aDeo

454 4789 520 4842 um,
544 4766 635 4855 eique
656 4788 772 4831 nomeu
795 4768 945 4831 donatum
962 4788 1054 4842 esse,
1078 4776 1164 4848 quod
1178 4780 1227 4832 eet
1243 4788 1341 4855 super
1357 4787 1449 4831 omne
1463 4788 1527 4839 ssu-1
