3775 5625
342 571 443 632 Deum
469 577 575 629 certos
591 565 731 628 homines
748 577 818 627 aute
836 563 979 645 praevisa
995 562 1199 645 eorummale
1215 563 1342 640 merita,
1361 584 1422 628 nort
1439 563 1532 630 solun

345 682 382 742 ab
400 690 528 740 aeterna
549 680 698 741 felicitate
724 679 908 747 excludere,
930 696 1040 737 verum
1069 677 1162 737 etiam
1182 678 1290 754 poenis
1311 678 1456 755 positivis
1483 698 1533 738 seu

330 809 461 869 ¹poenae
493 807 606 847 sensus
631 786 774 848 addicere
796 790 876 847 velle
888 785 911 864 ¹)
919 810 928 858 ;
961 797 993 847 et
1014 796 1130 847 tantum
1153 786 1183 844 in
1201 805 1237 845 co
1254 806 1314 845 non
1331 788 1415 847 inter
1433 807 1533 849 omnes

345 899 563 970 conveniebat,
580 907 684 956 utrum
700 907 771 957 ante
787 897 906 973 lapsum
922 906 1176 974 protoparentum
1193 897 1390 973 praevisum,
1408 918 1448 959 an
1464 918 1534 959 vero

345 1020 417 1087 post
432 1008 522 1084 bujus
539 1005 766 1083 praevisionem
782 1006 855 1065 illud
873 1005 1061 1066 decreverit.
1101 1005 1160 1085 nli,
1178 1006 1229 1082 qui
1244 1006 1331 1083 prius
1349 1009 1536 1078 statuebant,

345 1116 612 1196 antelapsarii,
643 1115 694 1193 qui
723 1115 892 1190 posterius,
923 1124 1024 1191 post·
1057 1132 1112 1173 sen
1144 1115 1436 1191 superlapsarii
1469 1118 1537 1179 dicti

347 1238 429 1289 sunt.
469 1227 568 1304 Quam
593 1223 797 1301 posteriorem
825 1223 1011 1284 sententiam
1046 1242 1163 1301 quoqne
1184 1224 1399 1285 Jauscnius
1426 1236 1537 1288 tuetur.

346 1337 449 1398 Docet
471 1335 551 1394 enim
573 1334 641 1402 bic,
661 1336 761 1392 Deum
784 1351 840 1393 nec
857 1352 945 1403 vere,
961 1352 1018 1392 nec
1035 1334 1159 1409 proprie
1177 1335 1257 1393 velle
1274 1353 1382 1394 omnes
1398 1335 1538 1395 homines

275 1490 278 1495 >
344 1448 449 1505 salvos
471 1440 596 1517 lieri²);
620 1452 709 1519 atque
734 1452 852 1501 tantum
873 1461 949 1501 vere
970 1452 1110 1519 paratum
1127 1461 1197 1501 esse
1215 1444 1252 1503 ad
1269 1443 1385 1505 dandas
1403 1447 1540 1525 gratias,

344 1574 420 1633 quas
438 1563 509 1613 ante
525 1562 688 1630 peccatum
705 1551 901 1620 conferebat,
926 1569 1003 1628 quae
1021 1552 1141 1628 quidem
1157 1553 1188 1612 in
1205 1571 1239 1611 se
1257 1554 1460 1625 sufficereut,
1482 1574 1540 1615 nou

344 1684 419 1724 vcro
436 1665 534 1723 relate
551 1663 588 1721 ad
605 1661 781 1738 praesentis
798 1660 929 1719 hominis
948 1662 1202 1721 circumstantias
1219 1660 1428 1741 sufficiunt3),

450 1771 612 1832 Sententia
639 1770 675 1829 de
702 1771 844 1829 absoluta
869 1770 1088 1844 reprobatione
1111 1771 1244 1848 positiva
1261 1772 1298 1830 ab
1313 1774 1465 1836 Ecclesia
1483 1776 1540 1835 Ga·

345 1884 460 1944 tbolica
475 1882 593 1941 diserte
610 1879 730 1955 rejecta
745 1888 803 1938 est.
844 1878 951 1954 Quoad
968 1879 1217 1955 reprobationem
1234 1881 1412 1959 negativam
1430 1886 1542 1946 llccle·

345 1993 392 2052 sia
408 1990 482 2050 nibil
499 1989 650 2059 delinivit;
671 1988 750 2047 unde
772 1998 804 2047 et
826 1989 912 2048 multi
933 1989 1098 2065 praecipue
1122 1990 1214 2049 medii
1231 1990 1299 2049 aevi
1316 1990 1493 2072 'l'beologi‚
1511 2004 1544 2054 ut

346 2101 527 2161 Themistae
544 2109 576 2158 et
590 2097 820 2178 Augustiniani,
839 2098 1010 2157 absolutam
1024 2100 1272 2175 reprobationem
1290 2101 1472 2180 negativam
1490 2104 1541 2162 de·

344 2210 486 2278 tendunt,
519 2207 571 2267 alii
591 2225 667 2266 vero
694 2205 939 2283 hypotheticam,
962 2207 998 2266 ad
1023 2226 1098 2285 quos
1114 2209 1270 2285 pertinent
1285 2213 1400 2270 Patres
1426 2213 1543 2290 antiqui

345 2338 442 2398 nsque
475 2319 512 2378 ad
533 2316 740 2396 Augustinum
763 2334 885 2386 omnes,
908 2326 940 2376 et
959 2316 1042 2375 inter
1066 2316 1244 2397 'l'beologos
1261 2320 1458 2380 recentiores
1475 2322 1542 2382 fcrc

347 2446 463 2489 omnes.

455 2534 540 2597 Esse
562 2552 640 2597 vero
664 2552 780 2597 revera
794 2532 1035 2618 reprobationis
1052 2535 1236 2609 decretum,
1256 2547 1321 2600 tam
1338 2547 1465 2600 certum
1482 2549 1543 2611 est,

348 2664 441 2729 quam
467 2654 590 2707 certum
611 2654 680 2716 est,
713 2662 787 2705 esse
810 2642 910 2717 tales,
934 2641 987 2727 qui
1002 2664 1022 2706 a
1037 2641 1187 2708 felicitate
1205 2656 1335 2710 aeterna
1349 2645 1544 2711 excludendi

347 2764 431 2827 sunt,
447 2763 480 2816 et
495 2748 625 2818 miseria
640 2763 773 2816 aeterna
788 2748 957 2826 afficiendi,
973 2763 1067 2838 atque
1084 2773 1177 2838 quam
1193 2752 1397 2820 manifestum
1414 2767 1485 2830 est,
1502 2754 1543 2819 nil

347 2875 439 2927 extra
454 2861 558 2926 Deum
579 2859 649 2925 sine
670 2863 740 2945 ejus
757 2861 918 2925 voluntate
940 2860 1066 2927 efficaci
1081 2861 1168 2937 lieri,
1185 2883 1287 2949 neque
1303 2862 1376 2928 fieri
1393 2885 1497 2948 posse
1504 2871 1541 2945 ⁴).

348 2973 549 3058 Quapropter
566 2982 598 3034 et
1555 2974 1559 2979 ’

454 3103 495 3162 A.
514 3096 702 3164 Christus
718 3096 906 3162 Dominus
930 3096 1069 3163 definitis
1090 3098 1198 3163 verbis
1215 3098 1327 3173 tradit,
1349 3099 1542 3186 supplicium

346 3206 496 3294 reprobis
512 3205 584 3270 inde
601 3207 640 3270 ab
657 3218 790 3271 aeterno
806 3219 953 3291 paratum
969 3228 1052 3271 esse.
1074 3210 1166 3271 Tenc
1182 3213 1268 3271 dicet
1282 3210 1418 3289 (Filius
1433 3217 1542 3274 bomi-

346 3321 443 3399 nis),
469 3315 526 3390 ait,
542 3324 575 3378 et
588 3323 657 3397 bis,
676 3323 732 3399 qui
748 3340 768 3378 a
784 3303 932 3380 sinistris
948 3326 1063 3379 erunt:
1090 3319 1258 3381 Discedite
1274 3341 1296 3381 a
1311 3341 1361 3380 me
1378 3323 1543 3384 maledicti

348 3435 383 3490 in
397 3434 501 3506 tynam
518 3435 699 3500 oeternum,
716 3433 782 3506 qui
793 3434 966 3507 paratus
982 3435 1043 3489 est
1058 3428 1213 3513 dadolo,
1232 3437 1265 3490 et
1279 3431 1406 3507 annalis
1422 3435 1498 3507 ejus
1506 3430 1541 3505 ⁵).

362 3607 365 3611 .
452 3557 493 3617 Β.
510 3553 597 3616 ldem
614 3573 738 3638 quoque
754 3553 872 3617 docent
888 3555 948 3617 SS.
964 3555 1119 3628 Patres,
1136 3552 1199 3639 qui,
1215 3567 1250 3617 ut
1266 3575 1365 3638 snpra
1380 3569 1540 3622 monstra·

348 3662 467 3736 vimus,
483 3682 548 3724 non
564 3672 685 3725 tantum
702 3661 787 3725 illam
804 3684 889 3738 esse,
907 3662 1036 3727 disertis
1051 3663 1160 3727 verbis
1175 3664 1317 3739 uadunt,
1334 3666 1394 3729 sed
1412 3679 1446 3730 et
1471 3687 1539 3731 ean-

350 3772 432 3845 dem,
447 3782 545 3854 prout
559 3769 900 3855 praedestinationem,
917 3793 935 3836 a
951 3771 1077 3836 nemine
1095 3771 1332 3839 catholicorum
1349 3775 1483 3863 negari,
1498 3788 1539 3839 te·

350 3880 521 3960 stantur⁶).

456 3992 492 4054 0.
514 3991 584 4054 Nec
605 4010 669 4053 non
685 3988 769 4052 idem
787 3990 911 4054 solenni
934 3989 1151 4056 declaratione
1178 3990 1329 4056 stabilivit
1349 3991 1539 4058 universalis

347 4099 515 4164 Ecclesiae
525 4098 713 4173 auctoritas,
731 4119 812 4184 quae
829 4121 888 4163 suo
900 4121 1055 4192 canonem
1074 4100 1191 4166 Cone.
1209 4099 1410 4165 Valentini
1427 4123 1456 4166 a.
1469 4101 1539 4167 855.

459 4386 482 4474 ¹)
501 4389 545 4451 Of.
571 4389 713 4451 Oalvin.
746 4395 823 4452 Iasi.
841 4395 860 4451 l.
878 4396 909 4457 3.
927 4413 951 4453 e.
970 4397 1019 4454 21.
1035 4415 1065 4455 n.
1084 4398 1111 4454 7.
1145 4394 1221 4456 Gen.
1242 4391 1338 4457 1569.
1357 4414 1387 4473 p.
1405 4390 1484 4458 592.
1502 4429 1537 4440 -

353 4481 443 4560 Oonf.
462 4481 573 4542 Gallie.
591 4489 648 4541 art.
667 4485 716 4544 12.
735 4483 811 4544 corr.
829 4484 927 4563 Oonffi
944 4487 1029 4548 Ecel.
1044 4485 1168 4563 reform.
1186 4487 1222 4547 L.
1242 4482 1339 4548 1840.
1356 4507 1388 4565 p.
1405 4481 1484 4548 332.
1501 4521 1537 4532 -

353 4570 379 4647 ²)
397 4571 441 4632 of.
459 4575 506 4631 De
520 4579 599 4647 prot.
629 4573 703 4633 our.
722 4576 741 4634 l.
759 4577 788 4634 3.
807 4593 832 4635 c.
849 4578 899 4636 20.
932 4576 972 4638 Τ.
989 4572 1019 4635 3.
1037 4596 1066 4655 p.
1087 4572 1160 4638 157.
1180 4574 1297 4639 161.c.
1315 4573 1345 4636 1.
1363 4576 1400 4637 Β.
1417 4597 1450 4655 p.
1470 4574 1537 4638 162.

350 4682 375 4720 c.
397 4661 425 4723 1.
443 4663 479 4723 B.
512 4699 556 4707 -
590 4662 618 4736 ³]
645 4663 690 4724 Of.
708 4666 727 4724 l.
744 4667 774 4725 3.
792 4685 816 4726 e.
835 4668 885 4726 17.
917 4687 948 4744 p·
968 4663 1042 4728 153.
1061 4687 1085 4726 c.
1103 4664 1134 4729 2.
1150 4668 1188 4730 E.
1220 4702 1263 4712 -
1297 4664 1327 4738 ⁴]
1357 4665 1402 4728 cf.
1436 4668 1536 4728 Mattb.

350 4749 419 4907 25,5
422 4751 475 4816 24,
495 4751 522 4831 7,
543 4751 592 4818 13.
613 4751 641 4815 1.
659 4753 729 4816 Cor.
748 4752 777 4825 6,
796 4752 825 4818 9.
852 4792 893 4808 -ν
919 4753 1222 4838 ὅ)Μιιιι1].25,41.
1244 4794 1288 4806 -
1312 4755 1450 4840 ⁶)Ol.§
1470 4753 1534 4822 119.
