3775 5625
733 606 1011 681 Articulus
1041 610 1072 679 1.

509 832 770 911 Demunera
799 833 973 912 Christi
1005 838 1296 925 sacerdotali,

690 1049 716 1130 ξ.
733 1046 800 1116 oo.
817 1048 1122 1119 Prooemium.

598 1171 605 1205 i

409 1246 647 1309 luter-munera
672 1242 801 1308 Christo
824 1241 962 1307 Donino
984 1244 1147 1308 hominum
1170 1245 1395 1310 salvandorum
1417 1267 1498 1333 ergo
1536 1235 1554 1297 i

316 1354 492 1420 >mandata
523 1350 593 1416 sine
614 1350 709 1416 dubio
731 1351 835 1436 primo
857 1353 930 1417 loeo
956 1375 1091 1417 munus
1109 1354 1360 1419 sacerdotale
1376 1377 1496 1440 ponen-

316 1485 371 1528 1m
395 1476 454 1528 cst.
493 1462 575 1528 Nam
598 1483 713 1525 munus
737 1462 938 1527 sacerdotale
960 1464 1194 1547 quodammodo
1221 1464 1310 1529 basis
1333 1485 1371 1528 ac
1387 1464 1497 1529 lunda·

316 1584 444 1636 entum
469 1570 611 1636 muneris
634 1570 717 1659 regii
741 1583 806 1645 est,
838 1582 932 1657 atque
957 1572 1143 1637 necessaria
1158 1572 1301 1638 muneris
1318 1574 1499 1659 prophetici

316 1681 461 1757 auditio,
492 1681 537 1745 ita
567 1692 602 1745 ut
624 1680 699 1744 illud
722 1680 791 1746 sine
823 1702 955 1745 inuuere
978 1682 1171 1747 sacerdotali
1186 1704 1326 1767 prorsus
1347 1682 1416 1747 dari
1432 1704 1496 1747 non

316 1790 422 1866 rasit,
445 1792 509 1855 hoc
525 1805 631 1856 autern
654 1792 767 1855 saltem
789 1803 877 1855 esset
896 1791 991 1856 inane
1013 1813 1051 1856 ac
1067 1791 1187 1856 inutile.
1226 1792 1354 1857 Etenim
1370 1790 1433 1856 nisi
1449 1814 1497 1857 re·

316 1899 421 1964 amtio
443 1900 476 1963 in
498 1921 534 1965 se
558 1912 690 1985 peracta
714 1900 772 1964 sit:
806 1901 844 1964 de
869 1900 939 1985 ipsa
955 1898 987 1963 in
1005 1900 1099 1965 nobis
1115 1900 1322 1986 perficienda,
1345 1900 1377 1964 id
1394 1914 1444 1965 est
1460 1902 1499 1965 de

316 2020 416 2073 ostra
438 2008 693 2075 sanctificatione
714 2031 753 2074 ac
767 2008 1000 2093 justificatione
1017 2031 1074 2095 per
1090 2010 1228 2098 gratiam
1245 2010 1397 2085 divinam,
1420 2031 1498 2096 qnae

316 2118 432 2183 onnisi
447 2141 506 2204 per
522 2119 636 2183 merita
653 2118 772 2185 Christi
794 2139 854 2202 pro
871 2118 965 2183 nobis
982 2119 1071 2203 passi
1087 2140 1125 2183 ac
1142 2119 1260 2184 mortui
1278 2121 1387 2194 datur,
1410 2119 1498 2207 cogi·

316 2241 371 2289 tre
404 2250 468 2292 non
500 2227 583 2291 licet.
623 2229 727 2291 Porro
749 2226 812 2291 nisi
833 2226 984 2302 redemti,
1006 2239 1100 2314 atque
1116 2241 1250 2314 propter
1266 2228 1499 2293 redemtionem

316 2346 420 2401 actam
436 2337 647 2425 pergratiam
664 2335 802 2400 divinam
818 2336 978 2400 intellectu
1003 2349 1096 2423 atque
1117 2336 1219 2401 libero
1236 2336 1370 2403 arbitrio
1387 2337 1499 2411 sanati,

317 2442 430 2511 critati
461 2448 574 2532 plenae
606 2445 847 2532 percipiendae,
880 2458 991 2530 utpote
1013 2446 1131 2511 infirmi
1153 2468 1191 2511 ac
1208 2449 1357 2535 sublege
1374 2446 1499 2531 peccati

317 2556 485 2632 anathoti,
506 2557 590 2620 haud
607 2577 719 2620 sumus
735 2576 848 2640 pares,
865 2568 958 2641 atque
976 2577 1067 2621 mens
1083 2556 1168 2620 illam
1184 2570 1249 2622 tarn
1266 2578 1389 2642 parum,
1406 2576 1500 2640 quarn

319 2663 416 2731 culus
433 2668 568 2730 obtusus
585 2664 664 2730 solis
680 2662 849 2730 meridiani
866 2666 1072 2749 splendorem
1093 2666 1240 2750 perferre
1262 2663 1392 2737 valebit;
1427 2686 1500 2730 nam

316 2768 505 2841 olummodo
529 2776 625 2840 homo
648 2774 837 2860 spiritualis,
868 2775 898 2839 h.
915 2796 942 2840 c.
967 2787 1140 2840 renovatus
1161 2796 1199 2841 ac
1224 2788 1451 2864 regeneratae,
1469 2788 1500 2841 et

317 2883 409 2950 rana
423 2898 562 2950 mentem
578 2884 771 2948 illuminante
789 2897 883 2969 atquc
904 2885 1101 2949 voluntatem
1123 2898 1346 2950 commovente
1363 2886 1500 2969 adjutus,

316 2997 395 3064 >tus
412 2994 551 3060 efficitur
569 2995 757 3058 adverbum
774 2992 914 3057 divinum
930 2992 1127 3059 inconcussa
1143 2994 1204 3059 lide
1215 2995 1399 3069 tenendum,
1416 3007 1449 3059 et
1459 2994 1499 3058 ad

316 3090 400 3169 hm
415 3106 454 3169 ad
471 3107 542 3191 ejus
559 3123 704 3168 normam
722 3101 997 3168 conformandam.

583 3333 608 3414 ς.
626 3329 693 3399 (ti.
717 3332 890 3401 Munus
906 3332 1215 3401 sacerdotale.

407 3535 468 3597 Est
483 3544 589 3597 autem
605 3553 719 3597 munus
737 3533 938 3597 sacerdotale
955 3553 993 3597 ea
1010 3532 1119 3618 operis
1137 3522 1271 3607 Christi,
1293 3552 1351 3597 sen
1375 3533 1498 3596 redem-

316 3634 400 3706 ,nis
411 3654 543 3706 nostrae
559 3663 646 3726 parc,
664 3662 724 3729 qua
739 3642 821 3726 ipse,
837 3642 1050 3727 Deus-homo,
1061 3663 1120 3706 sua
1130 3640 1347 3707 humiliatione
1359 3663 1398 3706 ac
1408 3661 1498 3726 prae·

317 3754 393 3818 rue
412 3764 515 3817 morte
534 3773 570 3816 se
586 3774 645 3836 pro
662 3773 784 3839 genere
807 3754 944 3815 hunuano
966 3751 1128 3817 victimam
1145 3752 1339 3837 piacularem
1356 3752 1425 3815 Deo
1443 3751 1498 3815 ob·

316 3843 386 3931 stit,
419 3875 454 3927 ut
485 3862 579 3926 nohis
605 3874 812 3947 peccatorum
848 3861 973 3926 veniam
1013 3875 1160 3945 pararet,
1192 3874 1224 3926 ct
1256 3882 1316 3924 nos
1348 3862 1417 3924 Deo
1449 3881 1498 3924 re·

316 3968 501 4034 stneiliaret.
520 3970 709 4036 Sacerdotis
742 3973 826 4036 enim
859 3983 911 4035 est
942 3969 1103 4036 sacrificia
1134 3972 1204 4035 Deo
1236 3970 1362 4042 facere,
1395 3977 1501 4032 omnis

316 4074 389 4138 nim
417 4085 595 4161 paulisco,
630 4093 664 4145 nt
695 4080 738 4144 ait
769 4081 1011 4165 Apostolus,
1044 4084 1090 4142 ad
1119 4083 1321 4162 offerendum
1347 4099 1497 4158 manera,

317 4178 334 4229 l
352 4187 478 4252 hostiae
495 4198 707 4253 constituitur
722 4193 758 4270 ¹),
775 4200 808 4253 et
822 4195 896 4253 dein
913 4198 1012 4253 etiam
1025 4213 1088 4272 pro
1103 4192 1225 4272 populo
1244 4193 1428 4270 deprecari,
1442 4209 1500 4251 seu

316 4296 516 4364 sllerecdere.
554 4299 644 4363 Unde
664 4299 717 4375 fit,
741 4311 776 4363 ut
798 4321 816 4363 a
835 4299 943 4364 multis
966 4299 1145 4387 Theologis
1167 4295 1361 4363 intercessio
1379 4296 1498 4362 Christi

316 4409 369 4468 '¹'o
383 4409 474 4473 nobis
492 4410 531 4473 ad
547 4432 661 4474 rnnnus
678 4413 749 4495 ejus
766 4411 967 4475 sacerdotale
984 4411 1137 4484 trahatur,
1155 4429 1233 4495 qnae
1250 4421 1356 4472 tamen
1374 4408 1412 4470 alr
1430 4405 1499 4469 aliis

317 4518 424 4582 acius
441 4519 480 4582 ad
497 4540 612 4583 munus
629 4520 753 4606 regium
769 4520 922 4594 relertur,
943 4520 1028 4604 qnod
1050 4518 1188 4604 alioquin
1206 4516 1333 4581 {nonnisi
1349 4516 1432 4581 illins
1450 4528 1500 4579 est

319 4627 503 4693 0ntinuatio
521 4649 559 4692 ac
577 4629 820 4694 corisummatio

316 4746 524 4779 Q...-

412 4826 440 4918 1)
456 4831 554 4906 Hebr,
573 4830 604 4907 8,
621 4829 651 4900 3.
669 4832 713 4901 Of.
730 4828 761 4908 5,
780 4831 809 4900 1.
826 4833 945 4896 Oatech.
962 4834 1049 4894 Rom.
1066 4830 1114 4895 ed.
1130 4830 1218 4894 Vien.
1235 4852 1265 4912 p.
1283 4826 1335 4890 29.
