3775 5625
444 433 511 500 436

550 600 660 683 Neque
677 610 781 661 sutem
796 597 881 672 illud,
899 619 961 682 quo
974 595 1203 684 nragistrornm
1221 596 1315 661 effata
1331 597 1478 662 emollire
1496 597 1624 661 nonnulli

443 710 580 781 student,
597 706 721 771 scilieet
735 706 767 769 in
780 705 1012 790 justificatione
1028 704 1253 769 remissionem
1265 718 1477 789 peccatorum
1488 706 1625 791 primum,

442 837 638 903 nequaqnam
659 828 763 879 autem
787 836 913 879 omnem
934 817 1040 878 locum
1063 814 1223 889 obtinere,
1246 836 1342 879 sanae
1364 815 1483 880 rationi
1504 815 1624 900 probari

443 938 561 1011 potest.
599 925 695 997 Nam,
729 924 852 987 omisso
875 923 970 987 ctiam
991 924 1069 997 hoc,
1099 923 1397 1007 interpretationem
1420 924 1506 989 illam
1523 937 1625 988 contra

443 1047 581 1100 mentem
612 1045 778 1097 auctorum
810 1032 858 1096 sie
882 1033 984 1096 dictae
1010 1031 1248 1096 reformationis
1270 1046 1302 1097 et
1323 1055 1457 1098 sensum
1478 1034 1624 1097 librorum

441 1144 692 1229 symbolicarum
708 1142 957 1205 Protestantium
974 1140 1063 1216 fieri,
1085 1142 1114 1205 si
1134 1141 1217 1205 inter
1234 1142 1526 1208 sanctificationem
1542 1153 1623 1227 atque

439 1256 522 1319 inter
539 1252 648 1335 cnlpae
666 1263 837 1334 etpoenae
854 1250 1123 1315 condonationem
1145 1250 1333 1315 discernere
1350 1254 1460 1336 juvat:
1484 1252 1555 1317 sine
1577 1254 1623 1315 du·

440 1362 492 1426 bio
509 1359 583 1424 hiric
599 1359 716 1444 potins,
734 1381 797 1423 non
813 1371 919 1423 autem
934 1358 978 1422 illi
994 1359 1116 1444 primus
1133 1359 1320 1424 tribuendus
1333 1372 1384 1424 est
1400 1362 1511 1434 locus;
1528 1383 1624 1447 quum,

439 1469 583 1556 quamvis
615 1467 765 1532 remissio
798 1469 910 1552 crrlpae
933 1488 970 1531 ac
992 1488 1115 1551 poenae
1141 1481 1273 1553 propter
1295 1471 1364 1533 sola
1380 1470 1496 1534 merita
1515 1470 1624 1535 Christi

438 1579 502 1655 list,
521 1592 625 1643 tamen
642 1578 843 1641 solummodo
861 1576 967 1664 dignis
985 1576 1189 1664 contingere,
1211 1590 1243 1641 et
1259 1578 1398 1665 dignitas
1415 1578 1503 1643 illam
1520 1601 1622 1644 ncces·

437 1688 523 1753 sario
541 1688 745 1771 praecedere,
762 1685 891 1749 minime
906 1707 985 1750 vero
1003 1686 1155 1771 subsequi
1172 1686 1286 1769 possit.

545 1820 604 1877 His
621 1819 852 1893 haudquaquam
875 1819 997 1876 obstant
1013 1818 1108 1876 rerba
1129 1816 1412 1895 Psalmistae¹),
1435 1836 1515 1893 quae
1540 1818 1621 1876 etiam

437 1930 584 1989 aPaulo
606 1929 635 1985 in
660 1946 716 1986 sua
738 1930 775 1986 ad
799 1930 983 1987 Romanos
1011 1928 1178 2003 epistola²)
1195 1928 1375 1986 laudantur:
1400 1925 1522 2003 Beati,
1547 1945 1621 2007 quo·

435 2019 510 2098 rum
541 2040 701 2095 remissae
721 2042 801 2095 sunt
824 2040 1028 2115 iniquitates,
1053 2042 1086 2095 et
1107 2055 1247 2114 quorum
1269 2041 1372 2094 tecta
1389 2040 1471 2094 sunt
1482 2041 1620 2114 peecata.

435 2148 563 2207 Beatus
583 2150 649 2222 air,
669 2150 722 2204 aui
738 2165 811 2206 non
829 2150 936 2223 impu
946 2151 1047 2204 tavit
1060 2144 1224 2204 Dominus
1237 2150 1408 2222 peceatum
1413 2187 1425 2220 ,
1453 2165 1517 2204 nea
1533 2149 1618 2203 estin

434 2262 555 2335 spiritu
576 2256 648 2330 aas
671 2254 777 2314 dotas.
818 2256 892 2311 Nam
919 2264 1064 2331 tutorque,
1097 2264 1159 2312 turn
1177 2254 1344 2312 Psalmista
1366 2263 1430 2311 turn
1448 2255 1618 2330 Apostolus,

432 2487 552 2547 Deinde
583 2486 672 2546 etiam
702 2490 947 2566 regeneratio
979 2509 1067 2566 saepe
1094 2507 1154 2563 pro
1184 2488 1498 2547 sanctificatione
1530 2494 1556 2546 et
1583 2506 1619 2546 re·

435 2578 601 2648 novatione,
618 2598 693 2652 quae
701 2577 779 2654 fidei
795 2578 1045 2655 justificationem
1061 2580 1213 2654 sequitur,
1230 2584 1407 2655 usurpatur.
1433 2614 1477 2622 —
1502 2577 1620 2647 Quando

435 2675 533 2728 auum
548 2670 696 2742 docemus,
712 2672 793 2745 quod
803 2688 862 2743 per
878 2670 1082 2747 operationem
1105 2669 1242 2747 Spiritus
1258 2668 1291 2729 S.
1308 2687 1524 2744 repeneremur
1543 2671 1621 2747 uju

435 2759 607 2837 shflcemun
624 2781 685 2819 aon
700 2760 746 2820 ita
762 2759 971 2833 accipiendum
987 2777 1039 2836 est,
1057 2764 1137 2838 quod
1145 2760 1324 2839 justificatis
1342 2766 1371 2820 et
1385 2762 1506 2821 renatis
1527 2762 1620 2820 nulla

434 2871 594 2930 prorsus
610 2850 809 2930 injustitia
826 2853 1184 2929 (pestrepenerationem)
1202 2851 1443 2911 substantiae
1460 2852 1619 2931 ipsorum

436 2950 465 3002 et
488 2942 710 3002 connersationi
740 2945 921 3002 adhaereat:
953 2947 1006 3002 sed
1032 2946 1112 3019 quod
1138 2942 1281 3002 Christus
1304 2942 1536 3020 perfectissimo
1565 2945 1617 3000 ohe·

436 3033 551 3093 dientiu
566 3053 624 3091 sua
639 3033 741 3093 omnia
756 3033 893 3110 ipsorum
909 3040 1031 3111 peccata
1048 3041 1155 3109 tepet,
1174 3054 1249 3109 praue
1272 3033 1393 3107 quidem
1409 3033 1453 3091 in
1470 3035 1484 3092 i
1489 3055 1556 3113 psa
1570 3054 1618 3092 na·

436 3132 521 3183 tura
543 3124 592 3202 (in
607 3127 663 3183 hac
678 3125 756 3199 uita)
774 3127 871 3182 adhue
888 3124 1022 3202 infima
1037 3129 1200 3185 haerent.
1226 3123 1437 3183 Nihilominus
1463 3133 1561 3187 tamen
1573 3142 1618 3203 ptr

428 3215 524 3292 fidem
548 3221 674 3293 propter
698 3214 895 3274 obedientiam
912 3215 1031 3275 Christi
1048 3218 1151 3293 (quam
1173 3215 1315 3277 Christus
1332 3215 1403 3274 inde
1431 3237 1453 3275 α
1477 3217 1618 3278 nahuitde

434 3327 492 3366 sua
507 3326 602 3382 usque
618 3309 659 3365 ad
675 3305 998 3382 ipnominiosissimam
1024 3306 1123 3365 crucis
1147 3313 1271 3366 mortem
1285 3325 1346 3381 pro
1362 3307 1453 3366 nohis
1469 3307 1562 3369 Patri
1574 3324 1616 3366 suo

434 3397 619 3477 praestitit),
636 3397 709 3457 honi
725 3405 752 3456 et
764 3397 848 3476 justi
863 3397 1103 3474 pronuntiantur
1119 3405 1146 3456 et
1160 3404 1355 3475 reputantur,
1374 3397 1501 3459 etiarnsi
1515 3399 1617 3459 rationi

439 3495 601 3565 corruptae
631 3496 759 3547 naturae
791 3507 862 3546 suae
894 3491 993 3546 adhuc
1018 3488 1098 3547 sint
1118 3495 1363 3563 maneantque
1399 3499 1615 3566 peccatores,
1655 3480 1657 3525 ³

439 3583 511 3638 dum
526 3580 653 3637 mortale
669 3582 723 3637 hoe
740 3598 850 3655 eorpus
867 3579 1093 3657 circumferunt.
1118 3579 1180 3640 Sed
1194 3598 1286 3654 neque
1300 3581 1355 3637 hoe
1372 3579 1537 3654 sentimus,
1553 3578 1617 3656 quod

440 3668 624 3728 liceatnobis
641 3671 751 3743 absque
765 3669 948 3745 poenitentia
964 3677 991 3729 et
1005 3670 1084 3728 uitae
1100 3669 1303 3730 emendatione
1314 3669 1450 3746 peccatis
1460 3673 1571 3749 frenos
1583 3673 1616 3728 la·

435 3779 519 3830 aare,
548 3759 582 3817 in
608 3758 708 3834 iisque
723 3779 914 3836 perseuerare
930 3767 958 3819 et
972 3761 1099 3820 subinde
1115 3780 1247 3838 perpere.
1275 3761 1398 3835 Oportet
1414 3762 1500 3823 enim
1513 3779 1615 3842 praect-

436 3854 504 3910 dere
516 3870 618 3910 aeram
634 3858 661 3908 et
675 3871 736 3909 non
752 3850 844 3909 simul
864 3858 924 3910 tam
940 3851 1157 3913 contritionem.
1182 3853 1224 3909 Et
1239 3850 1292 3925 qui
1306 3871 1391 3910 mua
1404 3853 1522 3928 pratia,
1538 3860 1570 3912 ut
1582 3851 1614 3911 di·

434 3942 545 4012 m'mus,
562 3947 687 4018 propter
701 3932 1032 4001 ionicum'mediaiorem
1049 3941 1213 4011 Christum,
1231 3948 1346 4000 tantum
1368 3943 1545 4020 perfidem,
1565 3942 1615 4003 siut

435 4033 571 4091 omnibus
588 4032 729 4109 operibus
746 4039 774 4090 et
788 4032 904 4091 meritis
921 4052 1022 4091 coram
1036 4036 1102 4091 Deo
1110 4032 1193 4110 justi
1209 4039 1288 4106 sunt,
1306 4035 1361 4092 hoe
1379 4041 1432 4104 est,
1453 4037 1487 4094 in
1501 4035 1613 4113 pretim

434 4124 501 4184 Dei
517 4123 714 4201 recipiuntur,
731 4122 779 4182 his
796 4123 885 4182 etiam
901 4123 1040 4201 Spiritus
1057 4123 1090 4184 S.
1109 4126 1214 4194 datur,
1239 4123 1291 4198 qui
1312 4132 1441 4184 renovet
1457 4134 1545 4203 utque
1559 4145 1614 4184 san·

436 4213 553 4290 chflcat,
570 4215 605 4272 in
620 4214 700 4292 ipsis
717 4213 903 4274 dilectionem
919 4235 991 4290 erpa
1006 4217 1105 4273 Deum
1121 4222 1148 4272 et
1162 4213 1335 4291 pronianum
1353 4225 1513 4292 operatur.
1532 4216 1615 4286 Quae

435 4313 534 4365 autem
549 4304 689 4364 inchoata
704 4304 759 4363 itta
775 4305 927 4364 renouat-io
943 4306 978 4364 in
993 4308 1049 4364 hae
1064 4305 1128 4364 uita
1138 4305 1373 4382 sitimperfecta‚
1391 4313 1420 4364 et
1435 4314 1614 4384 peccatura

436 4399 557 4455 adhuc
574 4396 616 4453 in
631 4415 755 4469 carne,
772 4396 878 4454 etiam
893 4397 931 4455 in
947 4395 1107 4465 renatis,
1126 4395 1285 4455 habitet:
1295 4395 1518 4474 justitiafidei
1532 4414 1615 4457 corun
1655 4466 1657 4471 Ι

434 4492 502 4547 Deo
518 4486 553 4545 in
569 4487 704 4561 pratuita
728 4494 756 4546 et
775 4487 993 4562 henipaissima
1015 4486 1262 4563 imputatione
1276 4486 1467 4564 justitiae
1489 4484 1615 4549 earini

436 4581 575 4654 absque
591 4579 670 4635 ulla
685 4584 897 4641 nostrorum
913 4597 1058 4655 operum
1075 4576 1273 4636 additione
1289 4577 1442 4649 consistit,
1458 4584 1538 4656 quod
1551 4579 1613 4639 vtu-

437 4670 504 4728 licet
525 4675 647 4746 peccata
671 4668 757 4741 nohis
780 4669 937 4728 remissa
963 4676 995 4728 et
1018 4675 1119 4727 tecta
1140 4667 1235 4738 sint,
1261 4671 1505 4742 nequenobis
1522 4672 1612 4748 impu·

437 4767 571 4820 teritur,
589 4761 654 4818 LL.
672 4760 765 4836 spmh.
781 4761 819 4820 Ε.
840 4761 926 4821 [ruth.
943 4760 981 4820 L.
1001 4756 1097 4821 1847.
1114 4759 1149 4818 Ρ.
1167 4755 1197 4820 3.
1214 4779 1244 4839 p.
1264 4754 1330 4820 124
1348 4780 1373 4821 s.

548 4853 575 4936 ¹)
590 4852 642 4912 Ps.
660 4848 713 4927 31,
732 4849 827 4914 1-2.
852 4885 896 4896 -
915 4850 943 4924 ²)
960 4852 1049 4914 Rom.
1065 4847 1097 4925 4,
1117 4846 1213 4913 7-8.
1246 4847 1290 4912 (tf.
1325 4847 1359 4916 2.
1379 4850 1454 4920 Cor.
1473 4852 1568 4932 5,19.
