3775 5625
336 405 381 479 52

339 582 417 640 nime
435 581 560 651 habent,
577 590 612 640 ut
628 580 793 639 veritatem
810 580 962 656 opinionis
987 579 1084 661 illius,
1102 580 1139 639 ab
1157 579 1296 638 omnibus
1308 578 1373 655 jam
1392 580 1444 639 diu
1460 582 1529 641 reli·

338 701 420 760 ctae,
438 692 590 752 evincant.
617 690 704 766 Quod
721 692 801 749 enim

443 822 474 867 o.
491 803 528 861 ad
545 812 762 880 argumentum
780 801 911 877 primum
929 802 1038 859 attinet
1049 823 1057 871 3
1077 820 1166 877 quum
1185 801 1286 860 anima
1309 810 1341 860 et
1363 815 1479 878 eorpus
1502 801 1530 861 iu

336 910 485 970 unitatem
521 931 686 988 personae,
718 913 778 969 imo
801 911 899 987 ipsius
917 920 1046 969 naturae
1063 909 1213 969 humanae
1228 910 1473 989 conjungantur,
1505 923 1533 971 et

337 1022 486 1080 terminus
498 1022 712 1100 generationis
724 1022 792 1079 ideo
806 1039 940 1096 persona
952 1039 1007 1078 seu
1019 1020 1108 1078 homo
1121 1022 1177 1080 sit:
1196 1029 1302 1097 aperte
1319 1021 1457 1081 Adamas
1473 1022 1531 1083 dici

335 1142 439 1209 potest
461 1133 590 1191 Sethum
608 1133 645 1191 ad
670 1132 838 1210 imaginem
855 1132 1015 1210 genuisse,
1032 1131 1107 1190 licet
1121 1131 1170 1190 hic
1184 1131 1309 1208 proprie
1325 1132 1478 1208 loquendo
1496 1151 1532 1191 ex

336 1243 387 1300 illo
405 1244 594 1302 solummodo
618 1261 731 1319 corpus
756 1243 904 1323 traxerit,
921 1252 953 1301 et
968 1241 1046 1301 Levi
1062 1242 1093 1300 in
1110 1241 1221 1300 lumbis
1238 1241 1408 1301 abrahami
1424 1242 1531 1313 fuisse,

337 1354 397 1411 etsi
421 1362 539 1412 tantum
555 1352 627 1412 huic
645 1371 758 1428 eorpus
774 1353 877 1433 illius,
898 1371 1088 1429 nequaquam
1107 1354 1199 1411 etiam
1217 1353 1318 1411 anima
1333 1352 1473 1428 potentii
1488 1353 1531 1411 iu·

336 1472 416 1532 erat,
430 1464 535 1521 eodem
547 1481 678 1538 prorsus
690 1463 773 1537 jure,
791 1482 848 1540 quo
867 1472 898 1521 et
913 1464 951 1525 B.
961 1462 1076 1540 Virgo,
1094 1463 1235 1540 quoniam
1248 1462 1418 1533 Christum,
1435 1464 1532 1522 Deum

335 1572 498 1642 hominem,
516 1574 635 1650 genuit,
652 1573 851 1651 Deigenitrix
868 1572 990 1633 dicitur.
1032 1572 1149 1647 Quibus
1167 1574 1259 1631 etiam
1276 1574 1350 1631 illud
1368 1592 1531 1652 argumen-

336 1694 412 1752 tum,
429 1702 447 1741 a
463 1684 602 1759 Berlep
613 1682 718 1742 sebio
735 1684 899 1759 prolatum,
918 1683 996 1759 quod
1012 1684 1099 1740 Deus
1116 1683 1262 1742 videlieet
1278 1683 1387 1758 primis
1404 1682 1531 1742 homini·

335 1795 391 1852 bus
414 1802 446 1852 et
460 1793 491 1851 in
508 1792 556 1851 his
574 1794 714 1852 omnibus
732 1793 853 1852 omnino
871 1792 1044 1851 hominibus
1069 1793 1197 1871 generis
1218 1793 1319 1852 nostri
1334 1795 1532 1872 propagatio·

334 1923 414 1977 nem,
431 1922 509 1981 ergo
527 1904 621 1962 totius
638 1880 780 1973 hominis,
799 1914 830 1963 et
846 1922 904 1962 non
923 1904 1020 1961 solius
1034 1922 1155 1962 massae
1173 1903 1358 1979 corporalis,
1371 1904 1531 1964 demanda·

334 2014 427 2083 verit,
445 2024 537 2090 prout
555 2024 586 2072 et
602 2024 817 2092 argumentum
835 2014 937 2082 Kleei,
956 2032 974 2071 a
990 2013 1138 2087 mysterio
1150 2013 1379 2072 iucarnationis
1394 2015 1533 2089 petitum,

335 2123 502 2184 refellitur.
1289 2112 1291 2115 ¹

443 2233 472 2298 b.
496 2233 641 2292 Levioris
667 2234 813 2310 ponderis
840 2233 957 2302 adhuc,
982 2235 1032 2291 vel
1053 2234 1153 2310 potius
1172 2234 1284 2293 nullius
1301 2244 1350 2293 est
1367 2254 1532 2314 argumen-

336 2348 400 2402 tum
418 2345 606 2413 seeundum,
630 2344 708 2420 quod
736 2344 898 2402 manifeste
916 2354 1034 2403 tantum
1053 2354 1115 2402 tum
1132 2346 1264 2413 valeret,
1282 2345 1310 2402 si
1325 2345 1355 2403 in
1372 2346 1532 2421 Baptismo

336 2454 451 2513 homini
477 2455 614 2523 animus,
638 2472 697 2513 non
718 2464 793 2513 vero
821 2455 925 2532 gratia
942 2454 1114 2531 spiritualis
1131 2455 1307 2525 inderetur3
1329 2473 1399 2512 nam
1420 2473 1531 2514 sensus

335 2564 420 2623 illius
438 2566 611 2624 sententiae
630 2561 793 2624 manifeste
811 2565 860 2624 hic
879 2566 1037 2624 dumtaxat
1053 2575 1117 2634 est,
1140 2564 1278 2623 homiues
1296 2566 1341 2623 ita
1358 2584 1396 2623 en
1415 2566 1532 2642 Spiritu

336 2674 372 2738 S.
390 2686 515 2735 sanctos
539 2695 594 2735 seu
605 2676 709 2752 justos
726 2676 872 2746 renasci,
899 2676 981 2737 sicut
997 2696 1052 2753 per
1069 2686 1216 2752 parentes
1239 2675 1347 2751 injusti
1371 2685 1403 2735 et
1424 2696 1532 2754 pecca·

337 2795 423 2844 tores
441 2797 621 2852 naseuntur.

427 2917 454 2957 o.
465 2899 566 2956 Porro
578 2917 633 2957 ens
651 2898 834 2976 organicum
851 2898 912 2956 sibi
930 2897 1089 2956 consimile
1104 2917 1270 2976 generare,
1288 2897 1409 2974 quidem
1426 2918 1532 2958 verum

338 3016 396 3077 est,
415 3015 550 3067 attamen
567 3009 756 3067 solummodo
775 3027 829 3067 ens
848 3008 1042 3086 organicum,
1061 3007 1182 3065 minime
1201 3016 1303 3066 autem
1320 3017 1351 3065 et
1368 3026 1424 3066 ens
1442 3009 1532 3085 spiri·

338 3119 436 3186 tuale,
462 3119 539 3194 quod
563 3117 675 3176 naturai
698 3137 733 3178 ac
756 3117 894 3176 essentia
918 3136 1048 3192 prorsus
1072 3117 1228 3176 diversum
1246 3117 1352 3175 abillo
1371 3128 1431 3187 est,
1449 3119 1535 3196 eique

338 3238 467 3305 prorsus
485 3229 668 3304 oppositum,
687 3230 824 3306 quodque
842 3239 1030 3305 propterea,
1048 3229 1124 3305 quod
1144 3227 1293 3286 advitam
1310 3246 1398 3286 suam
1416 3230 1536 3298 attinet,

339 3357 457 3416 quoque
481 3339 605 3398 diversa
622 3359 657 3400 ac
679 3359 810 3417 prorsus
833 3340 974 3417 opposita
999 3339 1119 3398 ratione
1142 3357 1175 3395 se
1195 3338 1340 3396 exhibere
1363 3358 1419 3397 seu
1441 3338 1536 3398 mani·

339 3448 458 3508 festare
485 3451 585 3513 debet.
624 3451 709 3508 Unde
728 3451 753 3509 si
781 3451 939 3527 proprium
963 3459 1012 3508 est
1029 3449 1092 3507 enti
1109 3449 1259 3527 organico
1277 3468 1449 3527 generare:
1466 3469 1536 3527 pro·

340 3559 440 3634 prium
466 3559 590 3635 spiritui
622 3560 744 3618 nonnisi
776 3579 847 3618 esse
880 3569 984 3635 potest
1003 3547 1037 3612 τὸ
1063 3578 1122 3617 non
1146 3577 1312 3636 generare.
1343 3558 1539 3636 Quapropter

341 3668 408 3744 ipse
425 3670 503 3726 Klee
521 3669 580 3726 alio
598 3670 667 3740 loco
685 3669 818 3728 scribit:
835 3665 910 3732 iios
929 3665 1151 3732 illotutlebeo
1167 3665 1203 3748 iit
1221 3665 1268 3732 eia
1291 3665 1540 3751 pastellatico,

343 3779 402 3841 tot
420 3769 665 3857 delitectebea
684 3775 731 3841 elo
747 3775 1039 3843 iobitlboetlec.
1063 3776 1110 3845 ila
1132 3783 1185 3843 bet
1203 3773 1409 3842 ffiototoett
1432 3766 1539 3858 conto

343 3883 444 3950 tolosa
476 3884 533 3950 otte
568 3883 760 3953 debititate
784 3884 831 3951 eia
854 3876 1002 3965 deaut,
1029 3887 1060 3953 iu
1084 3892 1136 3952 bet
1158 3882 1386 3969 (delitescat
1402 3886 1438 3968 itt
1454 3885 1540 3967 jebet

341 3992 547 4062 datitiorum
580 3993 593 4075 l
602 3994 658 4060 sio
691 3989 815 4061 denuo.
856 3995 957 4077 asper
980 3996 1031 4080 liet)
1054 3995 1089 4078 iit
1106 4001 1165 4062 ont
1182 3995 1277 4062 bttoet
1293 3994 1340 4062 tie
1360 3994 1485 4074 motor,
1501 3993 1541 4058 io

343 4101 405 4188 lid)
421 4103 456 4188 {lt
475 4109 535 4170 11th
553 4103 648 4170 bilbet
663 4110 715 4171 bet
733 4101 820 4189 &tili
832 4105 872 4181 ¹).
899 4107 986 4182 Quod
1010 4118 1111 4167 autem
1134 4109 1272 4178 additur,
1299 4128 1337 4166 ex
1360 4107 1541 4166 Oroatiano·

343 4234 411 4273 rum
429 4216 570 4276 doctriua
594 4226 740 4294 parentes
768 4229 914 4278 auctores
937 4237 1008 4276 esse
1026 4227 1143 4276 tantum
1170 4236 1293 4277 massae
1312 4217 1452 4293 corporis
1470 4217 1542 4274 bru·

346 4336 395 4385 tae
414 4346 450 4386 ac
466 4327 672 4387 inanimatae:
685 4328 751 4403 jam
769 4349 807 4387 ex
824 4347 918 4406 supra
934 4329 1111 4387 observatis
1129 4327 1310 4405 colligitur,
1328 4311 1494 4404 parentes,
1506 4325 1542 4383 li·

347 4445 397 4496 eet
414 4445 530 4495 tantum
547 4438 688 4515 corporis
705 4457 780 4496 vere
799 4448 944 4499 auctores
962 4437 1034 4506 sint,
1051 4447 1177 4513 propter·
1194 4438 1333 4496 intimam
1352 4447 1454 4495 tamen
1473 4417 1542 4496 eor2

345 4545 429 4622 poris
447 4556 479 4606 et
495 4547 612 4608 animae
631 4549 783 4618 unionem,
802 4548 896 4606 totius
914 4546 1045 4605 hominis
1065 4547 1228 4624 genitores
1245 4546 1306 4607 dici
1323 4547 1447 4606 debere.

452 4657 483 4721 d.
499 4650 644 4718 Amorem
670 4660 846 4718 sensualem
863 4667 1000 4716 mutuum
1027 4658 1108 4716 inter
1134 4668 1281 4735 parentes
1308 4677 1344 4718 ac
1371 4656 1488 4716 liberos
1507 4672 1545 4714 ex

456 4861 484 4937 ¹)
501 4881 532 4939 p.
550 4843 628 4923 214.

245 4954 402 5030 A
