3775 5625
418 389 509 534 ⁸na
559 481 566 500 ,

442 593 503 660 que
519 568 666 637 Christus
682 563 838 635 Dominus
858 583 919 653 pro
936 556 1084 634 omnihus
1101 569 1246 632 mortuus
1262 556 1319 632 sit:
1352 558 1490 643 nemini,
1511 576 1544 633 et
1562 559 1625 635 ideo

442 703 567 769 quoque
583 679 808 766 peccatoribus
825 677 991 743 obduratis
1012 676 1117 765 gratia
1138 676 1323 742 necessaria
1344 678 1503 765 denegari
1519 678 1625 764 nequit,

442 811 504 877 qua
534 792 669 855 salutem
690 810 781 852 suam
806 787 961 873 consequi
982 799 1075 873 atque
1097 786 1213 851 mortis
1230 785 1350 851 Christi
1370 787 1551 872 participes
1567 786 1625 852 ficri

440 899 577 986 possint.
601 900 683 964 Nam
700 920 773 962 cum
788 919 853 962 uon
869 896 975 982 possit
990 898 1072 961 ullus
1089 896 1159 961 sine
1175 896 1403 980 praeveniente
1426 897 1550 961 anxilio
1565 918 1624 982 par·

441 1009 544 1095 ticeps
564 1029 639 1073 esse
655 1007 770 1073 mortis
789 1007 924 1082 Christi,
947 1020 980 1071 et
995 1006 1089 1092 pretii
1105 1005 1314 1071 redemtionis
1330 1008 1444 1090 hujus,
1465 1027 1571 1092 neque
1586 1027 1624 1071 sa·

439 1120 537 1183 lutem
560 1116 730 1203 consequi:
763 1117 884 1181 frustra
905 1116 1052 1182 Christus
1074 1137 1133 1201 pro
1151 1114 1298 1180 omnihus
1315 1116 1456 1199 prcfiurn
1474 1116 1624 1190 solvisset

439 1229 560 1292 frustra
591 1227 679 1291 Deus
711 1225 858 1291 omnihus
881 1227 1017 1291 salutem
1038 1225 1150 1313 largiri
1164 1228 1279 1301 vellet3
1312 1225 1340 1290 si
1364 1227 1465 1291 nollet
1488 1226 1624 1290 omnihus

438 1336 522 1401 viarn
539 1336 676 1422 aperire,
693 1356 755 1422 qua
771 1338 811 1400 ad
826 1335 1069 1410 redemtionem,
1080 1334 1345 1419 justificationem
1363 1356 1401 1400 ac
1418 1336 1521 1399 vitam
1534 1348 1623 1400 aeter·

439 1467 511 1510 nam
533 1446 702 1531 pervenire
722 1445 861 1530 possint.
900 1447 1004 1509 Porro
1025 1447 1186 1531 quomodo
1207 1446 1357 1512 Ecclesia
1379 1458 1576 1530 peccatores
1594 1445 1624 1508 ad

438 1555 695 1639 resipiscentiam
727 1555 908 1631 exhortari,
931 1568 1025 1641 atque
1051 1556 1199 1621 omnihus
1224 1556 1371 1622 fidelihus
1397 1556 1517 1622 saltem
1537 1556 1623 1621 semel

437 1685 634 1749 perannum
660 1668 870 1730 Sacramenta
895 1664 1114 1730 Poenitentiae
1135 1678 1169 1730 et
1188 1666 1411 1731 Eucharistiae
1438 1662 1622 1749 suscipiendi

417 1771 579 1837 ‘officium
610 1773 778 1861 injungere
804 1787 932 1859 posset,
965 1774 994 1839 si
1025 1787 1234 1859 peccatorum
1255 1776 1381 1862 quidem
1408 1777 1452 1839 oh
1474 1776 1621 1840 defectum

437 1882 560 1969 gratias
592 1884 796 1949 necessariae
820 1884 1016 1969 resipiscere
1037 1886 1151 1949 autad
1174 1885 1270 1973 digne
1293 1885 1504 1970 suscipienda
1521 1888 1619 1949 Sacra·

436 2003 543 2055 menta
558 2012 595 2056 se
610 2013 803 2077 praeparare
821 2015 886 2057 non
900 2005 1046 2078 possent.

541 2102 593 2165 lll.
627 2103 770 2167 'landem
791 2103 887 2168 etiam
907 2102 1089 2168 infidelibus
1121 2104 1269 2169 omnihus
1294 2105 1387 2168 datur
1408 2126 1471 2189 pro
1497 2107 1569 2170 loco
1590 2123 1618 2169 ac

436 2223 581 2296 tempore
597 2211 703 2299 gratis
720 2211 886 2278 sufficiens
903 2214 1104 2278 adsalutem.

540 2325 580 2385 A.
596 2320 725 2385 Veritas
740 2322 835 2405 hujus
851 2321 1031 2387 sententiae
1048 2322 1125 2386 item
1141 2343 1184 2387 ex
1206 2322 1248 2387 iis
1265 2322 1440 2411 colligitur,
1458 2344 1541 2409 quas
1557 2342 1618 2387 mox

410 2428 585 2532 ‚diximus
617 2430 718 2493 Deum
751 2429 875 2495 scilicet
906 2451 1019 2496 omnes
1055 2429 1203 2495 homines
1230 2432 1340 2496 salvos
1369 2430 1442 2496 ficri
1472 2433 1569 2507 velle,
1594 2442 1619 2493 et

437 2535 600 2603 Christum
630 2559 691 2622 pro
715 2538 862 2604 omnihus
883 2551 1044 2604 mortuum
1061 2560 1146 2605 esse.
1185 2541 1235 2603 Ad
1252 2561 1364 2605 omnes
1381 2541 1471 2606 enim
1487 2540 1619 2606 infideles

436 2669 561 2735 quoque
577 2648 746 2734 pertinent.
770 2649 861 2713 Unde
877 2649 973 2715 ctiam
988 2648 1134 2714 infideles
1151 2650 1190 2714 ab
1206 2650 1379 2715 universali
1397 2650 1570 2716 dilectione
1583 2647 1618 2712 di·

436 2758 509 2823 vina
525 2778 564 2824 ac
579 2757 787 2824 redemtionis
803 2758 962 2825 beneficio
980 2758 1117 2835 exclusi,
1142 2771 1174 2824 et
1195 2759 1269 2824 hinc
1290 2759 1386 2825 etiam
1411 2760 1521 2849 gratia
1537 2756 1619 2824 desti·

436 2868 504 2943 tuti,
536 2869 606 2933 sine
631 2890 693 2954 qua
723 2870 858 2933 salutem
890 2868 1058 2955 acquirere
1089 2890 1153 2932 non
1186 2883 1337 2954 possunt,
1359 2891 1435 2935 esse
1458 2880 1618 2956 nequeunt.

435 2976 518 3042 llinc
534 2998 661 3063 quoque
679 2976 860 3042 Christus
878 2977 1064 3042 Dominus
1082 2977 1198 3042 dicitur
1214 2981 1269 3042 lux
1285 2999 1373 3054 vera,
1386 3001 1470 3066 quae
1484 2980 1624 3044 illuminat

437 3107 565 3150 omnem
575 3085 736 3150 hominem
746 3086 926 3151 venientem
937 3086 970 3150 in
986 3088 1070 3173 hunc
1086 3090 1247 3164 mundum,
1265 3088 1346 3153 alios
1362 3089 1494 3154 scilicet
1511 3090 1622 3154 interne

437 3207 470 3258 et
495 3206 644 3270 externe,
677 3194 758 3259 alios
784 3196 897 3260 saltem
922 3195 1048 3262 interne
1064 3199 1211 3262 vocando
1220 3203 1256 3278 ¹).
1296 3201 1401 3283 Atque
1416 3200 1623 3284 Apostolus

438 3306 603 3378 admonet,
636 3315 671 3367 ut
698 3303 863 3368 orationes
879 3326 939 3388 pro
964 3305 1112 3370 omnihus
1127 3304 1218 3380 fiant,
1250 3308 1336 3391 quod
1357 3327 1438 3370 sane
1462 3309 1623 3374 absurdum

437 3412 531 3488 foret,
548 3411 576 3476 si
593 3411 699 3499 gratia
715 3411 896 3477 infidelibus
913 3416 1146 3478 concederetur
1163 3415 1256 3478 nulla.
1292 3417 1436 3479 Obsecro
1454 3425 1573 3498 iqitar,
1587 3415 1622 3479 in·

438 3521 518 3605 quit,
537 3529 681 3602 primum
697 3530 839 3584 omnium
852 3527 927 3604 fieri
953 3527 1206 3600 obsecrationes,
1225 3532 1414 3609 arationes,
1429 3531 1622 3607 postulatio·

438 3651 511 3712 nes,
542 3637 729 3708 qratiarnm
753 3639 900 3694 actiones
920 3654 993 3713 pro
1021 3637 1197 3696 omnibns
1217 3638 1457 3703 haminibus.
1494 3675 1536 3686 -
1565 3638 1623 3699 llos

438 3745 524 3800 enim
540 3742 659 3801 bonnm
676 3749 742 3822 est,
770 3749 803 3802 et
823 3749 991 3822 acceptam
1014 3764 1127 3805 coram
1144 3742 1323 3807 Salvatore
1337 3754 1460 3808 nostra
1479 3749 1564 3831 Deo,
1579 3750 1622 3828 qai

439 3869 569 3911 omnes
585 3856 762 3913 homines
777 3853 865 3913 vult
877 3854 1019 3914 salvas
1032 3857 1149 3936 fieri,
1168 3862 1200 3917 et
1215 3857 1261 3916 ad
1274 3861 1477 3933 aynitionem
1493 3862 1627 3931 vernas

437 3965 548 4022 venire
557 3961 593 4040 ²).

528 4071 568 4131 B.
585 4070 673 4134 ldem
689 4091 815 4156 quoquc
832 4070 1197 4150 traduntSS.Patres,
1214 4087 1249 4139 ut
1266 4074 1622 4160 Chrysostomush.

545 4319 572 4409 ¹)
589 4325 682 4388 Josn.
702 4325 731 4402 1,
748 4326 779 4389 9.
797 4363 839 4373 -
860 4330 884 4412 ²)
906 4329 934 4393 1.
952 4329 1031 4389 Tim.
1048 4327 1079 4405 2,
1098 4328 1194 4393 1-4.
1218 4365 1262 4378 -
1283 4339 1313 4408 3)
1330 4335 1424 4396 Hom.
1443 4341 1476 4398 8.
1493 4338 1528 4398 in
1547 4338 1623 4400 Joon.

439 4433 470 4480 n.
488 4417 517 4475 1.
550 4412 629 4497 Opp.
647 4414 687 4481 Τ.
705 4415 736 4484 8.
751 4441 782 4499 p.
799 4416 851 4485 48.
883 4423 922 4485 Si
944 4421 1098 4481 illuminat
1120 4442 1236 4483 omnent
1256 4424 1408 4488 honinem
1425 4428 1624 4490 venientenis

439 4507 518 4565 hanc
543 4511 702 4580 mnndum,
730 4514 877 4586 quomodo
902 4519 945 4572 tot
964 4513 1101 4574 homines
1116 4534 1178 4573 non
1193 4515 1361 4576 illuminati
1376 4523 1528 4582 manent?
1541 4556 1582 4567 -
1596 4516 1624 4581 Sl

439 4596 493 4672 qni
507 4616 577 4657 aero
592 4607 721 4678 sponte
736 4621 803 4660 sna
818 4604 953 4663 mentis
975 4607 1101 4667 ocutos
1121 4608 1351 4683 claudentes,
1374 4612 1472 4690 hujus
1494 4613 1571 4674 lucis
1583 4630 1622 4669 ro·

439 4688 508 4748 dios
521 4689 677 4769 percipere
692 4692 797 4768 nolint,
813 4713 875 4754 non
891 4715 928 4755 eac
943 4702 1055 4756 natura
1071 4696 1148 4757 lacis
1164 4697 1268 4771 evenit,
1286 4702 1368 4775 quod
1386 4701 1423 4762 in
1434 4707 1566 4765 tenebris
1574 4723 1621 4763 ma·

438 4786 545 4854 neant;
576 4784 630 4841 sed
660 4802 698 4843 eac
716 4784 852 4860 nequitia
873 4805 1000 4858 eornm,
1024 4787 1078 4863 qni
1099 4796 1204 4868 sponte
1223 4808 1255 4848 se
1274 4793 1331 4851 hoc
1356 4793 1491 4871 privant
1510 4812 1621 4859 manere

440 4869 576 4932 Gratia
592 4873 703 4952 quippe
717 4875 756 4935 in
772 4895 893 4938 omnes
908 4877 1039 4956 effosa
1055 4885 1107 4945 est.
1139 4916 1183 4925 -
1211 4879 1274 4952 Qut
1288 4901 1361 4945 acro
1378 4888 1490 4952 notant
1503 4892 1556 4952 hoc
1564 4882 1622 4969 frui

435 4963 524 5039 donn
540 4964 621 5030 hanc
635 4964 791 5052 sibiipsis
806 4968 977 5034 ineuntem
991 4969 1139 5052 imputent
1153 4979 1276 5053 oportet.
