3775 5625
1473 427 1539 495 269

355 597 419 660 mul
444 605 531 660 esset
553 596 666 668 homo,
690 592 789 679 etqui
813 595 909 656 homo
934 592 1006 667 suit,
1031 592 1124 656 simui
1146 605 1235 657 esset
1257 594 1361 666 Deus,
1382 603 1491 675 utpote
1508 604 1541 656 et

354 726 416 789 qua
438 706 525 768 Deus
546 715 578 767 et
601 724 662 787 qua
677 703 773 766 homo
789 702 821 766 in
837 704 949 766 eadem
965 723 1104 786 persona
1121 701 1302 765 subsistens
1315 703 1349 779 ¹).
1373 702 1416 763 Et
1430 700 1461 764 in
1477 699 1541 764 fine

352 811 531 898 Evangelii,
548 812 632 896 qnod
649 811 955 876 contracerinthum
971 823 1169 885 exaraverat,
1182 809 1376 874 divinitatem
1392 810 1470 873 Jesu
1486 829 1540 872 ne·

353 932 496 1005 gantem,
511 931 543 982 et
555 940 618 982 una
633 921 712 984 duas
724 940 883 1003 personas
899 919 930 983 in
948 919 1001 983 illo
1018 931 1232 983 asserentem:
1245 920 1335 981 Haeo
1350 930 1468 996 aretem,
1486 917 1539 980 in-

353 1027 433 1113 quit,
444 1034 566 1105 scripta
578 1041 665 1103 aunt,
683 1040 721 1091 ut
735 1034 884 1110 credatu,
902 1034 981 1107 puio
993 1030 1093 1090 Jesus
1108 1040 1155 1090 est
1167 1028 1332 1107 Christus,
1341 1030 1454 1089 Filius
1463 1029 1538 1107 Dei,

351 1134 373 1197 i.
383 1156 411 1198 e.
427 1148 463 1198 ut
478 1136 603 1209 Jesum,
619 1134 731 1198 Filium
745 1135 878 1209 Mariae,
898 1135 1066 1210 Messinm,
1087 1147 1119 1199 et
1134 1134 1207 1199 ideo
1225 1135 1358 1198 eundem
1375 1133 1467 1196 simui
1487 1155 1539 1197 ve·

352 1265 426 1306 rum
442 1242 502 1306 Dei
509 1242 621 1306 Filium
633 1242 775 1306 habeatis
783 1247 820 1321 ²).
838 1243 925 1306 ldem
937 1242 1075 1307 docetin
1092 1241 1267 1326 subpriori
1287 1241 1431 1325 epistola,
1448 1254 1540 1326 atque

351 1331 500 1414 fidelibus
523 1350 670 1415 inculcat.
706 1353 802 1428 Quod
827 1355 913 1426 fuit
943 1358 986 1414 ab
1017 1358 1156 1432 initio,
1190 1350 1233 1413 ait
1248 1348 1355 1413 statim
1372 1348 1541 1432 epistolam

353 1479 512 1533 exorsus,
543 1468 644 1540 quod
672 1466 869 1540 andivimus,
902 1468 1005 1539 quod
1024 1465 1162 1522 vidimus
1179 1465 1282 1522 oeulis
1296 1464 1432 1539 nostris,
1450 1496 1495 1506 —
1511 1470 1543 1521 et

353 1590 471 1630 ananus
499 1581 632 1631 nostrae
662 1580 957 1649 contrectaverunt,
974 1567 994 1631 i.
1012 1588 1039 1631 e.
1056 1568 1197 1631 Verbum
1221 1565 1377 1641 divinum,
1401 1567 1485 1651 quod
1502 1567 1540 1629 ab

354 1688 488 1739 aeterno
512 1675 683 1751 exsistens,
700 1697 718 1740 a
734 1676 828 1739 nobis
844 1676 964 1751 visum,
980 1676 1135 1750 auditum,
1158 1686 1406 1749 contrectatum,
1424 1711 1466 1721 —
1483 1697 1540 1738 an·

352 1791 545 1846 nuntiamus
559 1788 651 1846 vobis
662 1785 698 1862 ³).
722 1783 858 1847 Inferius
874 1805 968 1847 vero:
994 1788 1035 1847 In
1050 1789 1111 1847 too
1127 1790 1337 1862 supponimus
1352 1787 1542 1847 charitatem

353 1895 445 1973 Dei,
463 1898 615 1971 quonium
630 1898 700 1954 ille
715 1898 853 1955 animaru
871 1914 962 1954 auam
975 1913 1037 1972 pro
1058 1898 1151 1954 nobis
1164 1894 1321 1971 potuim).
1344 1891 1388 1954 Et
1410 1890 1541 1955 iterum:

356 2000 515 2079 Quisquis
531 2003 703 2074 coufessus
716 2003 839 2075 fuerit,
872 2007 1022 2079 quoniam
1045 2003 1168 2063 Jews
1199 2012 1248 2063 est
1275 2002 1418 2062 nitius
1447 2002 1541 2075 Dei,

353 2110 444 2170 Deua
459 2113 495 2169 in
510 2129 547 2169 eo
563 2120 683 2182 nannet,
699 2114 814 2188 etipse
829 2114 865 2170 in
879 2112 949 2171 Deo
966 2109 1001 2188 ⁸).
1025 2111 1146 2193 Atque:
1173 2108 1256 2184 ouis
1276 2120 1340 2183 eat,
1364 2114 1421 2189 qua·
1442 2114 1545 2173 vincit

353 2224 520 2296 mundum,
543 2221 608 2277 nisi
624 2221 681 2295 poi
697 2223 811 2294 credit,
837 2222 989 2295 quoniam
1011 2219 1133 2279 Jeoua
1164 2229 1214 2279 est
1242 2218 1380 2279 Filius
1408 2218 1542 2295 Dei⁶)?

354 2324 427 2388 Non
444 2344 525 2410 ergo
542 2322 622 2387 alius
637 2336 687 2387 est
710 2323 770 2387 Dei
792 2324 905 2398 Filius,
929 2323 983 2408 qui
1006 2326 1045 2388 ab
1069 2337 1201 2388 aeterno
1226 2323 1368 2399 exsistit,
1392 2346 1431 2389 ac
1446 2324 1543 2389 morti

354 2432 435 2495 haud
454 2442 505 2495 est
521 2430 697 2505 obnoxius,
720 2444 753 2495 et
776 2430 855 2496 alius
878 2431 999 2496 Mariae
1013 2432 1128 2507 Filius,
1153 2453 1246 2517 quem
1262 2432 1408 2516 Apostoli
1425 2434 1540 2497 docen-

354 2551 417 2603 tem
433 2538 614 2613 audiernnt,
631 2540 733 2603 oculis
748 2540 895 2603 viderunt
912 2553 943 2603 et
958 2541 1181 2626 palpaverunt,
1205 2552 1237 2604 et
1260 2539 1316 2625 qui
1336 2553 1440 2605 morte
1457 2542 1541 2606 abia·

353 2659 404 2711 tus
421 2659 486 2721 est,
510 2649 567 2710 sed
583 2648 635 2731 qui
650 2648 710 2711 Dei
733 2648 830 2712 Filius
847 2660 911 2723 est,
934 2648 1019 2713 idem
1036 2661 1068 2713 et
1083 2650 1179 2713 homo
1204 2648 1349 2724 exsistit,
1373 2661 1467 2735 atque
1491 2650 1543 2735 qui

351 2756 450 2820 bomo
475 2767 539 2830 est,
562 2755 647 2821 idem
669 2755 738 2841 ipse
763 2768 813 2820 est
833 2756 893 2821 Dei
915 2756 1030 2833 Filius,
1054 2756 1099 2822 ita
1114 2770 1148 2822 ut
1163 2779 1227 2822 non
1244 2756 1308 2822 sint
1325 2758 1470 2843 subjecta
1485 2779 1543 2823 seu

351 2884 512 2948 personae
526 2865 615 2939 dnae,
628 2866 685 2928 sed
702 2885 772 2928 una.
788 2866 878 2929 Paul
888 2887 929 2929 us
944 2887 1023 2930 vero
1040 2867 1150 2931 habet:
1167 2868 1227 2928 Eu·
1243 2873 1359 2946 quibua
1373 2880 1422 2930 eat
1440 2869 1542 2931 cort-

352 2986 422 3037 atus
439 2981 614 3036 seeundum
629 2995 772 3054 camena,
793 2980 859 3053 poi
878 2987 1040 3054 estsuper
1056 2981 1163 3038 omnia
1178 2977 1285 3037 Deua
1309 2981 1492 3039 benedictus
1507 2982 1542 3039 in

351 3089 493 3146 saeculo.
511 3083 658 3159 ΛΜΝ).
682 3083 785 3165 Atque
801 3081 889 3145 atini:
917 3083 984 3159 Qui
1005 3105 1077 3146 eunt
1100 3089 1134 3145 in
1148 3087 1261 3158 fornia
1275 3087 1339 3145 Dei
1354 3096 1450 3165 esset,
1476 3105 1542 3146 non

348 3197 500 3270 rapinum
530 3195 710 3252 arbitratus
731 3201 781 3252 est
801 3211 870 3252 eure
890 3211 924 3252 ae
946 3194 1112 3271 aequalem
1132 3194 1219 3268 Deo;
1252 3199 1308 3254 sed
1340 3198 1542 3271 semetipsum

350 3303 536 3361 exinanivit
554 3301 699 3372 foratum
729 3303 815 3358 servi
847 3303 1021 3381 occipiens,
1047 3305 1083 3361 io
1104 3305 1347 3362 similitudinem
1377 3304 1542 3364 bominum

341 3409 474 3489 lactus,
492 3418 525 3468 et
538 3409 652 3468 babitu
675 3411 839 3486 inventus,
863 3419 902 3469 ut
923 3410 1066 3485 nomon.
1090 3405 1173 3470 Hinc
1195 3404 1291 3469 etiam
1315 3408 1490 3471 seeundum
1507 3412 1540 3473 S.

342 3511 480 3577 Paulum
496 3512 643 3578 Christus
659 3513 756 3575 bomo
773 3534 837 3575 non
855 3525 933 3587 erat,
951 3525 985 3576 ut
1002 3514 1237 3578 contendebant
1252 3515 1425 3579 Nestorius
1442 3527 1474 3578 et
1489 3515 1541 3600 qui

348 3641 423 3684 eum
439 3642 479 3685 eo
497 3620 691 3695 sentiebant,
722 3622 873 3705 templum
895 3620 965 3685 Filii
988 3621 1049 3685 Dei
1072 3634 1125 3686 aut
1141 3621 1406 3698 instrumentum,
1438 3644 1540 3709 neque

345 3727 445 3793 etiam
461 3741 583 3793 tantum
599 3728 629 3792 ei
644 3728 759 3794 affectu
774 3729 956 3803 voluntatis,
971 3750 1073 3815 neque
1094 3731 1295 3794 solummodo
1319 3730 1479 3796 individua
1493 3732 1539 3796 vi·

366 4039 369 4044 -
455 3997 481 4084 ¹)
499 4001 543 4061 Of.
575 4002 672 4063 Iren.
699 4001 783 4063 Ceut.
808 4004 891 4064 baar.
913 4004 932 4062 l.
950 4005 980 4064 3.
1004 4023 1029 4066 e.
1052 4007 1102 4067 11.
1126 4025 1156 4084 p.
1188 4001 1250 4066 188
1275 4025 1316 4067 ss.
1340 4003 1536 4085 chrysost.

345 4094 437 4152 Hom.
454 4097 504 4153 11.
521 4093 555 4150 io
570 4095 662 4152 Joao.
680 4090 758 4172 Opp.
770 4093 808 4154 T.
835 4089 866 4154 8.
890 4112 919 4171 p.
942 4089 986 4153 62
1007 4113 1048 4158 ss.
1064 4094 1247 4174 Epiphan.
1265 4097 1359 4153 Haer.
1379 4097 1425 4155 77.
1443 4115 1470 4154 e.
1488 4099 1538 4159 29.

345 4181 428 4262 Opp.
445 4183 484 4244 T.
505 4180 534 4243 l.
550 4203 580 4262 p.
601 4179 687 4243 1023
704 4203 728 4243 s.
750 4181 881 4260 Oyrilt.
901 4177 1003 4256 'Epist
1021 4187 1062 4242 ad
1077 4187 1216 4246 Monacb.
1241 4183 1320 4264 Opp.
1344 4187 1381 4245 T.
1399 4182 1429 4248 5.
1452 4185 1487 4246 P.
1505 4184 1535 4246 2.

345 4294 371 4336 s.
388 4271 420 4335 2.
437 4294 467 4351 p.
487 4270 529 4332 10
546 4293 571 4334 s.
595 4273 749 4348 Apolopet.
774 4275 842 4332 adu.
862 4271 975 4331 Orieot.
993 4274 1068 4351 Def.
1087 4296 1137 4336 an.
1155 4279 1183 4336 1.
1201 4277 1240 4339 T.
1267 4272 1296 4335 6.
1313 4276 1348 4335 P.
1369 4272 1398 4336 1.
1414 4297 1444 4354 p.
1463 4273 1537 4339 159.

344 4365 529 4425 Athenas.
545 4364 604 4438 Ep.
632 4366 673 4420 ad
696 4361 797 4436 Epist.
822 4383 854 4422 n.
870 4366 900 4422 8.
927 4360 1006 4441 Opp.
1024 4365 1062 4425 T.
1090 4363 1119 4429 1.
1136 4367 1171 4426 P.
1190 4363 1220 4426 2.
1237 4385 1267 4442 p.
1286 4361 1358 4425 907.
1376 4366 1536 4428 Tertull.

342 4456 394 4514 De
410 4474 435 4512 c.
454 4454 508 4514 ot.
524 4473 555 4517 n.
571 4456 621 4512 18.
639 4450 718 4531 Opp.
736 4453 773 4512 V.
789 4449 820 4513 2.
837 4473 867 4530 p.
885 4449 927 4513 65
944 4473 969 4512 S.
994 4453 1189 4516 Novatian.
1205 4458 1256 4514 De
1274 4454 1358 4519 Tria
1377 4476 1401 4514 c.
1418 4459 1467 4515 13.
1485 4459 1534 4514 16.

343 4542 521 4604 Galland.
538 4546 578 4603 B.
594 4545 661 4601 ΡΡ,
679 4543 717 4600 T.
735 4538 767 4602 3.
785 4562 816 4620 p.
834 4539 899 4604 295
916 4563 940 4603 s.
958 4541 1023 4604 299
1040 4565 1064 4605 s.
1081 4546 1155 4604 Leo
1171 4545 1212 4603 M.
1231 4544 1326 4607 serm.
1344 4548 1370 4606 t.
1389 4548 1424 4604 de
1440 4551 1533 4604 nabo.

340 4655 367 4697 o.
386 4637 418 4693 2.
436 4630 517 4711 Opp.
534 4655 564 4712 p.
582 4628 687 4696 81.-
705 4631 731 4708 ²)
746 4629 902 4713 Joan.20,
919 4629 972 4692 31.
991 4632 1036 4694 Of.
1053 4631 1107 4710 20,
1123 4632 1368 4716 28.—³)J0an.
1386 4633 1416 4710 1,
1437 4633 1533 4698 1-3.

340 4761 387 4771 -
406 4720 436 4809 t)
454 4720 639 4803 1.J0an.3‚
659 4719 709 4784 16.
727 4756 769 4767 -
787 4722 813 4801 ⁵)
834 4719 862 4782 1.
880 4722 972 4784 Joau.
997 4720 1028 4798 4,
1048 4721 1098 4786 15.
1117 4760 1159 4771 -
1177 4725 1203 4805 ⁶)
1222 4723 1250 4786 1.
1276 4725 1367 4786 Joan.
1393 4720 1425 4801 5,
1442 4722 1534 4789 5.-

339 4816 368 4897 τ)
388 4814 480 4875 Rom.
497 4809 527 4885 9,
544 4809 576 4875 5.
592 4848 637 4860 -
653 4812 679 4891 8)
695 4812 824 4892 Philipp.
841 4809 873 4888 2,
891 4810 989 4874 6-7.
