3775 5625
353 446 420 512 340

351 624 414 672 tum
431 613 503 673 fidei
517 622 581 672 tum
597 614 685 672 bonis
711 613 854 688 operibus
866 612 1050 687 justificatio
1068 612 1187 690 quidem
1205 622 1315 673 nostru
1330 615 1497 686 tribuitur;
1513 626 1542 676 at

352 742 410 780 non
429 734 581 799 tamquam
608 741 721 782 causae
743 723 937 794 meritoriae,
959 742 1067 781 verum
1092 726 1239 784 duntaxat
1256 735 1413 804 tamquam
1432 744 1541 787 causae

350 832 539 907 disponenti,
557 851 615 910 qua
632 832 755 891 seilicet
772 833 857 910 digni
874 842 905 890 et
922 833 984 910 apti
995 833 1138 908 justitiae
1154 834 1352 911 recipiendae
1375 835 1541 906 efficimur3

351 951 441 1017 atque
458 942 488 999 in
506 941 645 1000 omnibus
661 942 755 1009 locis,
775 941 811 999 ad
828 959 904 1017 quos
920 952 1107 1017 provocant,
1123 961 1226 1002 sermo
1244 953 1363 1004 estant
1381 945 1420 1003 de
1436 963 1541 1005 noces·

349 1052 440 1109 sitate
463 1052 534 1109 fidei
550 1061 582 1110 et
597 1052 746 1109 bonorum
773 1069 915 1127 operum,
941 1060 1092 1127 quatenus
1113 1045 1152 1110 iis
1169 1053 1205 1111 ad
1222 1053 1453 1127 justificantem
1470 1073 1540 1133 gra·

349 1162 421 1218 tiam
445 1161 690 1236 consequendam
711 1178 950 1237 praeparamur,
972 1170 1116 1219 autvero
1134 1172 1355 1239 quatenusper
1374 1165 1430 1223 itta
1444 1164 1539 1223 felici·

349 1280 443 1328 tatem
476 1288 648 1338 meremur,
680 1270 786 1328 nullibi
818 1279 918 1328 autem
939 1270 970 1327 in
992 1270 1078 1329 hisee
1102 1270 1180 1330 locis
1205 1272 1253 1330 vis
1270 1264 1420 1350 σωτήριος
1435 1273 1541 1332 mortis

353 1380 471 1437 Christi
487 1388 632 1457 negatur.

457 1485 509 1550 16.
525 1490 657 1547 Veniam
674 1498 871 1566 peecatorum
884 1489 953 1547 aliis
969 1488 999 1546 in
1017 1490 1095 1548 loeis
1112 1508 1128 1547 e
1145 1490 1382 1551 resurrectione
1392 1492 1495 1568 repeti
1506 1489 1540 1566 ¹).

347 1634 389 1644 -
404 1598 529 1658 -Dieitur
553 1598 673 1675 quidem
698 1598 842 1657 Christus
867 1599 1084 1656 resurrexisse
1113 1608 1249 1675 propter
1270 1599 1539 1677 justificationem

345 1712 551 1781 nostram²)‚
577 1718 667 1787 atque
692 1727 749 1767 nos
773 1710 968 1769 declaramur
991 1708 1174 1787 regenerati
1196 1728 1257 1786 per
1272 1713 1538 1772 resurrectionen

345 1817 430 1878 Jeso
449 1817 576 1877 Christi
592 1836 635 1877 ea·
650 1820 790 1877 mortuis
801 1822 850 1889 ³);
875 1827 1009 1893 attamen
1026 1836 1085 1876 non
1102 1836 1138 1876 eo
1156 1836 1267 1888 sensu,
1289 1819 1380 1896 quasi
1397 1810 1535 1880 Christus

345 1927 577 1987 resurrectione
602 1946 658 1986 sua
678 1927 933 2002 justificationem
951 1936 1089 1986 nostram
1105 1929 1330 2004 promeruerit,
1348 1929 1405 1987 sed
1422 1940 1534 1990 tantum

345 2047 489 2105 eatenus,
514 2045 664 2113 quatenus
686 2037 798 2107 sedens
821 2038 858 2095 ad
884 2038 1044 2097 dexteram
1066 2038 1171 2096 Patris
1195 2038 1278 2097 illam
1302 2038 1332 2096 in
1357 2040 1465 2111 nobis,
1486 2059 1533 2117 per

344 2156 474 2205 mortem
491 2164 578 2204 suam
596 2146 755 2204 meritorie
773 2146 1002 2219 reconciliatis,
1018 2147 1161 2223 perficiat
1178 2167 1214 2207 ac
1233 2158 1427 2208 consummet
1439 2152 1481 2221 ⁴).

454 2250 505 2314 17.
529 2255 705 2325 Accedere,
730 2274 798 2313 oum
820 2265 931 2314 natura
952 2265 1041 2331 atque
1067 2256 1167 2314 indole
1193 2256 1359 2316 universae
1376 2257 1532 2337 religionis

345 2386 361 2423 a
393 2366 473 2423 Jesu
505 2364 572 2439 ipso
604 2364 783 2440 propositae
799 2361 827 2436 5)
868 2366 1051 2423 seutentiam
1085 2366 1120 2423 de
1147 2375 1246 2424 morte
1270 2367 1336 2441 ejus
1371 2367 1532 2444 expiatoria

345 2474 506 2534 conciliari
527 2491 585 2531 non
608 2492 710 2549 posse.
743 2474 880 2550 Namque
912 2474 1040 2548 rejectis
1073 2474 1232 2550 quibusvis
1264 2476 1378 2534 ritibus
1402 2476 1531 2552 expiato·

342 2585 399 2640 riis
412 2580 457 2656 6),
480 2583 578 2640 Jesus
600 2583 667 2657 ipse
689 2583 872 2659 supplicium
893 2583 1024 2641 nondum
1041 2602 1226 2659 perpessus,
1238 2585 1303 2659 jam
1320 2604 1356 2643 se
1374 2603 1452 2661 opus
1467 2603 1530 2662 per·

343 2693 459 2751 fecisse
478 2693 558 2749 vitae
576 2710 650 2749 suae
667 2692 812 2750 terrestri
829 2692 1014 2766 injunctum,
1037 2693 1152 2751 diserte
1170 2695 1321 2753 nuntiarit
1336 2693 1381 2767 ⁹),
1409 2703 1443 2753 et
1460 2713 1530 2752 mor·

342 2813 402 2860 tem
429 2803 503 2860 adeo
526 2802 753 2870 reformidavit,
776 2813 809 2860 ut
832 2801 980 2878 precibus
1002 2804 1102 2861 Deum
1128 2804 1227 2863 adiret
1255 2804 1377 2863 adeam
1394 2816 1530 2864 averten·
1569 2799 1571 2825 ¹

343 2914 410 2970 dam
420 2908 460 2985 ⁸).
479 2944 513 2956 -
537 2915 595 2970 Ast
611 2913 688 2987 quod
708 2911 755 2970 hic
773 2913 911 2986 prolatae
929 2920 1001 2970 sunt
1018 2913 1207 2982 sententiae,
1226 2923 1271 2972 tot
1288 2914 1400 2972 adsunt
1417 2914 1530 2973 menda·

342 3022 399 3079 cia.
424 3022 501 3079 Nam
524 3021 552 3078 si
573 3022 670 3079 Jesus
692 3021 729 3079 ad
752 3019 942 3079 Pharisaeos
964 3021 1023 3078 sihi
1040 3023 1280 3096 exprobrantes,
1298 3023 1378 3099 quod
1396 3041 1468 3082 cum
1484 3042 1528 3100 pu·

341 3131 472 3189 blicanis
494 3141 525 3188 et
546 3129 764 3206 peccatoribus
790 3129 1034 3199 convivaretur,
1046 3130 1103 3198 ait,
1120 3132 1186 3188 Deo
1203 3132 1305 3206 potius
1323 3116 1423 3207 opera
1440 3132 1529 3193 ehari-

343 3240 432 3310 tatis,
458 3258 546 3315 quam
573 3241 689 3298 cultum
714 3248 830 3297 tantum
849 3248 1009 3298 externum
1031 3240 1170 3316 probari3
1196 3239 1245 3299 hie
1263 3240 1344 3299 enim
1362 3260 1477 3301 sensns
1491 3252 1531 3300 est

343 3349 506 3406 verborum
525 3367 543 3407 a
560 3349 727 3406 Salvatore
744 3366 782 3405 ex
798 3348 882 3419 Osee
898 3349 1054 3423 Propheta
1072 3349 1249 3407 allatorum:
1274 3346 1531 3410 Misericordiam

342 3463 431 3537 noto,
450 3467 483 3517 et
497 3476 564 3517 non
580 3459 794 3531 sacrificium:
813 3458 962 3533 quomodo
987 3457 1081 3515 statui
1096 3466 1214 3533 potest,
1231 3458 1331 3535 ipsum
1349 3461 1529 3520 sacrificium
1569 3468 1571 3473 '

343 3568 448 3626 crucis
469 3567 626 3638 aversari,
651 3587 741 3644 quum
774 3587 810 3626 nc
844 3567 1001 3627 sacrificia
1024 3567 1191 3626 universim
1218 3568 1338 3644 quidem
1355 3569 1420 3627 iilis
1436 3568 1529 3628 verbio
1569 3564 1571 3569 ’

341 3677 504 3750 improbet.
521 3677 639 3734 Deinde
657 3696 728 3735 num
744 3678 774 3735 id
792 3696 830 3735 ex
847 3677 951 3735 verbis
969 3678 1184 3753 consequitur:
1202 3674 1353 3754 Spiritus
1368 3688 1420 3739 est
1433 3677 1529 3738 Dect:

342 3794 374 3843 et
395 3804 463 3863 eos,
487 3788 543 3860 qui
566 3790 705 3846 adorant
724 3805 808 3865 eum,
834 3788 1019 3865 inspicite,
1038 3789 1220 3846 etceritote
1241 3795 1527 3864 monetariorum,

344 3894 393 3969 qui
415 3904 464 3951 est
488 3897 567 3953 alter
588 3897 693 3964 loeus,
717 3897 752 3954 ad
778 3915 866 3973 quem
888 3901 1096 3973 provocaturi
1129 3895 1216 3970 Quod
1240 3895 1268 3953 si
1283 3897 1329 3954 its
1345 3915 1380 3955 se
1400 3898 1527 3963 haberet,

343 4022 440 4078 neque
458 4004 571 4079 ipsein
590 4007 701 4080 tempto
727 4024 835 4074 orare,
868 4024 935 4064 cum
969 4005 1124 4080 Apostoiis
1156 4006 1269 4080 preces
1293 4005 1420 4078 dicere,
1443 4022 1525 4082 neque

344 4115 458 4171 cultum
481 4123 643 4172 externum
664 4115 694 4172 in
717 4133 773 4172 sua
794 4115 938 4175 licclesia
962 4115 1105 4174 ordinare
1126 4115 1287 4190 potuisset.
1314 4117 1397 4174 Tum
1416 4115 1457 4175 ait
1471 4112 1523 4191 qui·

345 4330 396 4402 15,
415 4329 468 4392 22.
484 4333 525 4392 Is.
546 4330 573 4406 1,
592 4328 735 4393 10-19.
752 4327 806 4406 55,
824 4328 854 4391 7.
871 4327 924 4403 58,
943 4328 963 4392 3
981 4352 1021 4391 ss.
1039 4328 1093 4404 59,
1114 4328 1155 4392 12
1172 4352 1212 4391 ss
1234 4331 1352 4392 Ezeeh.
1371 4326 1521 4412 18‚18ss.

344 4421 398 4496 33,
418 4422 469 4482 11.
487 4423 564 4482 Hoc.
582 4420 612 4502 6,
630 4420 650 4482 6
668 4444 708 4483 ss.
726 4420 907 4496 Joel.2‚12.
918 4421 969 4484 13.
984 4423 1062 4484 Dan.
1072 4419 1164 4497 4,24.
1178 4419 1395 4496 Prov.21,33.
1406 4417 1508 4482 sinit.

455 4512 478 4597 ¹)
496 4515 582 4572 Rom.
601 4512 631 4582 4,
649 4511 703 4579 25.
723 4513 751 4575 1.
769 4515 852 4576 Petr.
872 4512 900 4588 1,
918 4511 948 4574 3.
966 4510 998 4585 3,
1016 4511 1069 4575 21.
1088 4550 1130 4559 -
1148 4514 1174 4593 ²)
1193 4516 1281 4577 Rom.
1298 4511 1331 4586 4,
1348 4506 1518 4593 25.-³)l·

342 4605 424 4666 Pctr.
445 4603 473 4676 1,
491 4601 521 4665 3.
540 4602 570 4674 3,
589 4604 641 4665 21.
660 4641 703 4650 -
719 4603 744 4685 ⁴)
761 4605 806 4666 Of.
823 4600 1011 4678 Rom.5‚10.
1031 4641 1072 4650 —
1091 4607 1116 4684 ⁶)
1132 4601 1517 4682 Matth.9‚13.-·)J0n.

343 4694 375 4766 4,
391 4695 445 4759 24.
464 4732 505 4741 -
523 4698 550 4771 Ἰ)
567 4695 659 4761 Joan.
679 4694 729 4766 17,
747 4697 777 4761 4.
795 4694 825 4758 6.
842 4696 912 4756 add.
939 4693 992 4769 19,
1017 4693 1070 4757 30.
1088 4730 1132 4741 —-
1151 4694 1176 4776 8)
1192 4696 1300 4756 Matth.
1327 4691 1381 4769 26,
1404 4691 1453 4756 39.
1474 4687 1515 4752 42.

344 4787 437 4847 Marc,
457 4784 509 4856 14,
528 4783 580 4847 36.
598 4788 671 4848 Luc.
689 4787 742 4858 22,
759 4785 813 4849 42.
830 4787 899 4848 add.
916 4787 1024 4846 Matth.
1043 4784 1095 4862 23,
1114 4784 1167 4852 37.
1185 4784 1239 4862 26,
1255 4784 1311 4852 24.
1327 4788 1405 4854 Luc,
1418 4782 1464 4859 19,
1473 4779 1514 4845 42.

345 4874 399 4952 23,
416 4874 470 4940 28.
489 4876 537 4941 Of.
556 4878 837 4958 Wegscheidor,
853 4880 872 4940 l.
891 4899 918 4940 c.
935 4901 966 4960 p.
983 4875 1152 4944 513-14.
1169 4879 1238 4940 coll.
1256 4875 1335 4944 527.
