3775 5625
1386 440 1453 508 289

333 600 396 668 Dei
421 602 518 668 Filius
540 615 605 677 est,
634 602 685 688 qui
708 603 800 668 batus
817 615 868 668 est
885 625 944 687 pro
964 602 1070 666 muudi
1101 604 1217 696 salutm
1243 603 1313 692 quis
1346 617 1451 670 autem

326 734 337 778 ι
363 713 454 776 datus
475 725 525 776 est
547 733 607 797 pro
633 714 746 786 hacce,
768 734 860 799 quam
881 712 949 787 ille,
972 712 1024 798 qui
1042 714 1182 786 torcular
1204 713 1338 778 calcarit
1353 715 1453 789 scius,

326 819 480 917 anguinis
505 818 662 884 effusione
683 820 859 885 rubicunda
874 820 982 885 habuit
998 821 1211 886 vestimenta?
1242 824 1345 907 Atque
1361 824 1451 886 Pau·
1525 871 1531 883 .

327 928 462 996 scribit:
489 929 566 1004 Oui
583 936 749 1011 proprio
767 932 878 993 uiuo
900 952 969 993 suc
991 951 1066 993 ucu
1088 937 1283 1013 pepercit,
1303 939 1452 1012 sedpru

332 1044 374 1102 ie
397 1045 576 1102 omuibus
597 1046 765 1103 tradidit
777 1041 942 1119 illum).
967 1039 1136 1123 Proprium
1153 1060 1233 1126 ergo
1251 1040 1387 1124 adpeiiat
1402 1040 1451 1105 Fi·

354 1146 431 1221 uei,
453 1146 505 1231 qui
526 1169 584 1232 pro
606 1148 700 1212 uobis
717 1147 812 1211 morti
846 1147 979 1212 traditus
1002 1159 1060 1212 est.
1096 1148 1178 1212 Num
1202 1169 1278 1213 vero
1301 1148 1380 1212 alius
1402 1149 1453 1212 iile

330 1275 431 1341 quiam
448 1255 501 1340 qui
518 1256 600 1320 mori
618 1270 650 1320 ct
665 1257 731 1341 pati
747 1257 865 1342 potuit,
883 1278 976 1342 quiam
994 1258 1090 1320 homo
1108 1258 1204 1322 Jesus
1222 1257 1393 1323 Christus?

364 1367 407 1425 B.
424 1364 611 1449 scripturae
629 1366 821 1429 testimoniis
839 1378 999 1430 consonat
1015 1377 1169 1431 consinus
1186 1368 1344 1432 Petrum
1361 1366 1452 1429 Tra·

333 1492 374 1546 0,
396 1473 449 1557 qui
472 1473 503 1537 iu
529 1486 661 1559 utraque
685 1488 796 1539 enatura
830 1475 957 1538 unicum
980 1476 1177 1560 eundemque
1201 1496 1312 1539 verum
1328 1474 1387 1539 Dei
1404 1475 1452 1539 Fi-

326 1607 331 1642 ι
350 1580 514 1645 Christum
531 1603 605 1646 esse
622 1582 797 1658 affirmant,
819 1584 999 1669 miliumque
1015 1582 1045 1646 in
1063 1604 1103 1647 eo
1120 1585 1227 1647 locum
1249 1581 1314 1647 filio
1331 1583 1453 1668 adopti-

331 1689 416 1753 haud
434 1691 584 1766 naturali,
601 1692 756 1777 reliquum
773 1691 906 1766 faciunt,
923 1693 1096 1756 docentes:
1122 1714 1217 1756 uirium
1234 1692 1362 1757 nonnisi
1379 1713 1453 1758 esse

326 1795 439 1873 istum,
471 1800 531 1864 Dei
562 1802 719 1875 Verbum,
752 1822 844 1865 uuam
876 1803 945 1885 ejus
964 1823 1157 1886 personam,
1179 1815 1214 1865 ut
1233 1801 1454 1889 Dionysius

326 1926 369 1972 τι.
380 1914 425 1987 ²);
450 1930 514 1972 uou
538 1910 632 1973 alium
647 1910 777 1985 Filium,
793 1910 845 1996 qui
861 1931 979 1995 passus
996 1924 1061 1985 est,
1078 1924 1109 1975 et
1125 1932 1242 1997 passus
1258 1933 1322 1975 nou
1339 1923 1404 1985 est,
1420 1923 1454 1974 ut

326 2016 509 2082 retunsius
525 2020 550 2097 ⁸)
560 2042 569 2091 ;
587 2040 651 2082 nou
668 2040 743 2084 esse
761 2020 938 2095 Christum,
957 2020 1100 2105 quamvis
1116 2022 1220 2085 Deum
1236 2034 1268 2085 et
1282 2020 1455 2093 hominem,

330 2126 477 2201 sFilios,
495 2130 629 2192 alterum
651 2150 694 2193 ex
713 2131 783 2193 Deo
807 2115 917 2205 Putre,
940 2131 1073 2195 aiterum
1096 2151 1137 2194 ex
1160 2143 1276 2205 matre,
1292 2132 1342 2195 vei
1357 2151 1455 2193 unum

326 2236 453 2310 uelem,
471 2237 605 2301 aiterum
620 2237 820 2322 adoptivum,
837 2239 894 2303 sed
912 2261 1008 2303 unum
1032 2240 1240 2324 eundemque,
1257 2251 1291 2302 ut
1304 2239 1453 2326 Grego-

332 2364 350 2406 s
377 2345 526 2425 Naz.⁴),
559 2347 780 2435 Gregorius
797 2349 962 2433 Nyss.⁵)‚
995 2348 1172 2433 Cyrillus
1206 2348 1370 2429 Alex-⁶),
1403 2347 1455 2433 qui

326 2492 485 2511 *—

371 2578 394 2668 ¹)
411 2585 500 2649 Rom.
518 2582 548 2661 8,
565 2584 618 2649 32.
650 2586 695 2646 Of.
713 2587 819 2647 Matth.
837 2585 867 2658 3,
887 2584 939 2648 17.
960 2584 1015 2663 16,
1038 2584 1091 2650 16.
1109 2584 1168 2661 26,
1190 2582 1335 2649 63-64.
1359 2586 1456 2648 Marc.

336 2668 475 2737 61-62,
494 2678 568 2736 Luc.
588 2678 616 2752 1,
633 2674 687 2740 35.
705 2675 735 2752 3,
752 2676 805 2739 22.
823 2676 853 2749 9,
865 2675 919 2739 35.
936 2677 1030 2742 Joan.
1041 2676 1072 2749 9,
1085 2674 1228 2741 35—37.
1245 2675 1296 2752 19,
1310 2676 1340 2741 7.
1357 2677 1454 2737 Hebr.

326 2759 345 2826 i.
362 2762 389 2828 l.
405 2766 499 2832 Joan.
515 2764 548 2838 5,
565 2765 619 2831 20.
638 2769 705 2829 coll.
725 2768 753 2843 l,
773 2767 870 2831 1-3,
882 2804 926 2815 -
939 2769 965 2848 ²)
975 2769 1075 2845 Epist.
1091 2770 1166 2847 Spu.
1177 2772 1219 2829 ud
1233 2771 1325 2829 Paul.
1335 2768 1454 2831 Samos.

326 2859 393 2931 nui,
411 2859 487 2921 Oou.
508 2860 598 2920 Oouc.
616 2861 654 2919 Τ.
674 2858 704 2924 1.
721 2881 747 2921 c.
767 2857 863 2922 1043.
880 2861 918 2922 Ε.
945 2858 1041 2923 1046.
1058 2862 1099 2925 D.
1127 2863 1224 2921 Uuue
1238 2867 1283 2921 eu‘
1299 2860 1451 2933 Obrieruu

326 2948 411 3007 euin
426 2953 530 3022 Patre,
548 2958 735 3012 coaeteruum
761 2953 895 3023 Verbum,
912 2971 984 3010 uua
1001 2954 1066 3030 ejus
1080 2970 1258 3034 perrona,
1275 2955 1361 3011 Deue
1376 2951 1455 3010 iuui-

326 3034 371 3109 lu,
388 3047 415 3099 et
428 3041 563 3102 visibilis
572 3042 690 3120 factus.
702 3077 746 3088 -
758 3041 820 3112 Qui
835 3063 872 3102 eu
886 3046 952 3102 Deo
969 3049 1013 3102 est
1027 3049 1095 3101 cute
1110 3045 1231 3102 saecule
1245 3042 1374 3119 peuibue,
1390 3042 1456 3117 ipse

326 3131 401 3189 'emis
417 3135 599 3208 temporibus
615 3154 652 3193 eu
666 3140 762 3194 matre
776 3141 867 3192 uatus
883 3141 935 3192 eet.
954 3170 995 3178 —-
1016 3131 1039 3212 ³)
1058 3133 1284 3208 OcnuApcblu'u.
1294 3135 1387 3196 l.1.u.
1405 3136 1453 3192 12.

326 3239 343 3278 ⁸.
360 3223 396 3281 T.
415 3220 444 3286 1.
461 3223 497 3282 Ρ.
522 3223 553 3286 2.
576 3245 605 3304 p.
624 3221 700 3288 931.
717 3224 848 3283 Filius
863 3244 960 3284 uuus
977 3231 1038 3284 est.
1060 3224 1252 3298 Quapropter
1268 3231 1386 3306 erraut,
1402 3223 1456 3298 qui

326 3318 378 3382 uu,
410 3314 640 3387 3113333333,
673 3316 740 3390 qui
759 3334 902 3389 pascue
927 3323 982 3374 est
1001 3314 1148 3388 Filius,
1180 3314 1359 3385 etalium,
1393 3314 1456 3389 qui

326 3420 399 3461 ¹cue
428 3425 500 3464 uou
532 3413 594 3468 eet.
627 3408 698 3466 Nou
720 3406 799 3466 euim
819 3406 900 3465 aliur
917 3413 970 3475 eet,
993 3426 1083 3481 quum
1098 3405 1201 3481 ipsum
1222 3407 1356 3476 Verbum,
1374 3408 1455 3480 quod

326 3492 430 3554 riouem
453 3503 481 3555 et
493 3504 617 3556 mortem
638 3497 811 3571 susceperit.
828 3497 890 3558 uec
905 3495 983 3556 illud
998 3497 1099 3572 ipsum
1114 3496 1339 3574 incorporeum,
1358 3503 1387 3556 et
1400 3496 1454 3555 im-

326 3585 406 3645 u'uiu
430 3589 570 3661 Verbum,
594 3608 660 3647 cum
674 3588 894 3665 peuercu‘euem
924 3588 1028 3647 curuis
1058 3587 1160 3648 subire
1191 3587 1347 3664 dipuatum
1371 3595 1454 3662 esset,

326 3674 363 3735 aia
382 3677 529 3752 impleuit,
553 3687 587 3738 ut
607 3682 739 3751 baberet,
762 3682 842 3754 quod
858 3698 920 3755 pro
940 3678 1028 3740 uobis
1060 3679 1190 3758 offerret.
1223 3678 1270 3743 Of.
1292 3678 1392 3756 epist.
1414 3682 1455 3737 ad

326 3773 387 3827 utet.
405 3770 452 3829 lb.
469 3792 500 3850 p.
517 3767 580 3831 901
598 3792 639 3829 ss.
658 3806 700 3816 —
718 3767 745 3855 ⁴)
762 3770 863 3846 Epist.
880 3773 921 3829 ad
938 3771 1061 3832 Oledou.
1079 3774 1107 3831 1.
1131 3768 1211 3850 Opp.
1228 3771 1267 3829 Τ.
1286 3768 1315 3830 1.
1333 3790 1359 3833 c.
1376 3766 1454 3832 670.

326 3853 436 3934 iipuie
461 3863 554 3920 duce
570 3862 711 3936 Filios,
735 3865 897 3922 alterum
920 3881 962 3921 eu
981 3864 1057 3922 Deo
1080 3869 1112 3920 et
1135 3864 1266 3930 Patre,
1289 3863 1454 3919 alterum

329 3958 552 4022 matre‚u0u
583 3960 702 4012 autem
723 3974 831 4013 uuum
863 3961 973 4028 ctq'ue
1003 3954 1151 4012 eumdem
1182 3949 1352 4023 induruerit,
1371 3950 1453 4009 ieab

326 4042 573 4118 ruopuefilicrum
593 4043 753 4121 adoptione
769 4043 896 4118 excidet,
921 4063 997 4120 quae
1019 4050 1096 4103 recte
1118 4042 1307 4103 credentibus
1319 4041 1452 4116 promie-

326 4137 364 4192 ut.
383 4132 573 4210 Quamquam
588 4134 666 4194 em'm
681 4138 766 4194 Deus
782 4142 810 4194 et
823 4138 911 4194 bomo
928 4137 1005 4194 duce
1020 4141 1147 4193 uuturae
1163 4139 1246 4213 suut,
1263 4127 1451 4208 quemadmu-

326 4230 376 4282 2et
389 4225 493 4285 areima
509 4232 537 4284 et
551 4245 670 4301 corpus,
686 4246 758 4284 ucu
779 4233 876 4285 uum
894 4229 963 4285 duc
979 4225 1089 4296 Filii,
1106 4244 1158 4283 uec
1174 4223 1250 4295 Dii,
1263 4226 1450 4298 quemadmo-

326 4327 392 4374 ruec
402 4315 452 4376 bic
468 4316 588 4392 quidem
605 4321 663 4376 duc
674 4317 819 4377 homiues.
831 4316 876 4380 cf.
890 4316 992 4378 Ocrm.
1003 4316 1099 4375 decit.
1111 4335 1135 4375 3.
1149 4336 1177 4375 v.
1188 4312 1229 4374 41
1240 4315 1328 4377 ss.T.
1341 4313 1371 4376 2.
1381 4335 1406 4377 c.
1420 4313 1451 4377 9.

327 4401 350 4482 Ι)
365 4407 449 4466 Com.
473 4409 645 4482 Apolliuar.
666 4407 746 4488 Opp.
770 4408 808 4467 Τ.
830 4405 862 4470 3.
885 4429 914 4488 p.
938 4405 1014 4469 262.
1032 4407 1070 4467 Α.
1098 4405 1268 4483 Proferuut
1282 4406 1362 4465 euim
1378 4413 1451 4465 teru-

327 4510 353 4553 m
367 4499 547 4571 quibusdam
562 4500 597 4558 iu
614 4499 768 4560 Outbcb'cc
783 4498 922 4559 Ecclesia
934 4502 1030 4558 duce
1039 4497 1156 4576 silice
1173 4495 1334 4556 colentibus
1350 4497 1384 4554 iu
1400 4499 1450 4554 dc-

326 4589 480 4661 ue,uuum
496 4590 616 4665 quidem
632 4592 832 4650 secuudum
847 4591 1199 4663 uuturam‚alberum
1215 4594 1313 4646 autem
1329 4606 1450 4646 recuu-

326 4691 351 4735 m
364 4681 601 4755 adoptionem
621 4688 725 4759 postea
740 4681 938 4756 acquisitum:
961 4680 1062 4739 nescio
1078 4700 1097 4738 a
1114 4698 1172 4753 quo
1195 4679 1271 4738 talia
1287 4677 1450 4749 audientes,

335 4786 395 4831 erm
411 4791 472 4848 qua
486 4791 617 4851 persuua
634 4775 796 4832 luctantes:
819 4775 953 4831 uoudum
970 4771 1047 4831 em'm
1065 4770 1201 4846 eopucui,
1223 4770 1276 4846 qui
1292 4769 1368 4828 talia
1382 4788 1451 4847 per-

326 4872 365 4921 un
384 4863 522 4946 effutiret.
543 4901 582 4910 -
603 4864 627 4947 ⁶)
643 4869 694 4926 De
713 4871 794 4925 recta
813 4862 866 4938 fid.
889 4861 969 4945 Opp.
987 4863 1025 4926 Τ.
1042 4859 1073 4927 5.
1096 4861 1132 4925 Ρ.
1149 4858 1180 4926 2.
1205 4881 1230 4921 s.
1246 4858 1277 4923 3.
1293 4881 1324 4942 Ρ.
1342 4857 1394 4923 23.
1413 4860 1449 4923 Β.

1191 4967 1232 5035 19
1374 4964 1388 4987 “
1443 4990 1447 4999 ·
