3775 5625
396 412 440 479 38

502 579 543 640 B.
568 577 617 641 lta
632 596 759 662 quoquc
783 579 843 640 SS.
860 579 998 641 Patres
1019 576 1160 642 unanimi
1177 598 1342 643 consensu
1357 581 1502 655 tradunt,
1527 580 1591 645 ani·

395 706 571 751 mamasac
588 686 736 760 alteram,
757 706 890 771 eamque
911 685 1079 751 meliorem
1096 686 1236 752 hominis
1259 701 1399 774 partem,
1417 711 1436 755 a
1452 711 1592 775 corpore

396 796 572 871 diversam,
594 817 673 882 quae
698 795 836 881 simplex
857 796 914 872 sit,
941 797 1110 883 omnisque
1128 796 1277 882 corporis
1295 819 1430 884 expers,
1447 812 1482 864 ut
1499 821 1526 865 c.
1543 822 1592 889 gr.

394 904 644 986 Eusebius¹),
667 905 842 971 Basilius
865 907 917 970 vet
933 906 1040 991 potius
1058 905 1217 971 Simeon
1238 907 1433 996 Magister
1447 910 1489 988 ²),
1506 909 1592 975 Gra·

394 1013 903 1105 go'riusNau.⁸),Grcgorius
915 1016 1067 1101 Nyss.⁴),
1081 1015 1594 1103 ConstitutionesApost.⁵).

398 1123 712 1210 chrysostomus
725 1130 768 1206 ⁶),
784 1124 959 1189 Hilarius
973 1128 999 1205 ⁷)
1017 1136 1050 1189 ct
1065 1125 1313 1213 Augustinus
1326 1127 1362 1206 ⁸).

506 1285 534 1377 ¹)
550 1294 666 1369 Praep.
684 1312 786 1369 manq.
811 1294 830 1351 l.
847 1294 877 1352 3.
901 1312 924 1351 c.
943 1293 971 1351 9.
997 1292 1032 1352 P.
1052 1288 1126 1353 106.
1152 1290 1236 1362 Quid
1266 1311 1373 1370 porra,
1398 1314 1465 1354 cum
1489 1294 1597 1356 diuina

397 1390 496 1447 meum
511 1382 726 1443 similitudinis
742 1402 853 1461 carpus
869 1383 960 1443 etiam
974 1384 1137 1443 humanum
1152 1384 1259 1443 babet?
1281 1386 1357 1461 Epa,
1373 1405 1415 1445 ne
1438 1406 1515 1447 cum
1539 1390 1595 1447 ltu-

399 1495 507 1539 mcnc
522 1474 670 1552 quidem
685 1476 820 1534 babere
837 1474 1037 1550 quidquam
1053 1474 1245 1549 existima,
1261 1495 1340 1536 cum
1365 1478 1450 1536 baec
1474 1479 1596 1538 incor-

397 1586 513 1649 porea
536 1564 589 1625 sit
610 1585 651 1625 ac
673 1565 848 1643 simplest,
872 1567 1071 1641 nullasque
1093 1573 1220 1643 partes
1244 1568 1384 1627 babeat.
1401 1570 1506 1629 —Ac
1520 1569 1598 1630 mibi

399 1660 520 1737 quidem
535 1656 643 1717 merito
659 1657 723 1716 dici
738 1656 885 1728 uideatur,
903 1656 1038 1717 animum
1054 1656 1141 1717 illum
1156 1657 1287 1718 rationis
1303 1657 1598 1737 immortalitatisque

393 1748 587 1829 participem,
606 1755 660 1807 aut
674 1755 797 1808 mentem
814 1768 886 1819 eam,
906 1767 982 1824 quae
997 1747 1080 1825 pati
1095 1748 1198 1808 nibil
1210 1749 1346 1827 possit,
1369 1750 1506 1812 diuinam
1521 1751 1597 1812 ima-

395 1843 495 1921 qinem
511 1839 801 1916 similitudinemque
815 1840 960 1913 retinere,·
979 1846 1124 1915 quatenus
1140 1846 1262 1916 uterque
1278 1844 1322 1900 ab
1344 1842 1440 1901 omni
1465 1862 1558 1921 corp
1568 1862 1597 1902 o-

398 1934 454 1995 ris
470 1939 504 1992 et
518 1930 696 1993 materiae
712 1931 950 2010 concretione
966 1932 1169 2009 sejunctus,
1187 1938 1357 1992 naturam
1383 1935 1597 1995 essentiam·

399 2044 470 2102 que
500 2022 660 2083 sortitus
692 2028 745 2082 est
773 2024 885 2100 plane
916 2021 1147 2099 spiritalem,
1179 2022 1325 2083 ratione
1355 2032 1596 2097 constantem,

400 2134 567 2193 quaeque
598 2114 775 2174 virtutem
805 2112 1105 2193 sapientiamque
1143 2113 1268 2192 possit
1304 2115 1507 2195 suscipere.
1555 2152 1598 2162 -

400 2208 429 2291 ¹)
445 2206 542 2268 Serm
560 2207 611 2268 23.
636 2207 685 2264 De
710 2204 803 2264 anim.
830 2225 860 2264 n.
879 2208 908 2265 1.
934 2202 1014 2285 Opp.
1033 2200 1071 2266 Τ.
1089 2202 1120 2268 3.
1138 2227 1168 2285 p.
1185 2201 1263 2267 584.
1295 2207 1397 2282 Neque
1413 2207 1511 2284 iqitur
1527 2207 1598 2283 tuis,

398 2318 494 2375 neque
513 2296 576 2371 bis,
593 2316 669 2373 quae
685 2296 798 2356 circum
814 2303 840 2356 te
855 2302 933 2368 sunt,
951 2299 1005 2356 sed
1021 2295 1076 2354 tibi
1090 2295 1155 2374 ipsi
1164 2296 1224 2357 soli
1234 2300 1359 2359 attende.
1375 2298 1490 2359 Aliud
1506 2299 1599 2359 enim

400 2410 480 2453 sum
490 2408 532 2449 us
555 2408 623 2447 aas
649 2387 743 2466 ipsi,
768 2387 873 2448 aliud
886 2394 1031 2462 nostra,
1049 2386 1136 2447 aliud
1152 2408 1228 2464 quae
1244 2388 1327 2448 circa
1342 2409 1398 2449 nos
1414 2397 1495 2451 sunt.
1518 2394 1556 2451 N
1558 2411 1598 2451 os

397 2481 523 2560 ,quidem
538 2479 664 2540 anima
685 2499 809 2540 sumus
825 2485 859 2538 et
870 2499 983 2550 mens,
1000 2482 1164 2539 secuudum
1180 2500 1270 2556 quam
1286 2484 1327 2540 cd
1341 2480 1508 2558 imaqinem
1524 2484 1600 2545 aaa·

401 2572 513 2636 ditaris
538 2591 642 2632 sumus
660 2570 759 2650 facti:
789 2577 921 2631 nostra
950 2590 1049 2652 vera,
1073 2589 1228 2654 carpus,
1255 2578 1286 2631 et
1310 2571 1373 2649 qui
1396 2593 1460 2651 per
1477 2574 1602 2653 ipsum

401 2672 503 2748 sunt,
523 2682 669 2723 sensus:
691 2662 805 2722 circum
820 2682 875 2722 nos
892 2669 990 2723 autem
1004 2662 1159 2744 pecuniae,
1175 2669 1265 2745 artes,
1281 2662 1442 2740 etreliqua
1455 2664 1537 2725 vitae
1553 2685 1600 2726 su·

400 2759 509 2838 pellea.
532 2789 573 2801 -
593 2755 620 2838 ³)
636 2755 749 2815 Arcen.
768 2754 869 2816 Oarm.
888 2757 915 2815 7.
934 2751 1014 2836 Opp.
1032 2749 1071 2816 Τ.
1087 2750 1120 2820 2.
1138 2774 1163 2816 c.
1183 2751 1256 2817 146.

438 2852 440 2854 ’
511 2846 687 2910 Numinis
704 2854 749 2906 est
762 2845 908 2907 animus
918 2847 1063 2928 flatus,
1081 2846 1148 2928 qui,
1165 2848 1329 2907 coelitus
1346 2854 1467 2929 ortus,

512 2940 633 3000 Nonum
649 2945 769 2998 terrena
784 2938 878 2998 subiit
892 2958 958 2998 arun
975 2957 1066 2998 carne
1072 2940 1219 3017 jaqalem.

512 3033 610 3091 Haud
624 3049 710 3091 secus
727 3050 763 3089 ac
778 3031 886 3104 lumen,
903 3033 985 3106 quod
1001 3048 1086 3090 caeco
1102 3030 1260 3091 obducitur
1276 3036 1374 3112 antro,

512 3121 684 3183 Divinus
701 3128 799 3182 tamen
815 3127 874 3203 est,
889 3120 1105 3197 mortisque
1120 3121 1287 3199 iqnarus
1304 3124 1461 3182 acerbae.

513 3215 584 3274 Non
599 3213 715 3294 etenim,
731 3220 766 3273 ut
779 3214 867 3272 bruta
883 3219 911 3272 et
924 3215 1052 3292 pecudes
1068 3213 1186 3273 ratione
1202 3220 1345 3295 carentes,

513 3303 659 3366 Neuninis
676 3303 807 3386 effipiam
821 3307 1015 3382 procumbere
1030 3311 1124 3364 morte
1140 3307 1274 3365 decebat:

512 3398 671 3458 Mortalem
685 3399 764 3457 banc
780 3396 919 3473 quamms
933 3395 1050 3456 nitantr
1064 3398 1188 3456 reddere
1202 3415 1294 3461 naua.
1311 3431 1352 3442 -

405 3488 431 3570 ⁴)
446 3493 497 3550 De
511 3488 604 3550 anim.
623 3496 651 3550 et
664 3507 781 3552 resurr.
799 3485 879 3566 Opp.
895 3488 967 3547 Par.
986 3483 1083 3550 1638.
1102 3483 1141 3550 Τ.
1158 3485 1189 3550 3.
1205 3508 1235 3568 p.
1255 3482 1331 3552 189.
1347 3489 1425 3566 Ipsa
1437 3486 1545 3547 anima
1562 3524 1606 3534 —

404 3584 441 3642 de
456 3579 561 3642 onmia
577 3580 655 3640 satis
671 3579 780 3638 manea
796 3577 1013 3658 sufficiensque
1022 3577 1170 3655 maqistra
1186 3585 1238 3661 est,
1254 3598 1359 3657 nempe
1375 3580 1456 3654 quod
1472 3597 1607 3658 estpars

403 3670 587 3734 materiae
603 3677 631 3731 et
645 3669 868 3748 incorporea
884 3670 948 3752 sit,
976 3689 1051 3746 quae
1067 3672 1108 3729 ad
1123 3690 1211 3730 suam
1225 3677 1367 3731 naturam
1383 3673 1608 3731 accommodate

399 3768 596 3844 stupraretur,
612 3769 640 3822 et
653 3767 817 3842 moueatur,
834 3769 863 3821 et
875 3780 930 3839 per
945 3761 1147 3822 instrumenta
1172 3761 1347 3841 corporalia
1367 3781 1441 3822 suas
1456 3760 1607 3823 medones

404 3857 552 3917 ostendat.
571 3889 613 3900 -
630 3855 657 3934 ⁶)
673 3855 711 3918 L.
729 3852 763 3914 0.
782 3873 806 3913 a.
823 3855 873 3914 11.
891 3851 1056 3915 (latalsr.
1083 3855 1151 3916 ΡΡ.
1168 3859 1265 3933 apost.
1282 3850 1380 3914 Amat.
1400 3847 1497 3916 1824.
1514 3852 1555 3916 V.
1576 3850 1605 3916 l.

404 3969 435 4028 p.
452 3942 528 4010 343.
560 3944 733 4006 Animam
756 3951 922 4005 nostram
950 3943 1210 4022 incorpoream
1232 3951 1263 4005 et
1277 3944 1518 4006 immortalem
1535 3963 1607 4005 con-

397 4037 532 4120 fitemur,
556 4041 618 4097 non
633 4043 733 4097 autem
747 4035 887 4096 interitui
902 4035 1075 4117 cinomiam,
1100 4043 1134 4096 ut
1149 4056 1289 4118 corpora,
1305 4042 1406 4116 utpote
1421 4034 1609 4097 rationalem

396 4150 440 4196 ,aa
456 4128 568 4191 liberae
596 4127 763 4209 potestatis.
782 4163 824 4174 -
840 4123 865 4213 ⁶)
875 4129 1078 4206 DePropbet.
1089 4130 1296 4189 circumitam.
1306 4131 1335 4188 2.
1347 4148 1377 4189 n.
1389 4128 1418 4190 5.
1430 4124 1511 4208 Opp.
1522 4122 1566 4190 Τ.
1576 4124 1608 4192 6.

404 4243 434 4301 p.
453 4216 528 4284 188.
544 4221 670 4299 Duplex
685 4226 730 4280 est
743 4221 798 4279 boc
814 4219 939 4300 animat,
955 4221 1053 4301 bama,
1069 4218 1210 4301 inquam,
1227 4239 1264 4280 ese
1280 4221 1398 4280 duabus
1413 4217 1609 4302 substantiis,

403 4333 466 4373 unc
482 4311 632 4393 sensibili,
660 4310 865 4390 spirituali
888 4312 993 4392 altera,
1018 4312 1141 4392 tuaest,
1168 4330 1205 4370 en
1220 4311 1344 4370 anima
1360 4317 1388 4370 et
1402 4327 1538 4391 corpore,
1557 4310 1610 4371 cui

405 4425 472 4464 cum
497 4403 672 4463 coelestibus
693 4410 721 4463 et
743 4401 936 4463 terrestribus
960 4402 1099 4479 coquatia
1125 4405 1273 4478 quaedam
1297 4400 1462 4463 intercedit.
1491 4399 1538 4462 cf.
1567 4404 1610 4462 In

407 4494 482 4557 Gen.
499 4497 577 4556 born.
596 4497 644 4554 13.
662 4514 693 4557 n.
710 4497 740 4558 3.
758 4490 796 4556 Τ.
814 4491 845 4554 4.
867 4515 896 4572 p.
917 4489 990 4555 102.
1018 4496 1095 4553 bom.
1120 4496 1169 4553 21.
1193 4514 1222 4556 n.
1241 4496 1269 4554 6.
1293 4515 1323 4573 p.
1343 4489 1408 4555 100
1424 4513 1449 4556 s.
1471 4493 1514 4552 In
1538 4493 1608 4556 aot.

404 4588 482 4648 bom.
499 4588 529 4648 b.
546 4606 576 4646 n.
594 4588 624 4645 3.
642 4587 681 4645 Τ.
701 4583 752 4646 11.
771 4607 801 4664 p.
819 4582 895 4648 362.
914 4619 956 4629 -
973 4585 995 4663 ⁷)
1012 4587 1117 4650 InPs.
1131 4586 1200 4644 129.
1214 4606 1244 4644 n.
1258 4588 1285 4644 7.
1304 4581 1382 4665 Opp.
1396 4578 1512 4647 T.1.c.
1524 4579 1608 4647 493.

404 4676 518 4738 Nibil
540 4677 575 4737 in
605 4671 882 4762 sebabetmnima)
909 4678 1122 4757 corporale,
1151 4676 1252 4736 nibil
1277 4682 1476 4756 terrenum,
1502 4673 1612 4736 nibil

403 4788 533 4852 qraae,
549 4767 651 4830 nibil
680 4771 872 4829 caducum.
890 4804 933 4814 -
953 4765 980 4847 ⁸)
1000 4766 1075 4829 Gen.
1093 4769 1134 4826 ad
1149 4767 1235 4828 tittl.
1253 4769 1280 4830 t.
1299 4787 1325 4830 c.
1338 4768 1387 4828 15.
1405 4786 1437 4826 n.
1453 4768 1503 4828 21.
1522 4764 1609 4849 Opp.

406 4856 446 4927 T.
463 4857 495 4925 3.
519 4881 545 4926 o.
562 4857 638 4926 218.
671 4859 811 4922 Anima
836 4878 898 4920 res
924 4858 1246 4941 estincorporea.
1279 4859 1321 4921 Et
1352 4857 1612 4940 spise.1os.0a
