3775 5625
345 425 423 493 406.

346 589 573 676 Sapientiae
596 590 744 652 docetur:
769 589 912 650 Placent
931 588 1001 650 Deo
1023 588 1137 662 fastos
1153 599 1203 650 eet
1216 593 1368 672 dilector,
1386 589 1407 653 i.
1426 610 1453 654 e.
1469 589 1530 675 quia

345 699 463 786 placuit
478 700 547 763 Deo
564 719 622 762 sua
638 697 770 770 virtute,
788 697 817 761 ei
834 698 951 761 charus
968 697 1071 760 lactus
1089 709 1153 771 est,
1177 709 1210 760 et
1228 704 1341 762 verrem
1362 705 1451 763 inter
1463 721 1530 779 pec-

346 823 474 875 catores
491 816 671 872 tranalotue
687 821 750 870 eet:
776 820 916 886 raptus
938 818 1015 887 est,
1040 827 1085 867 ee
1108 812 1265 869 malitia
1289 813 1354 893 (gr.
1375 813 1530 887 praeitur)

345 930 519 983 meteret
556 924 802 980 intellectum
838 922 947 996 ejus,
986 928 1054 979 eut
1091 937 1138 979 ee
1174 918 1292 991 fictio
1334 922 1401 1002 (gr.
1433 922 1531 995 dolet)

345 1036 549 1109 deciperet
570 1032 735 1089 animem
766 1030 937 1104 ittiue1).
977 1027 1159 1089 Secundum
1184 1046 1277 1110 quem
1300 1027 1412 1090 locum
1452 1028 1532 1091 Deus

346 1159 427 1225 ergo
444 1149 557 1200 auctor
573 1147 638 1210 est,
663 1147 697 1198 nt
719 1134 812 1198 electi
836 1134 1048 1198 tentationum
1071 1133 1222 1218 periculis
1239 1135 1407 1209 subducti,
1425 1156 1467 1199 ex
1481 1136 1534 1198 hac

345 1247 409 1311 vita
423 1245 604 1331 rapiantur,
629 1266 701 1308 cum
725 1244 912 1307 charitatem
935 1242 1083 1307 diffusam
1106 1243 1224 1306 liabent
1237 1242 1270 1306 in
1287 1243 1443 1308 cordibus
1464 1242 1533 1307 suis.

346 1358 525 1423 -Eadem
542 1376 666 1440 quoqne
698 1357 869 1428 Patrnm,
887 1366 919 1418 et
935 1352 1122 1417 nominatim
1146 1353 1360 1441 Augustini
1395 1352 1536 1417 doctrine

344 1479 410 1541 est,
427 1465 479 1552 qui
494 1465 579 1530 inter
595 1466 693 1528 multa
709 1463 769 1527 alia
785 1463 844 1527 ait:
869 1466 1002 1543 Neyere
1017 1485 1287 1543 woltermannum,
1313 1470 1432 1527 etiem
1451 1484 1535 1543 per·

345 1581 615 1639 {reverentiam
638 1580 679 1635 in
695 1580 792 1637 dono
807 1576 1091 1653 proficientem
1106 1594 1228 1652 usque
1244 1578 1287 1634 in
1301 1576 1445 1654 finem,
1463 1593 1536 1634 ete·

341 1706 460 1764 qoem
482 1705 567 1745 ease
590 1685 665 1745 Dei
686 1705 845 1746 neonus:
877 1703 936 1745 nee
960 1703 1042 1764 esee,
1067 1688 1133 1745 nisi
1156 1688 1195 1744 ed
1219 1687 1292 1764 illo,
1318 1690 1356 1745 de
1373 1704 1439 1762 quo
1455 1686 1536 1744 aeri·

341 1808 433 1874 ptum
447 1806 511 1857 eet:
538 1793 664 1869 „Omne
679 1801 788 1855 wtum
805 1798 971 1874 optimum,
990 1804 1049 1856 etc.
1062 1796 1101 1870 ²).

361 2064 394 2143 §-
418 2055 488 2126 88.
510 2059 652 2127 Nemo
677 2057 856 2144 absque
882 2057 1079 2146 speciali
1095 2053 1348 2166 privilegio¹
1370 2051 1521 2124 omnio

439 2169 636 2255 peccata
660 2165 802 2237 etiam
826 2167 1034 2238 venialia
1058 2167 1239 2238 evitare
1263 2167 1437 2254 potest.

451 2374 523 2437 Non
548 2394 648 2457 posse
671 2373 833 2439 hominem
857 2374 889 2437 in
913 2374 1076 2459 praesenti
1101 2386 1184 2438 statu
1209 2384 1342 2436 natrrrae
1359 2371 1469 2454 lapsae
1484 2388 1533 2453 per

344 2485 432 2548 solas
448 2495 581 2547 naturae
596 2483 683 2547 vires
701 2484 807 2547 omnia
823 2497 957 2569 peccata
973 2484 1119 2547 mortalia
1135 2482 1271 2557 evitare,
1296 2492 1370 2545 arrte
1388 2478 1532 2548 diximum

345 2604 376 2657 et
391 2592 495 2676 ipsum
511 2612 553 2654 ex
575 2591 735 2656 communi
766 2614 875 2656 rerum
906 2593 1115 2657 humanarum
1141 2591 1253 2656 ordine
1278 2588 1388 2653 omnia
1411 2598 1534 2673 peccota

344 2699 491 2764 mortalia
511 2722 570 2784 per
591 2702 724 2788 longum
756 2714 880 2785 tempus
914 2722 1037 2788 quoque
1070 2724 1133 2766 non
1167 2700 1356 2765 evitaturum
1382 2717 1457 2763 esse
1473 2694 1533 2760 sine

279 2848 281 2854 ·
345 2809 450 2898 gratia
466 2805 703 2887 sanctificante,
721 2835 818 2892 quem
831 2824 1015 2892 peccatum,
1032 2824 1067 2876 ut
1083 2809 1302 2899 Gregorius
1318 2808 1362 2873 tt.
1381 2805 1442 2882 ait,
1458 2813 1535 2888 quod

342 2927 544 3002 poenitentia
568 2942 635 2984 non
662 2927 775 3004 diluit,
803 2928 873 3002 ipso
891 2945 951 2985 eno
966 2930 1109 3004 pondere
1124 2943 1203 2985 moe
1219 2926 1370 2983 adalind
1385 2916 1533 2994 tredat⁸),

346 3029 438 3094 facile
454 3051 496 3094 ex
513 3043 666 3115 corrupta
696 3044 808 3096 nostra
840 3044 953 3095 natura
975 3030 1170 3119 intelligitur.
1203 3030 1433 3094 Verumtamen
1449 3024 1532 3090 etiam

341 3139 421 3226 justi
445 3162 516 3203 cum
540 3140 710 3205 ordinariis
742 3127 867 3229 gratiae
899 3141 1025 3206 auxiliis
1047 3140 1208 3205 abstinere
1225 3140 1264 3203 ab
1283 3137 1434 3202 omnibus
1450 3134 1533 3200 edam

347 3250 523 3316 vernalibus
545 3251 686 3337 peccatis
708 3274 772 3315 non
797 3265 943 3337 possunt.
969 3255 1092 3316 Sensus
1119 3263 1224 3315 autem
1256 3247 1418 3335 dogmatis
1440 3247 1532 3331 liujus,

349 3362 432 3447 qnod
453 3359 575 3444 pariter
598 3374 711 3425 contra
731 3362 924 3449 Pelagianos
957 3360 1171 3435 defendimus,
1194 3381 1259 3423 non
1282 3371 1333 3422 est
1357 3370 1462 3422 antem
1482 3354 1533 3428 iric,

349 3493 386 3536 ac
409 3470 436 3535 si
457 3473 554 3535 homo
575 3484 709 3556 peccata
730 3472 855 3559 singula
876 3470 1036 3537 declinare
1059 3469 1205 3545 omnino,
1227 3469 1378 3556 physica,
1398 3480 1435 3532 nt
1450 3469 1534 3552 ajunt

348 3579 574 3667 possibilitate,
591 3602 655 3643 non
671 3593 799 3666 posset,
817 3602 927 3667 quum,
943 3594 978 3645 ut
994 3579 1127 3645 inferius
1144 3578 1456 3653 demonstrabimus,
1472 3596 1533 3665 gra·

349 3690 393 3754 tia
416 3701 580 3774 peccatum
612 3690 730 3754 vitandi
761 3712 889 3774 semper
921 3690 1019 3764 adsit3
1045 3692 1102 3754 sed
1134 3703 1255 3755 tantum
1286 3690 1354 3764 ille,
1386 3688 1535 3753 hominen

352 3798 458 3863 omnia
479 3810 611 3884 peccata
632 3800 797 3865 collective
819 3800 1021 3866 considerata
1045 3813 1112 3864 toto
1128 3800 1212 3865 vitae
1229 3813 1377 3883 tempore
1399 3795 1534 3885 effugitu-

351 3932 421 3974 rnm
438 3931 502 3973 non
519 3929 609 3983 esse,
633 3930 692 3994 pro
710 3910 882 3974 voluntatis
900 3909 1024 3975 scilicet
1039 3922 1171 3974 nostrae
1187 3907 1374 3973 infirmitate
1390 3919 1424 3972 et
1437 3906 1535 3971 incon·

352 4020 488 4085 stantia..
501 4018 690 4103 lmpotentia
705 4018 810 4105 itaque
826 4020 879 4085 illa
895 4043 959 4084 non
976 4020 1014 4084 ad
1031 4019 1158 4107 singula
1172 4019 1312 4083 refertur
1329 4029 1475 4102 peccata,
1490 4012 1537 4079 sel

353 4131 391 4193 ad
409 4129 515 4193 omnia
531 4127 622 4194 simul
640 4142 759 4203 sumta,
785 4142 876 4215 atque
895 4153 958 4194 non
976 4142 1041 4204 est,
1058 4142 1093 4193 ut
1106 4131 1293 4215 loquuntur,
1318 4126 1469 4213 physica,
1491 4123 1537 4189 sed

354 4237 484 4303 moralis
505 4237 700 4324 impotentia.
724 4240 814 4303 Hanc
837 4253 941 4304 antem
964 4260 1038 4304 esse
1057 4237 1234 4302 doctrinam
1258 4239 1452 4312 revelatam,
1468 4229 1538 4299 sacili

353 4351 508 4435 probatur
524 4348 667 4437 negotio.
691 4350 772 4414 Nam

462 4462 502 4521 A.
528 4457 705 4523 communis
734 4470 784 4522 est
805 4461 868 4522 SS.
885 4457 1126 4522 Litterarum
1143 4471 1208 4522 turn
1224 4459 1263 4521 V.
1281 4470 1348 4521 tum
1365 4459 1403 4522 N.
1422 4458 1460 4522 Τ.
1476 4475 1538 4525 vox,

355 4568 514 4634 neminem
539 4589 612 4632 esse
638 4569 676 4632 ab
695 4567 780 4631 omni
806 4568 935 4631 omnino
960 4581 1094 4652 peccato
1119 4566 1292 4632 immunem
1318 4581 1412 4653 atque
1432 4569 1537 4652 justos

463 4767 490 4858 ¹)
506 4771 577 4852 Sap.
593 4768 624 4844 4,
643 4767 783 4849 10-11.
795 4807 837 4816 -
849 4769 876 4850 ²)
891 4773 939 4830 De
955 4776 1082 4846 corrept.
1099 4777 1128 4830 el
1140 4777 1221 4847 pret.
1239 4790 1264 4833 c.
1283 4773 1312 4832 6.
1330 4792 1363 4831 π.
1381 4774 1430 4833 10.
1449 4762 1533 4834 Τ.10.

359 4883 383 4925 c.
402 4857 476 4926 755.
494 4898 534 4908 -
553 4864 581 4941 ³)
597 4864 708 4926 Metal.
725 4865 744 4924 l.
762 4864 811 4926 25.
829 4883 853 4923 c.
871 4863 900 4922 9.
917 4882 948 4921 e.
966 4865 1015 4924 22.
1033 4859 1114 4943 Opp.
1131 4863 1169 4925 Τ.
1189 4859 1218 4922 1.
1235 4882 1263 4926 o.
1281 4859 1360 4927 799.
