3775 5625
1437 404 1479 475 di

279 581 375 641 rum.
400 575 441 639 Si
463 579 538 654 quia
557 585 663 637 autem
684 578 853 636 contrariu
869 592 987 650 perere
1003 578 1241 652 praesumserit
1259 576 1336 637 baie
1352 582 1481 637 sanctu

279 700 312 751 et
333 706 470 764 mounes
494 683 643 763 Synodo,
668 685 840 745 anathema
861 686 915 763 sit,
938 692 971 743 et
989 702 1011 744 o
1030 684 1094 759 {lde
1109 694 1206 761 utque
1227 690 1358 746 cultura
1377 686 1480 747 Obri-

279 803 466 862 ettenorum
481 797 611 855 olianus
619 792 654 871 ¹).
677 790 746 869 Quo
764 790 895 853 decreto
912 788 1033 854 diserte
1049 790 1209 867 statuitur,
1225 790 1385 857 hominem
1401 813 1480 857 rion-

279 904 345 971 nisi
368 924 465 968 unam
487 902 607 967 babere
630 898 783 974 animam,
812 920 892 985 quae
919 899 1045 965 ratione
1068 912 1101 964 et
1123 899 1331 987 intelligentia
1353 902 1480 987 polleat

279 1015 385 1082 Habet
401 1011 485 1076 emm
502 1011 676 1084 decretum,
693 1010 787 1093 juxta
803 1008 982 1073 doctrinam
999 1012 1035 1073 A.
1053 1021 1085 1072 et
1100 1009 1138 1073 N.
1157 1011 1353 1075 Testamenti
1373 1015 1481 1075 bomi-

280 1146 354 1189 nem
368 1120 439 1201 plur
453 1112 552 1200 ψυχὴν
566 1113 683 1199 λογικὴν
696 1137 726 1177 us
742 1116 792 1177 aul
801 1112 906 1197 νοεράν
920 1123 1050 1202 babere,
1067 1140 1147 1203 quae
1162 1120 1261 1184 verba
1278 1121 1481 1186 solummodo

279 1236 384 1300 hocce
405 1253 504 1298 sensu
523 1229 658 1317 intelligi
683 1241 830 1315 possunt,
853 1228 1017 1294 hominem
1041 1230 1159 1293 habere
1186 1228 1312 1294 unicarn
1333 1222 1481 1322 animam,

280 1365 416 1429 mmque
439 1340 628 1406 rationalem
653 1352 685 1403 et
708 1338 956 1426 intelligentem,
982 1339 1248 1423 quemadmodum
1272 1352 1306 1405 et
1324 1340 1481 1415 Raderus,

281 1453 335 1540 qni
360 1452 490 1516 volebat
516 1450 616 1514 verba
640 1449 680 1513 ad
708 1468 855 1522 sensum,
881 1469 946 1511 non
974 1459 1010 1511 ut
1034 1448 1226 1513 Anastasius
1252 1451 1417 1514 dumtaxat
1442 1452 1482 1515 ad

280 1563 431 1635 litteram,
447 1558 640 1644 exprimere,
656 1578 771 1623 revera
785 1556 891 1623 vertit.
915 1557 997 1621 Nam
1014 1558 1140 1642 quando
1157 1579 1274 1624 nomen
1291 1558 1482 1643 adjectivum

281 1672 353 1738 sine
368 1669 506 1736 articulo
523 1668 724 1733 substantivo
741 1689 814 1733 cum
834 1666 982 1741 articulo,
1003 1679 1057 1731 aut
1073 1666 1136 1732 alio
1152 1667 1281 1732 nomine
1296 1668 1346 1733 vel
1362 1690 1481 1753 prono·

282 1780 367 1847 mine
383 1779 527 1864 ejusdem
541 1777 607 1842 vim
622 1779 769 1852 habente,
782 1775 850 1841 sive
866 1776 1075 1862 praeponitur
1090 1774 1159 1841 sive
1171 1775 1386 1862 postponitur,
1399 1800 1481 1843 sem·

281 1912 340 1977 par
356 1911 397 1955 ac
412 1886 600 1953 necessario
617 1886 802 1951 attributum
823 1885 951 1971 aliquod
971 1884 1144 1973 significat,
1166 1887 1250 1971 quod
1270 1886 1318 1950 rei
1334 1889 1481 1953 substan·

282 1999 349 2064 tivo
365 1997 557 2085 designatae
575 2017 654 2082 prae
674 1995 827 2060 attributo
851 1994 1002 2081 opposito
1025 2007 1196 2080 competat,
1219 1996 1483 2082 quemadmodum

283 2107 486 2193 adjectivum,
503 2108 589 2192 quod
603 2106 687 2171 inter
708 2104 877 2170 ardeulum
898 2117 931 2169 et
952 2103 1188 2170 substantivum
1205 2116 1256 2169 est
1270 2104 1483 2189 interJectum,

283 2229 337 2283 aut
351 2229 429 2303 post
445 2215 680 2281 substantivum
698 2236 771 2280 cum
786 2213 924 2299 repetito
941 2213 1077 2279 articulo
1094 2214 1246 2299 positum,
1263 2236 1392 2301 semper
1408 2236 1481 2301 pro·

283 2326 453 2413 prietatem
469 2327 610 2398 denotat,
626 2343 706 2409 quae
720 2322 767 2387 rei
788 2345 852 2387 non
868 2322 900 2387 in
912 2322 1116 2408 oppositione
1132 2323 1340 2408 proprietatis
1356 2338 1482 2391 contra·

283 2434 362 2511 riae,
372 2436 431 2499 sed
446 2434 479 2498 in
496 2432 702 2518 oppositione
717 2432 765 2497 rei
781 2432 912 2498 alterius
929 2433 1073 2517 ejusdem
1081 2432 1211 2519 generis
1222 2432 1371 2498 tribuitur
1379 2440 1422 2515 ²);
1438 2435 1483 2501 ita

283 2556 317 2609 at
328 2564 412 2632 ergo
430 2564 546 2609 sensus
562 2543 736 2607 verborum
755 2541 883 2605 illorum
906 2541 1093 2607 necessario
1110 2541 1162 2616 sit,
1172 2543 1268 2607 homo
1280 2543 1376 2608 habet
1386 2566 1483 2610 unam

284 2652 433 2727 animam,
450 2671 530 2738 quae
546 2672 611 2715 non
627 2662 678 2715 est
694 2638 799 2729 ἄλογος
816 2648 867 2709 καὶ
886 2639 985 2725 ἄνους,
1002 2651 1059 2715 sed
1075 2643 1177 2731 λογικὴ
1193 2650 1243 2710 καὶ
1260 2654 1356 2731 νοερὰ,
1380 2657 1480 2719 Acca-

285 2763 339 2839 dit,
355 2782 502 2827 errorem
519 2760 713 2847 oppositum,
730 2760 783 2848 qui
798 2760 851 2828 hic
871 2783 891 2828 a
907 2760 1052 2828 Concilio
1070 2762 1246 2840 damnatur,
1264 2784 1338 2831 esse
1354 2776 1480 2830 senten·

285 2871 372 2947 dam,
400 2892 504 2957 quam
519 2883 555 2934 ut
574 2871 674 2934 refert
693 2871 977 2952 Anastasius³),
996 2872 1158 2938 Photius
1179 2874 1422 2961 excogitaverat
1442 2875 1482 2940 ad

284 2979 443 3069 boatium
459 2980 719 3065 perturbandum,
737 3001 805 3054 seu,
822 2992 857 3044 ut
876 2980 957 3066 ipse,
975 3003 993 3046 a
1010 2981 1267 3047 Constantino
1284 2981 1481 3068 Philosoplro

282 3090 355 3156 ideo
373 3089 569 3173 increpatus,
585 3089 701 3172 ajebat,
722 3095 828 3152 stadio
846 3096 1023 3172 probandi,
1042 3097 1122 3170 quid
1135 3095 1286 3170 lunarios
1302 3104 1425 3173 operat,
1453 3099 1482 3156 ai

284 3221 340 3264 auo
371 3211 512 3278 tempore
537 3203 698 3277 quaelibet
727 3201 874 3262 haeresis
895 3222 957 3280 per
982 3206 1190 3280 sylloyismos
1209 3204 1482 3281 pbilosophorum

283 3322 402 3372 coorto
414 3319 607 3387 patesceret,
630 3326 786 3392 quamque
805 3306 837 3371 in
861 3328 959 3393 opere
980 3330 1039 3373 suo
1057 3321 1171 3374 contra
1186 3309 1389 3375 Paulicianos
1405 3330 1479 3376 exa·

283 3430 352 3483 rato
374 3428 580 3501 exposuerat.
611 3417 683 3480 dam
702 3416 736 3480 in
757 3437 795 3481 se
815 3431 865 3482 est
887 3416 1017 3482 omnino
1034 3416 1259 3504 improbabile,
1279 3417 1429 3483 Photium
1447 3417 1480 3485 in

283 3547 381 3611 opere
407 3529 521 3590 contra
540 3525 747 3590 Manichacus
774 3526 961 3611 conscripto
987 3546 1134 3591 errorem
1160 3549 1272 3592 aarum
1295 3529 1333 3592 de
1356 3528 1480 3592 duabus

282 3633 396 3700 smmis
411 3632 627 3718 spiritualibus
643 3633 823 3710 recoxisse,
840 3635 984 3722 quamvis
1001 3658 1040 3703 ne
1059 3638 1122 3702 hoc
1139 3636 1267 3723 quidem
1281 3649 1403 3702 certum
1419 3650 1480 3713 est,

281 3743 350 3809 illos
373 3745 454 3808 duas
476 3742 597 3808 animas
620 3743 816 3828 spirituales,
843 3757 876 3809 et
895 3767 960 3809 non
980 3745 1088 3830 potius
1111 3746 1203 3812 aliam
1230 3745 1427 3831 spiritualem
1449 3759 1481 3811 et

281 3854 373 3919 aliam
391 3854 573 3918 sensualem
588 3873 645 3917 seu
664 3875 856 3938 corpoream
874 3855 1064 3921 defendisse.
1090 3845 1182 3935 Quod
1198 3855 1227 3920 si
1243 3867 1349 3920 tamen
1366 3854 1476 3921 nihilo·

282 3961 386 4027 minus
406 3961 527 4027 sactum
548 3974 646 4036 esset,
665 3962 856 4028 Anastasius
876 3963 909 4028 id
926 3985 1183 4030 commemorare
1203 3965 1286 4029 haud
1303 3964 1479 4040 derisisset,

284 4069 462 4156 etquidem
483 4092 523 4135 eo
544 4070 649 4136 minus
670 4083 706 4134 ut
725 4070 779 4135 tali
800 4071 926 4137 ratione
947 4073 1049 4137 vnum
1070 4073 1275 4158 versipellem
1291 4073 1406 4139 merito
1424 4096 1478 4138 co·

393 4292 422 4366 ¹)
446 4289 494 4350 Ib.
516 4291 555 4354 Τ.
583 4286 634 4352 16.
660 4311 685 4350 e.
705 4288 769 4354 166
791 4301 822 4352 et
843 4288 921 4355 404.
943 4312 989 4338 -’
1014 4295 1044 4374 ²)
1066 4285 1179 4352 Hined
1200 4283 1320 4369 ἀγαθὰς
1337 4286 1411 4370 ἀνήρ
1428 4296 1478 4356 val

288 4370 536 4458 ddaipdaiyudo'c
545 4383 659 4441 virum
672 4381 782 4442 bonum
792 4383 824 4442 ia
835 4383 1026 4462 oppositione
1035 4385 1106 4444 viri
1122 4383 1200 4456 mali,
1211 4383 1262 4446 ben
1275 4383 1477 4466 guttnillottn,

283 4469 445 4548 significat3
470 4461 581 4549 ὁᾶνῆρ
598 4464 718 4549 ἀγαθός
737 4493 812 4533 vero
832 4475 883 4535 vel
904 4466 1052 4552 araeded
1071 4467 1144 4550 ἀνήρ
1161 4472 1276 4534 indicat
1296 4476 1402 4559 virum,
1428 4478 1479 4557 qui

281 4556 409 4634 bonus,
435 4581 506 4620 non
528 4561 648 4622 malus
669 4563 721 4634 sit,
745 4574 776 4624 at
798 4565 881 4625 valet
901 4565 981 4625 idem
997 4585 1031 4625 ac
1046 4574 1181 4625 nostrum
1205 4565 1249 4628 citt
1266 4576 1349 4647 galet
1367 4564 1477 4631 wana.

284 4647 324 4710 cf.
346 4649 512 4730 stipata,
536 4652 877 4734 elementotqtommatit
901 4656 949 4718 bet
973 4674 1016 4737 gr.
1034 4656 1114 4736 &aa
1138 4655 1239 4734 bona.
1265 4653 1361 4718 1849.
1386 4654 1415 4720 8.
1439 4659 1476 4722 a.

285 4739 312 4816 ς.
333 4737 408 4803 148.
431 4763 460 4804 n.
483 4738 513 4804 t.
538 4764 568 4821 p.
588 4740 649 4805 181
669 4764 693 4806 s.
721 4738 899 4824 duellet,
927 4745 984 4809 (bt.
1008 4747 1229 4827 &uulgarem
1255 4748 1351 4828 maog,
1379 4745 1475 4809 1855.

287 4830 314 4906 8.
330 4827 404 4894 387.
420 4853 452 4912 p.
472 4829 535 4895 185
553 4855 576 4894 s.
595 4869 639 4880 -
656 4831 683 4920 ³)
702 4836 820 4896 Oeneae
836 4845 864 4897 et
877 4838 980 4916 praef.
999 4839 1052 4903 ce'l.
1069 4844 1125 4898 oct.
1142 4838 1217 4916 Syn.
1233 4838 1281 4904 lb.
1299 4859 1323 4900 c.
1342 4836 1372 4900 6.
1389 4839 1429 4900 Α.
1448 4854 1449 4857 ’
