3775 5625
341 395 408 460 454

343 572 404 624 tem
421 569 456 623 ln
472 585 521 623 me
537 583 602 623 nou
616 563 778 635 ferentem
793 562 957 635 fructum,
978 560 1096 620 tollet
1111 581 1156 622 eu
1166 583 1206 621 m.
1219 598 1263 606 -
1273 561 1314 623 St
1330 570 1408 643 quia
1429 570 1464 625 tn
1488 586 1539 626 rue

343 694 418 733 reon
433 676 649 748 manserit,
669 674 852 729 mittetur
866 670 1008 744 forae,
1028 671 1255 748 eteutpnlmee
1265 716 1276 748 ,
1296 679 1330 732 et
1345 682 1489 752 arescet,
1507 682 1540 735 et

343 782 495 859 colliqent
524 801 614 857 eum,
639 786 672 839 et
694 785 729 838 tn
749 783 853 854 tynam
876 783 1013 849 mittent,
1029 786 1063 839 et
1077 782 1221 856 arder).
1263 783 1304 843 At
1320 781 1446 863 palmes
1464 803 1536 846 esse

343 912 406 953 nou
430 880 552 973 potest,
575 886 628 972 qui
653 885 820 970 aliquando
853 906 917 948 rron
950 884 1067 949 vixerit
1098 886 1130 949 iu
1160 886 1241 960 vite;
1274 889 1448 954 nonenim
1472 892 1534 975 pal·

343 998 436 1063 mites
459 1002 580 1060 aliunde
605 995 799 1067 inseruntur,
826 996 881 1057 sed
899 1006 1073 1058 nascuntur
1098 1016 1139 1058 ex
1155 995 1239 1070 vite,
1271 1010 1302 1060 et
1319 1019 1383 1061 raon
1402 1000 1536 1075 mortui,

343 1110 400 1171 sed
412 1106 474 1170 vivi
484 1117 669 1175 naseuntur,
679 1103 734 1167 Sic
744 1102 841 1190 igitur
851 1101 963 1166 fideles
980 1116 1192 1167 renaseuntur
1208 1104 1240 1167 iu
1252 1105 1399 1181 Christo,
1417 1120 1449 1171 et
1465 1130 1535 1172 cum

343 1227 566 1289 renaseuntur,
584 1236 647 1277 uon
664 1211 782 1276 mortui
798 1224 882 1286 sunt,
900 1213 957 1276 sed
975 1211 1054 1285 vivi;
1073 1226 1105 1275 et
1121 1226 1227 1277 tamen
1243 1214 1281 1289 si,
1300 1228 1471 1301 postquam
1488 1239 1533 1281 re·

343 1325 408 1389 nati
439 1335 530 1397 sunt,
561 1323 702 1387 fructum
727 1323 884 1385 bonorum
907 1342 1042 1405 operum
1065 1322 1151 1385 terre
1172 1337 1342 1398 recusent,
1375 1339 1533 1401 arescunt,

343 1433 569 1519 praecidrurtur
597 1444 629 1495 et
653 1443 796 1515 pereunt.
835 1431 949 1493 Potest
970 1428 1084 1516 igitur,
1109 1431 1163 1516 qui
1178 1432 1302 1514 palmes
1318 1432 1532 1520 aliquandoiu

344 1542 423 1617 vite,
445 1541 477 1604 id
500 1553 559 1614 est,
591 1540 770 1603 membrum
790 1538 822 1602 in
844 1559 984 1622 corpore
1008 1538 1127 1603 Christi
1153 1561 1211 1624 per
1234 1539 1330 1605 fidem
1346 1542 1454 1607 vivam
1470 1544 1531 1619 fuit,

343 1650 425 1715 mitti
440 1650 473 1713 iu
488 1649 598 1737 ignem
615 1661 794 1742 aeternum,
811 1660 846 1712 ut
862 1649 972 1711 ardeat
993 1668 1132 1733 semper.
1167 1651 1258 1733 Apud
1283 1650 1530 1717 Matthaeum:

343 1764 393 1823 Et
407 1768 559 1843 quonium
582 1762 761 1822 abundavit
774 1765 944 1840 iniquiter,
964 1762 1212 1837 refrtpeeeet
1233 1767 1418 1823 ebaritas
1437 1764 1529 1824 mul-

345 1880 488 1948 torum,
522 1868 542 1933 i.
575 1889 602 1931 e,
632 1868 865 1955 exstinguetur.
900 1868 965 1942 Oret
982 1879 1089 1930 autem
1102 1878 1366 1949 perseveraverit
1381 1894 1486 1955 usque
1501 1880 1529 1935 iu

341 1986 450 2061 fiuent,
468 1985 521 2040 tte
537 1980 651 2040 sulvus
667 1986 733 2040 erit
740 1980 779 2057 ²).
804 1977 876 2040 Non
896 1997 1009 2040 omues
1025 1998 1106 2063 ergo
1118 1978 1200 2061 justi
1216 1981 1484 2062 perseverabunt,
1500 2001 1530 2044 ac

344 2110 402 2172 per
418 2088 481 2150 boe
497 2109 561 2151 uon
579 2107 691 2150 omnes
708 2086 788 2171 justi
810 2088 1025 2150 salvabuntur.
1066 2087 1099 2149 lu
1122 2086 1257 2172 epistola
1276 2088 1389 2172 priore
1415 2091 1456 2153 ad
1473 2090 1527 2155 Co·

344 2196 534 2260 riutilios:
575 2197 646 2259 Sed
665 2204 786 2276 ensdpo
810 2219 932 2279 eorpus
953 2218 1076 2260 meum:
1109 2206 1142 2259 et
1155 2206 1189 2259 tn
1205 2205 1395 2262 servitutem
1411 2203 1526 2279 redtpo,

345 2330 389 2370 ne
412 2311 543 2387 forte,
570 2329 642 2368 eum
668 2309 744 2368 alite
773 2310 1052 2388 praedicaverim,
1086 2315 1173 2389 ipse
1204 2313 1403 2388 reprobus
1435 2312 1528 2384 effl-

346 2417 479 2496 etar³).
521 2416 622 2494 Quum
645 2437 725 2503 ergo
747 2416 817 2500 ipse
840 2417 1017 2499 Apostolus
1041 2416 1145 2490 timet,
1168 2437 1206 2480 ue
1228 2418 1440 2501 reprobetur:
1467 2417 1528 2503 quis

340 2525 502 2611 justorum
519 2526 558 2588 de
576 2525 676 2587 salute
694 2545 754 2588 sua
770 2524 813 2587 ita
829 2545 966 2614 securus
983 2525 1035 2599 sit,
1052 2537 1086 2587 ut
1102 2521 1140 2588 ei
1156 2524 1308 2590 excidere
1325 2528 1487 2611 nequeat?
1502 2527 1529 2589 lu

346 2634 440 2718 epist.
458 2634 496 2696 ad
515 2633 689 2697 Galatas:
707 2612 906 2697 Evacuat't
922 2643 1020 2696 eatis
1038 2657 1058 2697 a
1072 2636 1215 2709 Christo,
1233 2643 1288 2717 qut
1304 2643 1340 2697 tn
1357 2639 1527 2714 teyeJ'uatr'·

342 2749 505 2825 fienmtnt:
539 2750 709 2822 aprutio
731 2748 1002 2823 certatorem).
1045 2743 1211 2821 Quomodo
1236 2755 1341 2806 autem
1358 2743 1529 2828 potuissent

347 2851 496 2916 evacuari
513 2873 531 2915 a
548 2851 676 2916 Christo
694 2866 726 2916 et
743 2874 761 2915 a
777 2852 881 2942 gratia
898 2851 1065 2927 excidere,
1089 2853 1117 2916 si
1138 2852 1168 2914 in
1192 2852 1320 2916 Christo
1337 2866 1371 2916 et
1386 2853 1419 2916 in
1436 2854 1529 2941 gratia

347 2983 506 3047 nunquam
522 2961 679 3026 luissent?
704 2966 806 3048 Atque
823 2962 854 3025 in
871 2962 1132 3046 Apocalypsi:
1167 2964 1281 3024 Habeo
1300 2967 1478 3027 adversum
1493 2973 1526 3043 te,

347 3076 438 3156 quod
451 3079 687 3135 ebarttutem
704 3082 810 3135 tunm
822 3082 988 3155 primam
1005 3075 1258 3154 retiqutsffl).

453 3187 480 3245 b.
499 3183 799 3247 commemorantur
830 3182 861 3246 in
894 3185 953 3246 SS.
976 3181 1106 3245 Litteris
1138 3180 1226 3244 varia
1252 3183 1400 3265 exempla
1416 3182 1527 3269 gratiae
1572 3190 1577 3263 l

347 3293 493 3357 amissae.
518 3294 588 3356 Huc
604 3292 742 3376 pertinet
757 3294 865 3376 lapsus
882 3293 1090 3379 Angelorum,
1107 3303 1390 3375 protoparentum,
1406 3294 1447 3356 ad
1462 3291 1526 3357 ima·

347 3403 455 3489 ginem
472 3415 504 3466 et
520 3402 757 3465 similitudinem
774 3401 833 3465 Dei
850 3401 1062 3474 conditorum,
1080 3399 1326 3474 Sauli,DavidiS,
1344 3400 1406 3464 viri
1424 3423 1526 3466 secuu-

348 3515 421 3575 dum
439 3535 496 3576 eor
513 3510 640 3575 Domini
649 3518 694 3592 6),
711 3512 909 3585 SalomoniS,
931 3532 1031 3596 porro
1048 3509 1150 3584 Petri,
1173 3511 1404 3593 Apostolorum
1422 3509 1526 3597 princi·

349 3621 429 3705 cipis
439 3623 474 3699 ⁷),
492 3621 603 3694 Judae,
621 3633 712 3705 atque
725 3620 898 3684 Alexandri
914 3633 946 3684 et
961 3619 1144 3705 Hymenaei,
1161 3628 1215 3701 qut
1232 3627 1321 3681 elren
1335 3624 1435 3700 fidem
1451 3643 1526 3683 nnu-

348 3737 573 3811 fruparerunt
581 3729 618 3808 ⁸).
637 3730 723 3808 Quae
741 3731 887 3814 exempla
900 3729 961 3793 alia
978 3731 1208 3802 demonstrant,
1219 3727 1376 3810 justitiam
1393 3750 1491 3813 posse
1504 3738 1528 3790 et

349 3837 449 3901 amitti
482 3850 514 3901 et
544 3839 747 3922 recuperari,
779 3839 838 3902 alia
860 3838 1016 3910 indicant,
1048 3858 1147 3921 posse
1174 3838 1282 3921 justos
1315 3836 1359 3900 ita
1389 3838 1527 3902 excidere

343 3947 482 4031 justitia,
514 3959 548 4010 ut
579 3947 663 4010 inter
688 3950 847 4031 reprobos
870 3946 1030 4010 numerari
1048 3968 1112 4008 nou
1129 3946 1198 4009 siue
1215 3946 1341 4009 ratione
1360 3949 1527 4010 credantur.

348 4055 491 4141 Denique

454 4191 479 4230 e.
507 4166 618 4231 fideles
649 4167 765 4232 ibidem
797 4167 977 4232 excitantur
1005 4166 1223 4253 frequentibus
1251 4165 1527 4236 exhortationibus,

350 4275 648 4341 comminationibus
681 4299 719 4342 ao
750 4278 1037 4362 promissionibus,
1059 4290 1093 4340 ut
1111 4276 1149 4362 ¹iu
1174 4289 1306 4360 accepta
1322 4275 1450 4359 justitia
1468 4295 1527 4361 per·

350 4398 519 4459 soverent,
546 4408 616 4449 oum
639 4400 724 4451 metu
741 4408 779 4450 ae
804 4400 944 4450 tremore
970 4388 1102 4450 salutem
1127 4406 1216 4448 suam
1256 4398 1448 4468 operentur,
1478 4403 1525 4468 per

349 4543 565 4554 ψ-

459 4594 485 4665 ¹¹)
504 4589 595 4650 Joan.
616 4583 667 4660 15,
685 4585 715 4648 2.
733 4586 763 4649 6.
798 4625 840 4634 -
874 4586 1103 4665 allatura,
1124 4585 1265 4650 12-13.
1302 4622 1341 4631 -
1377 4588 1404 4667 ³)
1425 4586 1453 4648 1.
1470 4585 1525 4646 (ior.

350 4678 451 4750 Mi.
485 4716 529 4723 -
562 4681 589 4760 ⁴)
606 4674 675 4740 Gal.
692 4678 722 4750 5,
740 4677 771 4740 4.
806 4717 846 4723 -
874 4678 1112 4758 5)Αροο.2,4.
1132 4677 1326 4741 ostreo.
1346 4673 1524 4752 isti-22.

349 4771 456 4831 Matth.
479 4768 538 4842 26,
561 4766 614 4831 41.
646 4773 732 4831 Rom.
753 4769 814 4842 11,
841 4768 984 4831 20-22.
1020 4769 1048 4831 1.
1067 4772 1144 4832 Tim.
1162 4769 1193 4843 4,
1213 4768 1240 4830 1.
1259 4767 1288 4841 6,
1309 4766 1362 4830 10.
1396 4762 1523 4832 Hebri,

350 4859 449 4925 4-8.
482 4897 525 4905 —
558 4861 648 4937 ⁶)Oi.
680 4862 748 4922 Aet.
770 4859 821 4936 13,
838 4858 891 4925 22.
925 4897 967 4906 -
1000 4862 1024 4943 ⁷)
1042 4861 1087 4926 Of.
1106 4860 1198 4923 Joan.
1218 4858 1268 4934 13,
1289 4857 1340 4922 10.
1373 4896 1416 4905 -
1450 4855 1523 4938 ⁸)cf.

352 4951 380 5029 1.
399 4953 477 5014 Tim.
497 4950 526 5027 l,
545 4949 686 5017 19-20,
