3775 5625
1459 412 1526 501 bit

339 598 760 686 sanctificationem).
784 601 827 663 Et
841 589 971 664 iterum:
989 601 1063 664 Hac
1078 616 1153 679 erqo
1165 590 1320 664 babentes
1331 607 1526 682 promtccto·

343 733 417 790 nec,
436 717 633 788 ctartcctmt,
652 713 843 773 medemur
859 732 921 772 aaa
937 714 978 772 ab
996 718 1081 773 ornat
1097 719 1335 793 inquinamento
1354 719 1478 791 carnis,
1497 720 1530 774 et

342 827 495 902 optritae,
520 825 790 900 perficientes
821 826 1196 899 sanctificationem
1219 828 1255 883 tn
1280 829 1396 883 timore
1420 821 1527 900 Μ’).

345 928 466 1007 Quibus
482 928 649 992 manifeste
666 929 769 1001 docet,
786 949 843 1012 per
859 950 958 1012 opera
969 929 1112 1012 justitiae
1130 951 1189 993 nos
1206 931 1245 994 ad
1262 931 1417 1013 majorem
1433 929 1527 1012 justi·

344 1037 419 1102 tiam
441 1058 479 1101 ac
502 1036 701 1101 sanctitatem
726 1036 883 1121 proficere
893 1039 929 1117 ³).
976 1038 1055 1117 Quin
1081 1038 1145 1102 imo
1171 1037 1283 1124 quodsi
1305 1037 1409 1102 omnia
1431 1058 1530 1123 opera

344 1157 479 1229 peccata
495 1159 621 1210 essent:
655 1146 748 1210 etiam
767 1168 848 1230 opus
864 1145 955 1220 fidei,
988 1169 1049 1232 quo
1062 1146 1290 1230 justificamur,
1312 1160 1399 1211 esset
1415 1167 1528 1231 pecca·
1634 1151 1637 1155 ’

345 1267 427 1328 tum;
444 1267 476 1319 et
491 1268 657 1340 peccatum
674 1268 763 1319 esset
778 1254 831 1319 itta
847 1255 965 1329 oratio,
982 1277 1074 1341 quam
1091 1256 1265 1330 tundimus,
1288 1277 1359 1320 cum
1380 1254 1529 1320 dicimus:

344 1368 480 1428 Dimitte
494 1369 590 1427 natta
606 1368 713 1427 dedita
728 1374 854 1428 nostra.
893 1367 935 1428 At
952 1386 1056 1428 nonne
1074 1365 1338 1430 absurdissimum
1354 1376 1457 1438 esset,
1474 1365 1529 1428 ho·

346 1475 463 1539 minem
483 1493 541 1559 per
563 1486 730 1558 peccatum
740 1472 926 1557 justificari,
942 1486 975 1538 et
991 1474 1021 1538 in
1033 1474 1159 1558 justitia
1175 1494 1399 1561 perseverare,
1424 1486 1455 1539 et
1471 1493 1530 1559 per

343 1594 513 1666 peccatum
529 1603 683 1667 quaerere
704 1594 737 1647 et
755 1582 925 1666 impetrare
942 1583 1167 1648 remissionem
1183 1583 1327 1670 peccati?
1355 1582 1487 1657 Deinde,
1504 1581 1531 1647 si

347 1690 453 1755 omnia
471 1711 569 1775 opera
580 1693 742 1775 justornm
755 1703 833 1755 sunt
849 1704 991 1776 peccata,
1008 1714 1068 1777 qna
1083 1694 1188 1757 fronte
1205 1693 1312 1757 dicere
1328 1691 1431 1776 potuit
1446 1694 1532 1776 Apo·

346 1800 465 1864 stolus:
482 1803 576 1863 Nttttt
589 1808 666 1863 mtttt
681 1810 834 1864 conectat
849 1805 945 1864 cum?
973 1802 1141 1866 Nullumne
1158 1803 1274 1866 bonum
1292 1823 1374 1886 opus
1392 1802 1532 1866 iecerat?

348 1921 404 1975 aut
420 1929 497 1974 vero
514 1929 553 1973 an
570 1909 749 1997 ignorabat,
765 1909 817 1973 illa
833 1910 904 1993 ipsa
920 1930 1019 1994 opera
1035 1922 1167 1994 peccata
1183 1931 1255 1975 esse
1272 1909 1441 1974 mortalia?
1465 1909 1533 1974 Nec

346 2037 412 2082 nou
429 2017 545 2104 ingens
561 2016 676 2102 injuria
686 2017 869 2081 Redemtori
885 2017 988 2092 fieret,
1005 2026 1060 2101 qai
1076 2023 1166 2081 dedr't
1178 2028 1385 2101 semetipsam
1396 2040 1459 2101 pro
1475 2040 1532 2081 aa·

349 2129 410 2197 dte,
439 2132 478 2189 ut
499 2148 572 2189 noc
588 2130 807 2188 redimeret
826 2130 871 2188 ab
898 2135 999 2190 ornat
1019 2134 1257 2210 iniquitate,
1276 2132 1537 2191 etrnandaret

349 2238 430 2297 etde·
442 2238 634 2316 papatum
655 2238 953 2315 acceptabilem,
977 2245 1216 2300 sectatorem
1232 2241 1427 2301 bonoram
1444 2260 1533 2320 ope·

348 2349 479 2423 rumt).
503 2344 584 2408 Nam
600 2342 627 2408 si
644 2344 750 2408 omnia
766 2364 864 2428 opera
880 2357 991 2408 nostra
1007 2366 1071 2408 non
1088 2357 1208 2409 tantum
1231 2359 1318 2421 ante,
1340 2346 1397 2411 sed
1413 2359 1445 2410 et
1460 2360 1535 2432 post

349 2465 495 2517 nostram
520 2452 784 2537 justificationem
806 2454 886 2517 maia
908 2467 1031 2528 essent,
1053 2475 1071 2518 a
1094 2455 1177 2519 mdla
1196 2477 1257 2520 nos
1279 2455 1442 2542 iniquitate
1458 2476 1535 2520 vere

348 2561 550 2636 redemisset,
566 2582 627 2626 nec
643 2582 718 2627 uere
735 2563 885 2646 populum
897 2564 1091 2638 mundasset,
1108 2585 1168 2628 nec
1184 2577 1364 2629 sectatores
1381 2585 1442 2629 nos
1459 2572 1534 2648 ope·

349 2691 422 2734 rum
437 2690 512 2734 vere
528 2671 696 2744 bonorum,
713 2672 769 2735 scd
785 2683 992 2756 peccatorum
1008 2671 1178 2738 effecisset.
1213 2675 1353 2737 Tandem
1375 2674 1534 2759 quomodo

349 2798 520 2863 possemus
551 2778 590 2844 ad
611 2800 710 2863 opera
729 2781 814 2845 bona
835 2779 995 2869 obstringi
1017 2794 1109 2866 atque
1130 2781 1162 2844 in
1189 2786 1247 2848 SS.
1264 2783 1395 2847 Litteris
1420 2782 1534 2868 ubique

349 2887 486 2953 excitari
508 2900 540 2952 et
561 2889 774 2969 admoneri⁵)‚
806 2890 835 2954 si
857 2911 915 2975 per
935 2889 988 2954 illa
1011 2890 1139 2955 nonnisi
1160 2912 1310 2956 numerus
1327 2903 1535 2975 pcccatorum

350 3009 535 3085 augeretur,
551 3010 584 3062 et
600 3019 697 3082 prava
712 2998 836 3063 indoles
854 3010 966 3064 nostra
981 3003 1206 3065 accresceret?

352 3274 380 3356 ξ.
400 3267 492 3341 127.
510 3275 663 3360 opera
687 3275 808 3368 bona
823 3276 936 3344 sunt
954 3274 1227 3344 adsalutem
1248 3273 1536 3347 necessaria.

460 3464 565 3529 Etiam
581 3466 737 3530 sententia
752 3467 831 3531 haec
847 3467 965 3552 prioris
988 3467 1163 3532 sententiae
1185 3468 1404 3533 trecessarium
1422 3489 1534 3533 conso·

353 3592 454 3658 quens
477 3585 535 3638 est.
574 3574 700 3638 Etenim
722 3575 750 3640 si
775 3576 858 3639 bona
883 3598 983 3661 opera
1003 3576 1214 3662 impossibilia
1229 3577 1311 3641 hand
1328 3590 1418 3642 suin:
1445 3579 1483 3641 ad
1501 3599 1538 3642 ea

352 3684 538 3768 peragenda
553 3704 677 3768 quoque
695 3685 934 3772 obstringimur‚
952 3687 1053 3772 iisque
1071 3686 1227 3774 neglectis
1244 3687 1377 3752 salutem
1393 3700 1537 3753 nostram

353 3790 482 3856 minian
498 3791 632 3876 adipisci
648 3816 829 3878 possumus.
860 3795 981 3860 Contra
1004 3796 1251 3862 Protestautium
1273 3818 1417 3861 errorem
1439 3819 1537 3881 oppo-

354 3899 466 3974 situm,
491 3902 593 3965 solam
608 3901 718 3978 fidem,
736 3924 931 3990 nequaqnam
949 3917 1053 3969 autem
1070 3927 1169 3991 opera
1186 3907 1223 3969 ad
1241 3906 1376 3969 salutem
1393 3926 1466 3969 esse
1484 3925 1536 3968 ne·
1559 3986 1561 3990 Ι

355 4009 514 4085 cessaria,
530 4022 563 4075 et
576 4010 649 4076 ideo
670 4013 831 4076 hominem
847 4035 910 4077 non
929 4013 1028 4079 teneri
1045 4017 1083 4079 ad
1101 4006 1358 4080 observationem
1375 4014 1536 4077 mandato·
1597 4016 1599 4020 ’

353 4140 425 4182 rum
457 4117 650 4195 divinorum,
682 4132 715 4184 ut
747 4134 910 4186 aeternam
941 4125 1077 4188 salutem
1109 4133 1335 4207 consequatur,
1367 4134 1538 4207 sequentes

356 4226 473 4292 Cone.
506 4227 772 4293 Tridentinum
795 4231 903 4315 posuit
925 4237 1088 4296 canoncsz‘
1116 4231 1155 4293 Sc·
1176 4239 1248 4308 quic
1271 4221 1411 4311 dtacrtt,
1436 4231 1541 4293 mittit

353 4344 612 4418 praeceptum
644 4361 732 4401 ecce
758 4347 796 4402 in
824 4343 1045 4419 annqetto
1067 4350 1237 4421 praeter
1259 4344 1398 4419 sidera,
1430 4347 1538 4401 cetera

357 4468 431 4507 ecce
451 4448 686 4527 indifferentia,
704 4470 804 4531 raeque
817 4460 1008 4530 praecepta,
1030 4473 1133 4532 noqac
1145 4453 1323 4530 probtbtta,
1341 4453 1402 4510 aed
1415 4452 1538 4527 tibera;

450 4682 1540 4774 1)Βοιιι.6,19.--’)2.Οοι·.7,1.---3)(11.Αιιοε.22,11.--

360 4773 386 4853 ⁴)
402 4769 466 4835 Tit.
483 4770 514 4847 2,
532 4771 583 4836 14.
616 4811 660 4821 —
692 4775 952 4853 ⁵)cf.Matth.5‚
972 4774 1178 4859 16.J0an.5‚
1197 4775 1248 4840 14.
1283 4776 1310 4841 1.
1329 4777 1398 4838 Cor.
1418 4774 1469 4854 15,
1486 4774 1540 4842 34.

362 4862 390 4928 1.
406 4864 487 4928 Tim.
504 4862 535 4949 6,
554 4860 606 4931 17.
623 4867 685 4931 Tit.
703 4864 735 4942 3,
752 4865 803 4933 14.
825 4868 855 4934 2.
871 4872 953 4936 Petr.
971 4868 1000 4942 l,
1020 4866 1071 4936 10.
1096 4866 1124 4931 1.
1141 4868 1233 4931 doen.
1250 4866 1281 4944 2,
1299 4866 1328 4936 1.
1345 4877 1404 4931 otc.

1217 4974 1260 5043 35
