3775 5625
1438 445 1502 512 169

306 628 447 681 mactare
478 614 602 678 audeat.
633 614 727 698 Vetat
750 625 856 676 tamen
880 610 974 675 simul
1003 610 1183 696 quempiam
1212 613 1380 687 adserere,
1417 613 1502 697 quod

293 737 441 810 propter
455 723 520 788 hoc
542 722 737 788 contrariam
759 721 943 806 opinionem
965 733 1112 785 tenentes
1142 721 1288 786 haeresis
1306 720 1428 787 crimen
1448 733 1503 786 aut

287 835 442 900 mortale
457 845 626 919 peccatum
640 832 850 910 incurrant¹).
869 831 1048 896 Clemens
1063 832 1115 896 Xl.
1133 832 1307 907 mandavit,
1330 844 1368 895 at
1379 835 1503 908 festam

284 945 540 1026 &acceptionis
563 947 605 1011 B.
629 945 679 1010 M.
706 946 741 1006 V.
764 948 1046 1006 immaculatae
1067 949 1105 1004 de
1130 955 1300 1024 praecepto
1328 948 1447 1021 atique
1467 948 1503 1005 ia

277 1066 471 1133 posteram
489 1056 721 1131 adscroctw).
750 1054 852 1137 Atque
874 1052 933 1115 suh
956 1050 1149 1138 Gregorio
1171 1051 1253 1115 XVl.
1275 1054 1308 1116 S.
1332 1050 1501 1139 Congre-

278 1162 420 1247 gatio
451 1163 607 1228 Rituum
639 1160 746 1226 multis
777 1160 935 1226 Ecclesiis
976 1159 1138 1235 Galliae,
1171 1160 1391 1236 Americae,
1431 1165 1499 1226 hn-

280 1272 429 1357 gliae‚
454 1272 592 1338 ltaliae
608 1292 647 1336 ac
663 1270 895 1336 Germaniae
910 1270 1059 1345 indulsit,
1084 1283 1118 1335 ut
1132 1269 1165 1334 in
1193 1270 1391 1355 praefatione
1412 1269 1499 1335 festi·

280 1379 414 1446 vitatis
446 1380 737 1467 conceptionis
758 1382 792 1445 B.
814 1382 851 1445 V.
878 1383 1006 1446 vocula:
1036 1382 1083 1445 Et
1112 1383 1155 1443 Te
1186 1386 1220 1445 ia
1253 1386 1502 1444 immaculata

285 1490 589 1573 O'oaceptiaae,
617 1504 650 1556 et
673 1490 706 1554 in
726 1488 860 1554 Litaniis
885 1488 1076 1554 Laurctanis
1106 1488 1251 1576 rogatio:
1283 1492 1409 1569 Reqiaa
1431 1495 1502 1554 siae

283 1609 435 1665 nacula
451 1613 621 1683 conrepta,
647 1621 675 1664 o.
688 1624 722 1680 p.
740 1621 783 1674 a,
808 1600 979 1663 adderetur
991 1599 1027 1678 ⁸).
1051 1597 1250 1673 Permissus,
1274 1597 1339 1662 imo
1367 1600 1499 1682 praece·

283 1719 381 1791 ptus
402 1709 509 1796 itaque
525 1722 576 1775 est
607 1710 711 1774 cultus
741 1709 961 1773 immaculatae
986 1709 1020 1772 B.
1046 1709 1083 1771 V.
1112 1706 1340 1792 Cariceptionis
1368 1709 1499 1773 allam.

275 1816 532 1895 ¹l'ontilicihus,
556 1818 677 1905 reliquo
703 1819 900 1904 Episcopatu
926 1819 1009 1882 haud
1033 1817 1258 1892 dissentiente,
1288 1817 1333 1882 ita
1357 1830 1393 1881 ut
1423 1838 1499 1882 con·

282 1944 423 1993 tensus
450 1928 547 1993 totins
568 1928 736 1994 Ecclesiae
758 1928 924 2013 dispersae
946 1929 1133 2003 haberetur,
1157 1949 1250 2013 mam
1273 1927 1369 1992 etiam
1389 1929 1421 1994 in
1447 1950 1500 1994 re·

280 2032 367 2103 hus
383 2037 569 2122 disciplinae
584 2040 636 2103 vel
651 2038 759 2124 potius
776 2060 902 2102 morum
916 2037 1112 2103 infallibilem
1132 2059 1222 2113 esse,
1246 2060 1310 2103 non
1328 2060 1427 2124 posse
1445 2041 1499 2105 ad·

279 2141 458 2224 dubitari,
482 2148 556 2213 alibi
572 2148 781 2213 ostendimus.

414 2256 444 2321 5.
463 2260 566 2323 Totus
583 2258 650 2323 fere
668 2258 756 2323 orhis
774 2258 974 2324 Christianus
986 2260 1169 2323 celebrabat
1185 2259 1302 2325 festum
1315 2258 1397 2324 diem
1415 2259 1497 2325 Con·

276 2366 464 2450 captionis
489 2368 524 2432 V.
546 2368 683 2442 Mariae,
707 2389 839 2453 eamque
865 2389 984 2433 vocare
1012 2381 1226 2433 consueverat
1256 2368 1498 2434 immaculatam.

275 2467 578 2545 Quemadmodum
605 2489 711 2541 autem
733 2477 881 2541 Ecclesia
897 2479 1019 2541 docens
1034 2478 1067 2541 in
1084 2478 1231 2543 doctrina
1247 2479 1399 2543 aberrare
1415 2479 1499 2542 haud

274 2583 402 2661 valet,
426 2584 470 2649 ita
491 2606 616 2673 quoqne
638 2585 828 2651 universalis
849 2587 999 2653 Ecclesia
1020 2587 1149 2652 discens
1165 2587 1198 2651 in
1219 2586 1281 2652 lide
1302 2608 1367 2651 non
1391 2598 1500 2672 potest

275 2684 457 2759 deficere.

414 2804 444 2869 6.
464 2805 529 2869 Sed
546 2826 606 2870 nec
621 2804 764 2871 rationes
786 2806 988 2894 theologicae
1013 2807 1128 2871 desunt
1151 2808 1190 2871 ad
1211 2808 1293 2872 hanc
1309 2806 1499 2872 sententiam

234 2944 235 2949 .
278 2912 567 2979 corffirmantm.
591 2914 672 2979 Nam
696 2936 819 2980 summa
846 2915 979 2991 siluisti,
1008 2916 1250 2992 Dei-hominis,
1283 2916 1420 3005 dignitas
1444 2939 1498 3003 po·

234 3076 236 3111 ι
278 3023 425 3087 ttulare
446 3022 585 3099 videtur,
609 3037 644 3088 ut
658 3045 739 3109 pura
755 3037 843 3090 esset
859 3037 975 3100 mater,
999 3018 1086 3112 quae
1101 3026 1186 3090 illum
1209 3047 1268 3111 per
1290 3025 1444 3111 Spiritum
1465 3030 1499 3092 S.

279 3132 479 3217 concipere
496 3153 534 3197 ac
550 3154 664 3217 parere
687 3135 812 3199 meruit.
837 3136 952 3200 Decuit
974 3157 1068 3211 sarie,
1093 3149 1127 3200 ut
1142 3137 1245 3201 hlater
1260 3134 1321 3200 Dei
1341 3157 1500 3222 nunquam

281 3241 481 3306 exsisteret
502 3243 572 3307 Deo
598 3243 740 3317 inimica,
763 3256 796 3308 et
823 3244 947 3332 Regina
972 3245 1170 3331 Angelorum
1193 3266 1352 3330 nunquam
1374 3245 1500 3310 subdita

286 3360 398 3414 esset
413 3351 551 3416 diaholo.

417 3460 445 3524 7.
461 3461 605 3547 Denique
629 3464 667 3527 de
684 3462 746 3528 lide
763 3475 827 3539 est,
853 3475 906 3527 aut
927 3464 1041 3527 saltem
1067 3462 1141 3528 fidei
1162 3464 1362 3549 proximum,
1385 3486 1498 3530 secun·

299 3559 383 3631 lum
405 3569 625 3635 Concilium
648 3572 933 3647 Tridentium,
957 3575 991 3638 B.
1013 3572 1180 3660 Virginem
1202 3596 1260 3660 per
1282 3587 1383 3640 totam
1403 3574 1500 3640 vitam

307 3669 347 3734 ab
368 3679 465 3755 ornan,
490 3680 585 3745 etiam
601 3682 733 3757 veniali,
756 3696 890 3767 peccato
908 3683 1023 3748 actuali
1037 3683 1209 3749 immunem
1225 3685 1394 3751 mansisse.
1413 3687 1500 3766 Quae

313 3788 531 3874 omnisculpae
543 3791 721 3874 personalis
733 3791 915 3856 immunitas
932 3792 1119 3857 necessario
1130 3793 1360 3859 immunitatem
1375 3816 1499 3882 quoque

319 3897 433 3982 aculpa
455 3898 603 3986 originali
626 3899 790 3986 exposcit3
816 3923 888 3965 cum
910 3900 1111 3985 impossihile
1128 3902 1194 3991 sit,
1207 3915 1242 3967 ut
1259 3903 1311 3988 qui
1333 3917 1500 3988 peccatum

322 4003 464 4092 originale
481 4028 543 4072 una
559 4030 631 4073 cum
647 4030 706 4074 suo
718 4008 828 4074 fomite
841 4010 1049 4086 contraxerit,
1067 4010 1170 4076 omnis
1181 4011 1306 4096 peccati
1319 4013 1500 4096 personalis

322 4131 425 4199 expers
442 4116 485 4181 sit
494 4117 531 4197 ⁴).

319 4251 524 4264 U———n

417 4322 443 4403 ¹)
461 4320 565 4386 Oonat.
591 4322 771 4383 Sollicitudo
791 4323 924 4383 omnium
943 4324 1160 4386 Ecclesiatam.
1187 4321 1217 4385 8.
1248 4325 1324 4385 Dec.
1354 4345 1380 4386 a.
1405 4322 1500 4387 1661.
1589 4331 1590 4334 ’

315 4413 337 4493 ²)
354 4409 456 4472 Oonst.
476 4413 623 4474 Oommisi
637 4413 730 4476 vohis.
748 4412 777 4477 6.
793 4415 869 4473 Dec.
887 4436 913 4475 a.
925 4411 1022 4476 1708.
1040 4451 1082 4460 —
1102 4414 1126 4492 ³)
1144 4414 1188 4477 ef.
1206 4416 1500 4498 Lambruschini‚

311 4526 359 4584 op.
375 4523 400 4566 c.
416 4524 486 4582 pag.
505 4499 579 4565 125.
597 4540 639 4548 -
660 4502 684 4584 4)
703 4503 749 4567 cf.
766 4505 960 4584 Augustin.
985 4505 1069 4567 Oaat.
1091 4507 1211 4568 Julian.
1228 4509 1247 4567 l.
1268 4509 1297 4572 5.
1315 4529 1339 4567 c.
1358 4510 1386 4568 9.
1403 4529 1433 4568 a.
1449 4510 1500 4570 36.

308 4594 391 4673 Opp.
407 4596 445 4656 Τ.
465 4591 516 4655 10.
535 4615 568 4674 c.¹
580 4591 654 4656 647.
674 4594 749 4655 Cum
766 4597 916 4656 sententia
930 4598 987 4656 hac
1003 4597 1040 4657 de
1055 4597 1245 4658 immaculata
1260 4599 1295 4660 Β.
1311 4601 1352 4660 Μ.
1365 4598 1403 4659 V.
1422 4597 1501 4658 Ocn-

304 4685 442 4764 ceptione
460 4685 532 4744 mire
549 4689 699 4746 consentit
715 4687 851 4747 Traditio
868 4689 999 4769 antiqua,
1016 4690 1178 4769 praecipua
1193 4690 1224 4749 in
1239 4689 1378 4750 Ecclesia
1395 4687 1500 4749 Orien-

302 4776 547 4849 taliasservata‚
571 4778 606 4836 B.
628 4779 666 4839 V.
688 4778 806 4859 placido
833 4800 936 4840 somno
963 4779 1087 4854 obiisse,
1119 4789 1149 4841 et
1171 4801 1283 4860 corpus
1312 4782 1378 4859 ejus
1401 4781 1431 4840 in
1452 4801 1500 4840 se·

299 4866 431 4954 pulchro
449 4866 529 4927 haud
549 4868 703 4929 inventum
720 4889 797 4930 esso.
820 4906 863 4915 -
885 4869 1027 4932 Ceterum
1048 4872 1120 4932 licat
1147 4873 1238 4934 etiam
1262 4873 1298 4934 B.
1320 4872 1358 4932 V.
1381 4879 1501 4932 mortua
