<?xml version="1.0" encoding="UTF-8"?>
<!DOCTYPE html PUBLIC "-//W3C//DTD XHTML 1.0 Transitional//EN"
    "http://www.w3.org/TR/xhtml1/DTD/xhtml1-transitional.dtd">
<html xmlns="http://www.w3.org/1999/xhtml" xml:lang="en" lang="en">
 <head>
  <title>
</title>
<meta http-equiv="Content-Type" content="text/html;charset=utf-8" />
  <meta name='ocr-system' content='tesseract 3.04.00' />
  <meta name='ocr-capabilities' content='ocr_page ocr_carea ocr_par ocr_line ocrx_word'/>
</head>
<body>
  <div class='ocr_page' id='page_1' title='image "./theologiadogmat00schwgoog/theologiadogmat00schwgoog_0523.png"; bbox 0 0 3775 5625; ppageno 0'>
   <div class='ocr_carea' id='block_1_1' title="bbox 1470 446 1535 525">
    <p class='ocr_par' dir='ltr' id='par_1_1' title="bbox 1470 446 1535 525">
     <span class='ocr_line' id='line_1_1' title="bbox 1470 446 1535 525; baseline -0.108 -1"><span class='ocrx_word' id='word_1_1' title='bbox 1470 446 1535 525; x_wconf 80' lang='lat' dir='ltr'><strong><em>tor</em></strong></span> 
     </span>
    </p>
   </div>
   <div class='ocr_carea' id='block_1_2' title="bbox 337 623 1544 4109">
    <p class='ocr_par' dir='ltr' id='par_1_2' title="bbox 342 623 1540 1480">
     <span class='ocr_line' id='line_1_2' title="bbox 342 623 1539 708; baseline -0.001 -15"><span class='ocrx_word' id='word_1_2' title='bbox 342 629 455 707; x_wconf 79' lang='lat' dir='ltr'><strong><em>fuerit</em></strong></span> <span class='ocrx_word' id='word_1_3' title='bbox 483 646 527 690; x_wconf 77' lang='lat' dir='ltr'><strong><em>ec</em></strong></span> <span class='ocrx_word' id='word_1_4' title='bbox 559 645 656 708; x_wconf 79' lang='lat' dir='ltr'><strong><em>euno,</em></strong></span> <span class='ocrx_word' id='word_1_5' title='bbox 682 635 715 690; x_wconf 90' lang='lat' dir='ltr'><strong><em>et</em></strong></span> <span class='ocrx_word' id='word_1_6' title='bbox 737 623 866 705; x_wconf 81' lang='lat' dir='ltr'><strong><em>Spiritu</em></strong></span> <span class='ocrx_word' id='word_1_7' title='bbox 893 623 943 708; x_wconf 74' lang='grc'><strong>8.,</strong></span> <span class='ocrx_word' id='word_1_8' title='bbox 970 644 1036 689; x_wconf 86' lang='lat' dir='ltr'><strong><em>non</em></strong></span> <span class='ocrx_word' id='word_1_9' title='bbox 1063 634 1172 706; x_wconf 83' lang='lat' dir='ltr'><strong><em>potest</em></strong></span> <span class='ocrx_word' id='word_1_10' title='bbox 1200 626 1339 690; x_wconf 86' lang='lat' dir='ltr'><strong><em>introire</em></strong></span> <span class='ocrx_word' id='word_1_11' title='bbox 1354 627 1388 690; x_wconf 89' lang='lat' dir='ltr'><strong><em>in</em></strong></span> <span class='ocrx_word' id='word_1_12' title='bbox 1405 643 1539 707; x_wconf 63' lang='lat' dir='ltr'><strong><em>regnum</em></strong></span> 
     </span>
     <span class='ocr_line' id='line_1_3' title="bbox 344 738 1538 818; baseline -0.002 -15"><span class='ocrx_word' id='word_1_13' title='bbox 344 743 409 803; x_wconf 84' lang='lat' dir='ltr'><strong><em>Dei</em></strong></span> <span class='ocrx_word' id='word_1_14' title='bbox 424 740 458 818; x_wconf 81' lang='lat'><strong><em>¹).</em></strong></span> <span class='ocrx_word' id='word_1_15' title='bbox 492 738 549 801; x_wconf 88' lang='lat' dir='ltr'><strong><em>Et:</em></strong></span> <span class='ocrx_word' id='word_1_16' title='bbox 569 738 717 813; x_wconf 84' lang='lat' dir='ltr'><strong><em>Quorum</em></strong></span> <span class='ocrx_word' id='word_1_17' title='bbox 733 741 925 800; x_wconf 73' lang='lat' dir='ltr'><strong><em>remiseritis</em></strong></span> <span class='ocrx_word' id='word_1_18' title='bbox 937 750 1083 818; x_wconf 80' lang='lat' dir='ltr'><strong><em>peceato,</em></strong></span> <span class='ocrx_word' id='word_1_19' title='bbox 1103 742 1311 802; x_wconf 81' lang='lat' dir='ltr'><strong><em>remittuntur</em></strong></span> <span class='ocrx_word' id='word_1_20' title='bbox 1327 743 1390 818; x_wconf 75' lang='lat' dir='ltr'><strong><em>ess,-</em></strong></span> <span class='ocrx_word' id='word_1_21' title='bbox 1406 747 1438 801; x_wconf 87' lang='lat' dir='ltr'><strong><em>et</em></strong></span> <span class='ocrx_word' id='word_1_22' title='bbox 1453 757 1538 818; x_wconf 78' lang='lat' dir='ltr'><strong><em>pno-</em></strong></span> 
     </span>
     <span class='ocr_line' id='line_1_4' title="bbox 346 845 1538 933; baseline -0.002 -20"><span class='ocrx_word' id='word_1_23' title='bbox 346 872 419 913; x_wconf 85' lang='lat' dir='ltr'><strong><em>rnrn</em></strong></span> <span class='ocrx_word' id='word_1_24' title='bbox 436 852 650 926; x_wconf 76' lang='lat' dir='ltr'><strong><em>retinueritis,</em></strong></span> <span class='ocrx_word' id='word_1_25' title='bbox 669 858 794 909; x_wconf 82' lang='lat' dir='ltr'><strong><em>retente</em></strong></span> <span class='ocrx_word' id='word_1_26' title='bbox 815 847 939 924; x_wconf 70' lang='lat' dir='ltr'><strong><em>sunt2).</em></strong></span> <span class='ocrx_word' id='word_1_27' title='bbox 973 845 1031 924; x_wconf 79' lang='lat' dir='ltr'><strong><em>Qui</em></strong></span> <span class='ocrx_word' id='word_1_28' title='bbox 1056 867 1135 933; x_wconf 84' lang='lat' dir='ltr'><strong><em>ergo</em></strong></span> <span class='ocrx_word' id='word_1_29' title='bbox 1168 846 1290 921; x_wconf 86' lang='lat' dir='ltr'><strong><em>didicit,</em></strong></span> <span class='ocrx_word' id='word_1_30' title='bbox 1322 845 1538 912; x_wconf 84' lang='lat' dir='ltr'><strong><em>necessariam</em></strong></span> 
     </span>
     <span class='ocr_line' id='line_1_5' title="bbox 346 956 1540 1041; baseline -0.004 -17"><span class='ocrx_word' id='word_1_31' title='bbox 346 957 537 1024; x_wconf 79' lang='lat' dir='ltr'><strong><em>medicinam</em></strong></span> <span class='ocrx_word' id='word_1_32' title='bbox 555 956 594 1019; x_wconf 86' lang='lat' dir='ltr'><strong><em>ad</em></strong></span> <span class='ocrx_word' id='word_1_33' title='bbox 612 957 751 1019; x_wconf 87' lang='lat' dir='ltr'><strong><em>curanda</em></strong></span> <span class='ocrx_word' id='word_1_34' title='bbox 780 968 912 1038; x_wconf 84' lang='lat' dir='ltr'><strong><em>peccata</em></strong></span> <span class='ocrx_word' id='word_1_35' title='bbox 935 956 1096 1019; x_wconf 77' lang='lat' dir='ltr'>lavacrum</span> <span class='ocrx_word' id='word_1_36' title='bbox 1128 977 1201 1020; x_wconf 88' lang='lat' dir='ltr'><strong><em>esse</em></strong></span> <span class='ocrx_word' id='word_1_37' title='bbox 1232 956 1400 1041; x_wconf 87' lang='lat' dir='ltr'><strong><em>Baptismi‚</em></strong></span> <span class='ocrx_word' id='word_1_38' title='bbox 1417 967 1540 1040; x_wconf 87' lang='lat' dir='ltr'><strong><em>etpost</em></strong></span> 
     </span>
     <span class='ocr_line' id='line_1_6' title="bbox 344 1064 1538 1154; baseline -0.004 -20"><span class='ocrx_word' id='word_1_39' title='bbox 344 1068 541 1154; x_wconf 89' lang='lat' dir='ltr'><strong><em>Baptismum</em></strong></span> <span class='ocrx_word' id='word_1_40' title='bbox 572 1065 844 1130; x_wconf 76' lang='lat' dir='ltr'><strong><em>reconciliationis</em></strong></span> <span class='ocrx_word' id='word_1_41' title='bbox 874 1078 1066 1150; x_wconf 89' lang='lat' dir='ltr'><strong><em>potestatem</em></strong></span> <span class='ocrx_word' id='word_1_42' title='bbox 1099 1066 1327 1130; x_wconf 77' lang='lat' dir='ltr'><strong><em>Sacerdotibus</em></strong></span> <span class='ocrx_word' id='word_1_43' title='bbox 1359 1087 1376 1130; x_wconf 86' lang='lat' dir='ltr'><strong><em>a</em></strong></span> <span class='ocrx_word' id='word_1_44' title='bbox 1410 1064 1538 1131; x_wconf 86' lang='lat' dir='ltr'><strong><em>Christo</em></strong></span> 
     </span>
     <span class='ocr_line' id='line_1_7' title="bbox 346 1174 1537 1260; baseline -0.004 -18"><span class='ocrx_word' id='word_1_45' title='bbox 346 1199 421 1243; x_wconf 88' lang='lat' dir='ltr'><strong><em>esse</em></strong></span> <span class='ocrx_word' id='word_1_46' title='bbox 454 1197 659 1241; x_wconf 85' lang='lat' dir='ltr'><strong><em>concessam:</em></strong></span> <span class='ocrx_word' id='word_1_47' title='bbox 686 1188 774 1239; x_wconf 87' lang='lat' dir='ltr'><strong><em>certe</em></strong></span> <span class='ocrx_word' id='word_1_48' title='bbox 800 1197 863 1238; x_wconf 93' lang='lat' dir='ltr'><strong><em>uon</em></strong></span> <span class='ocrx_word' id='word_1_49' title='bbox 886 1187 994 1260; x_wconf 90' lang='lat' dir='ltr'><strong><em>potest</em></strong></span> <span class='ocrx_word' id='word_1_50' title='bbox 1016 1187 1105 1239; x_wconf 88' lang='lat' dir='ltr'><strong><em>recte</em></strong></span> <span class='ocrx_word' id='word_1_51' title='bbox 1122 1175 1298 1260; x_wconf 88' lang='lat' dir='ltr'><strong><em>dispositus</em></strong></span> <span class='ocrx_word' id='word_1_52' title='bbox 1315 1175 1377 1239; x_wconf 90' lang='lat' dir='ltr'><strong><em>dici</em></strong></span> <span class='ocrx_word' id='word_1_53' title='bbox 1394 1178 1433 1240; x_wconf 90' lang='lat' dir='ltr'><strong><em>ad</em></strong></span> <span class='ocrx_word' id='word_1_54' title='bbox 1444 1174 1537 1259; x_wconf 90' lang='lat' dir='ltr'><strong><em>justi·</em></strong></span> 
     </span>
     <span class='ocr_line' id='line_1_8' title="bbox 346 1283 1537 1370; baseline -0.001 -19"><span class='ocrx_word' id='word_1_55' title='bbox 346 1286 545 1360; x_wconf 84' lang='lat' dir='ltr'><strong><em>ficationem,</em></strong></span> <span class='ocrx_word' id='word_1_56' title='bbox 563 1283 623 1348; x_wconf 92' lang='lat' dir='ltr'><strong><em>nisi</em></strong></span> <span class='ocrx_word' id='word_1_57' title='bbox 641 1283 798 1368; x_wconf 84' lang='lat' dir='ltr'><strong><em>ejusmodi</em></strong></span> <span class='ocrx_word' id='word_1_58' title='bbox 815 1283 933 1358; x_wconf 86' lang='lat' dir='ltr'><strong><em>media,</em></strong></span> <span class='ocrx_word' id='word_1_59' title='bbox 951 1284 1078 1370; x_wconf 86' lang='lat' dir='ltr'><strong><em>abipso</em></strong></span> <span class='ocrx_word' id='word_1_60' title='bbox 1096 1284 1234 1348; x_wconf 88' lang='lat' dir='ltr'><strong><em>Domino</em></strong></span> <span class='ocrx_word' id='word_1_61' title='bbox 1266 1284 1423 1358; x_wconf 89' lang='lat' dir='ltr'><strong><em>instituta,</em></strong></span> <span class='ocrx_word' id='word_1_62' title='bbox 1457 1283 1537 1350; x_wconf 86' lang='lat' dir='ltr'><strong><em>desi·</em></strong></span> 
     </span>
     <span class='ocr_line' id='line_1_9' title="bbox 347 1394 659 1480; baseline -0.006 -21"><span class='ocrx_word' id='word_1_63' title='bbox 347 1398 439 1461; x_wconf 90' lang='lat' dir='ltr'><strong><em>deret</em></strong></span> <span class='ocrx_word' id='word_1_64' title='bbox 455 1416 493 1459; x_wconf 87' lang='lat' dir='ltr'><strong><em>ac</em></strong></span> <span class='ocrx_word' id='word_1_65' title='bbox 509 1394 659 1480; x_wconf 84' lang='lat' dir='ltr'><strong><em>requirat.</em></strong></span> 
     </span>
    </p>

    <p class='ocr_par' dir='ltr' id='par_1_3' title="bbox 337 1502 1544 4109">
     <span class='ocr_line' id='line_1_10' title="bbox 456 1502 1537 1591; baseline 0 -22"><span class='ocrx_word' id='word_1_66' title='bbox 456 1507 507 1569; x_wconf 89' lang='lat' dir='ltr'><strong><em>lll.</em></strong></span> <span class='ocrx_word' id='word_1_67' title='bbox 530 1506 640 1591; x_wconf 89' lang='lat' dir='ltr'><strong><em>Neque</em></strong></span> <span class='ocrx_word' id='word_1_68' title='bbox 657 1502 752 1568; x_wconf 90' lang='lat' dir='ltr'><strong><em>statui</em></strong></span> <span class='ocrx_word' id='word_1_69' title='bbox 769 1515 891 1587; x_wconf 89' lang='lat' dir='ltr'><strong><em>potest,</em></strong></span> <span class='ocrx_word' id='word_1_70' title='bbox 918 1502 1014 1567; x_wconf 86' lang='lat' dir='ltr'><strong><em>fidem</em></strong></span> <span class='ocrx_word' id='word_1_71' title='bbox 1030 1525 1109 1589; x_wconf 92' lang='lat' dir='ltr'><strong><em>quae</em></strong></span> <span class='ocrx_word' id='word_1_72' title='bbox 1120 1503 1291 1588; x_wconf 88' lang='lat' dir='ltr'><strong><em>justificat,</em></strong></span> <span class='ocrx_word' id='word_1_73' title='bbox 1310 1527 1381 1569; x_wconf 89' lang='lat' dir='ltr'><strong><em>eum</em></strong></span> <span class='ocrx_word' id='word_1_74' title='bbox 1397 1504 1537 1569; x_wconf 87' lang='lat' dir='ltr'><strong><em>dilectio·</em></strong></span> 
     </span>
     <span class='ocr_line' id='line_1_11' title="bbox 346 1613 1539 1702; baseline 0 -22"><span class='ocrx_word' id='word_1_75' title='bbox 346 1638 388 1680; x_wconf 92' lang='lat' dir='ltr'><strong><em>ne</em></strong></span> <span class='ocrx_word' id='word_1_76' title='bbox 404 1628 437 1679; x_wconf 85' lang='lat' dir='ltr'><strong><em>et</em></strong></span> <span class='ocrx_word' id='word_1_77' title='bbox 459 1614 590 1701; x_wconf 88' lang='lat' dir='ltr'><strong><em>reliquis</em></strong></span> <span class='ocrx_word' id='word_1_78' title='bbox 622 1613 792 1678; x_wconf 81' lang='lat' dir='ltr'><strong><em>virtutibus</em></strong></span> <span class='ocrx_word' id='word_1_79' title='bbox 824 1614 1011 1678; x_wconf 86' lang='lat' dir='ltr'><strong><em>necessario</em></strong></span> <span class='ocrx_word' id='word_1_80' title='bbox 1044 1615 1210 1702; x_wconf 83' lang='lat' dir='ltr'><strong><em>conjungi,</em></strong></span> <span class='ocrx_word' id='word_1_81' title='bbox 1242 1629 1338 1700; x_wconf 90' lang='lat' dir='ltr'><strong><em>prout</em></strong></span> <span class='ocrx_word' id='word_1_82' title='bbox 1357 1616 1539 1680; x_wconf 88' lang='lat' dir='ltr'><strong><em>Novatores</em></strong></span> 
     </span>
     <span class='ocr_line' id='line_1_12' title="bbox 346 1722 1539 1802; baseline -0.002 -12"><span class='ocrx_word' id='word_1_83' title='bbox 346 1724 467 1791; x_wconf 89' lang='lat' dir='ltr'><strong><em>saeculi</em></strong></span> <span class='ocrx_word' id='word_1_84' title='bbox 489 1724 570 1787; x_wconf 89' lang='lat' dir='ltr'><strong><em>XVI.</em></strong></span> <span class='ocrx_word' id='word_1_85' title='bbox 604 1723 837 1787; x_wconf 89' lang='lat' dir='ltr'><strong><em>contendebant</em></strong></span> <span class='ocrx_word' id='word_1_86' title='bbox 851 1727 889 1802; x_wconf 85' lang='lat'><strong><em>³).</em></strong></span> <span class='ocrx_word' id='word_1_87' title='bbox 920 1722 1048 1787; x_wconf 86' lang='lat' dir='ltr'><strong><em>Etenim</em></strong></span> <span class='ocrx_word' id='word_1_88' title='bbox 1080 1723 1261 1788; x_wconf 86' lang='lat' dir='ltr'><strong><em>Christus</em></strong></span> <span class='ocrx_word' id='word_1_89' title='bbox 1291 1724 1476 1788; x_wconf 88' lang='lat' dir='ltr'><strong><em>Dominus</em></strong></span> <span class='ocrx_word' id='word_1_90' title='bbox 1508 1724 1539 1788; x_wconf 92' lang='lat' dir='ltr'><strong><em>id</em></strong></span> 
     </span>
     <span class='ocr_line' id='line_1_13' title="bbox 347 1832 1539 1919; baseline -0.003 -18"><span class='ocrx_word' id='word_1_91' title='bbox 347 1836 455 1910; x_wconf 84' lang='lat' dir='ltr'><strong><em>effato,</em></strong></span> <span class='ocrx_word' id='word_1_92' title='bbox 473 1856 535 1919; x_wconf 90' lang='lat' dir='ltr'><strong><em>quo</em></strong></span> <span class='ocrx_word' id='word_1_93' title='bbox 553 1832 705 1908; x_wconf 87' lang='lat' dir='ltr'><strong><em>affirmat,</em></strong></span> <span class='ocrx_word' id='word_1_94' title='bbox 721 1853 785 1895; x_wconf 94' lang='lat' dir='ltr'><strong><em>nou</em></strong></span> <span class='ocrx_word' id='word_1_95' title='bbox 803 1855 945 1909; x_wconf 89' lang='lat' dir='ltr'><strong><em>omnem,</em></strong></span> <span class='ocrx_word' id='word_1_96' title='bbox 962 1833 1014 1919; x_wconf 84' lang='lat' dir='ltr'><strong><em>qui</em></strong></span> <span class='ocrx_word' id='word_1_97' title='bbox 1030 1833 1090 1897; x_wconf 91' lang='lat' dir='ltr'><strong><em>sibi</em></strong></span> <span class='ocrx_word' id='word_1_98' title='bbox 1108 1832 1206 1908; x_wconf 89' lang='lat' dir='ltr'><strong><em>dicat,</em></strong></span> <span class='ocrx_word' id='word_1_99' title='bbox 1223 1833 1375 1909; x_wconf 90' lang='lat' dir='ltr'><strong><em>Domine,</em></strong></span> <span class='ocrx_word' id='word_1_100' title='bbox 1391 1834 1539 1909; x_wconf 91' lang='lat' dir='ltr'><strong><em>Domine,</em></strong></span> 
     </span>
     <span class='ocr_line' id='line_1_14' title="bbox 347 1942 1537 2030; baseline 0.001 -20"><span class='ocrx_word' id='word_1_101' title='bbox 347 1966 423 2010; x_wconf 90' lang='lat' dir='ltr'><strong><em>esse</em></strong></span> <span class='ocrx_word' id='word_1_102' title='bbox 454 1944 644 2009; x_wconf 89' lang='lat' dir='ltr'><strong><em>intraturum</em></strong></span> <span class='ocrx_word' id='word_1_103' title='bbox 660 1942 692 2007; x_wconf 91' lang='lat' dir='ltr'><strong><em>in</em></strong></span> <span class='ocrx_word' id='word_1_104' title='bbox 709 1964 844 2030; x_wconf 81' lang='lat' dir='ltr'><strong><em>reguum</em></strong></span> <span class='ocrx_word' id='word_1_105' title='bbox 869 1945 1057 2019; x_wconf 79' lang='lat' dir='ltr'><strong><em>coelorum,</em></strong></span> <span class='ocrx_word' id='word_1_106' title='bbox 1082 1956 1112 2008; x_wconf 92' lang='lat' dir='ltr'><strong><em>et</em></strong></span> <span class='ocrx_word' id='word_1_107' title='bbox 1128 1943 1199 2008; x_wconf 83' lang='lat' dir='ltr'><strong><em>iilos</em></strong></span> <span class='ocrx_word' id='word_1_108' title='bbox 1217 1965 1253 2008; x_wconf 86' lang='lat' dir='ltr'><strong><em>se</em></strong></span> <span class='ocrx_word' id='word_1_109' title='bbox 1270 1965 1332 2008; x_wconf 91' lang='lat' dir='ltr'><strong><em>non</em></strong></span> <span class='ocrx_word' id='word_1_110' title='bbox 1349 1957 1383 2008; x_wconf 93' lang='lat' dir='ltr'><strong><em>ut</em></strong></span> <span class='ocrx_word' id='word_1_111' title='bbox 1399 1966 1477 2010; x_wconf 92' lang='lat' dir='ltr'><strong><em>suos</em></strong></span> <span class='ocrx_word' id='word_1_112' title='bbox 1494 1943 1537 2011; x_wconf 87' lang='lat' dir='ltr'><strong><em>di-</em></strong></span> 
     </span>
     <span class='ocr_line' id='line_1_15' title="bbox 347 2051 1539 2139; baseline -0.001 -19"><span class='ocrx_word' id='word_1_113' title='bbox 347 2053 492 2139; x_wconf 79' lang='lat' dir='ltr'><strong><em>scipulos</em></strong></span> <span class='ocrx_word' id='word_1_114' title='bbox 524 2074 597 2117; x_wconf 89' lang='lat' dir='ltr'><strong><em>esse</em></strong></span> <span class='ocrx_word' id='word_1_115' title='bbox 630 2051 826 2138; x_wconf 81' lang='lat' dir='ltr'><strong><em>agniturum,</em></strong></span> <span class='ocrx_word' id='word_1_116' title='bbox 851 2053 1053 2139; x_wconf 90' lang='lat' dir='ltr'><strong><em>quiquidem</em></strong></span> <span class='ocrx_word' id='word_1_117' title='bbox 1084 2052 1268 2138; x_wconf 85' lang='lat' dir='ltr'><strong><em>prophetias</em></strong></span> <span class='ocrx_word' id='word_1_118' title='bbox 1285 2075 1323 2117; x_wconf 91' lang='lat' dir='ltr'><strong><em>ac</em></strong></span> <span class='ocrx_word' id='word_1_119' title='bbox 1340 2052 1539 2119; x_wconf 80' lang='lat' dir='ltr'><strong><em>miraculain</em></strong></span> 
     </span>
     <span class='ocr_line' id='line_1_16' title="bbox 347 2160 1540 2248; baseline 0.002 -20"><span class='ocrx_word' id='word_1_120' title='bbox 347 2163 476 2228; x_wconf 90' lang='lat' dir='ltr'><strong><em>nomine</em></strong></span> <span class='ocrx_word' id='word_1_121' title='bbox 492 2162 562 2246; x_wconf 90' lang='lat' dir='ltr'><strong><em>ejus</em></strong></span> <span class='ocrx_word' id='word_1_122' title='bbox 579 2160 644 2225; x_wconf 89' lang='lat' dir='ltr'><strong><em>sint</em></strong></span> <span class='ocrx_word' id='word_1_123' title='bbox 666 2160 794 2235; x_wconf 84' lang='lat' dir='ltr'><strong><em>edituri,</em></strong></span> <span class='ocrx_word' id='word_1_124' title='bbox 826 2161 1022 2247; x_wconf 85' lang='lat' dir='ltr'><strong><em>iniquitatem</em></strong></span> <span class='ocrx_word' id='word_1_125' title='bbox 1055 2175 1161 2226; x_wconf 88' lang='lat' dir='ltr'><strong><em>autem</em></strong></span> <span class='ocrx_word' id='word_1_126' title='bbox 1194 2162 1371 2248; x_wconf 88' lang='lat' dir='ltr'><strong><em>operaturi,</em></strong></span> <span class='ocrx_word' id='word_1_127' title='bbox 1388 2175 1438 2227; x_wconf 91' lang='lat' dir='ltr'><strong><em>sat</em></strong></span> <span class='ocrx_word' id='word_1_128' title='bbox 1454 2163 1540 2230; x_wconf 86' lang='lat' dir='ltr'><strong><em>clare</em></strong></span> 
     </span>
     <span class='ocr_line' id='line_1_17' title="bbox 337 2270 1538 2361; baseline -0.002 -23"><span class='ocrx_word' id='word_1_129' title='bbox 337 2271 524 2361; x_wconf 83' lang='lat' dir='ltr'><strong><em>significat,</em></strong></span> <span class='ocrx_word' id='word_1_130' title='bbox 552 2281 645 2356; x_wconf 87' lang='lat' dir='ltr'><strong><em>atque</em></strong></span> <span class='ocrx_word' id='word_1_131' title='bbox 676 2270 932 2357; x_wconf 80' lang='lat' dir='ltr'><strong><em>Evangelista</em></strong></span> <span class='ocrx_word' id='word_1_132' title='bbox 964 2283 1115 2347; x_wconf 85' lang='lat' dir='ltr'><strong><em>testatur,</em></strong></span> <span class='ocrx_word' id='word_1_133' title='bbox 1140 2294 1234 2358; x_wconf 90' lang='lat' dir='ltr'><strong><em>quum</em></strong></span> <span class='ocrx_word' id='word_1_134' title='bbox 1251 2271 1378 2337; x_wconf 88' lang='lat' dir='ltr'><strong><em>scribit:</em></strong></span> <span class='ocrx_word' id='word_1_135' title='bbox 1400 2276 1538 2337; x_wconf 81' lang='lat' dir='ltr'><strong><em>Verunt-</em></strong></span> 
     </span>
     <span class='ocr_line' id='line_1_18' title="bbox 348 2385 1539 2462; baseline -0.003 -14"><span class='ocrx_word' id='word_1_136' title='bbox 348 2397 453 2448; x_wconf 84' lang='lat' dir='ltr'><strong><em>tamen</em></strong></span> <span class='ocrx_word' id='word_1_137' title='bbox 469 2393 500 2444; x_wconf 90' lang='lat' dir='ltr'><strong><em>et</em></strong></span> <span class='ocrx_word' id='word_1_138' title='bbox 514 2385 774 2459; x_wconf 71' lang='lat' dir='ltr'><strong><em>exprincipibus</em></strong></span> <span class='ocrx_word' id='word_1_139' title='bbox 797 2386 891 2443; x_wconf 81' lang='lat' dir='ltr'><strong><em>multi</em></strong></span> <span class='ocrx_word' id='word_1_140' title='bbox 915 2386 1123 2446; x_wconf 80' lang='lat' dir='ltr'><strong><em>erediderunt</em></strong></span> <span class='ocrx_word' id='word_1_141' title='bbox 1147 2389 1183 2444; x_wconf 88' lang='lat' dir='ltr'><strong><em>in</em></strong></span> <span class='ocrx_word' id='word_1_142' title='bbox 1207 2404 1296 2446; x_wconf 86' lang='lat' dir='ltr'><strong><em>enm:</em></strong></span> <span class='ocrx_word' id='word_1_143' title='bbox 1328 2391 1386 2444; x_wconf 84' lang='lat' dir='ltr'><strong><em>sed</em></strong></span> <span class='ocrx_word' id='word_1_144' title='bbox 1405 2394 1539 2462; x_wconf 81' lang='lat' dir='ltr'><strong><em>propter</em></strong></span> 
     </span>
     <span class='ocr_line' id='line_1_19' title="bbox 348 2493 1538 2571; baseline -0.001 -16"><span class='ocrx_word' id='word_1_145' title='bbox 348 2494 552 2555; x_wconf 76' lang='lat' dir='ltr'><strong><em>Pharisaeos</em></strong></span> <span class='ocrx_word' id='word_1_146' title='bbox 575 2510 642 2551; x_wconf 86' lang='lat' dir='ltr'><strong><em>non</em></strong></span> <span class='ocrx_word' id='word_1_147' title='bbox 667 2493 912 2571; x_wconf 77' lang='lat' dir='ltr'><strong><em>confitebuntur,</em></strong></span> <span class='ocrx_word' id='word_1_148' title='bbox 930 2502 1000 2554; x_wconf 84' lang='lat' dir='ltr'><strong><em>nte</em></strong></span> <span class='ocrx_word' id='word_1_149' title='bbox 1016 2512 1183 2571; x_wconf 70' lang='lat' dir='ltr'><strong><em>synapoqo</em></strong></span> <span class='ocrx_word' id='word_1_150' title='bbox 1208 2513 1274 2554; x_wconf 88' lang='lat' dir='ltr'><strong><em>non</em></strong></span> <span class='ocrx_word' id='word_1_151' title='bbox 1294 2495 1489 2571; x_wconf 83' lang='lat' dir='ltr'><strong><em>ejicerentur</em></strong></span> <span class='ocrx_word' id='word_1_152' title='bbox 1500 2495 1538 2570; x_wconf 76' lang='lat'><strong><em>⁴).</em></strong></span> 
     </span>
     <span class='ocr_line' id='line_1_20' title="bbox 348 2598 1539 2685; baseline -0.001 -19"><span class='ocrx_word' id='word_1_153' title='bbox 348 2599 560 2666; x_wconf 76' lang='lat' dir='ltr'><strong><em>crediderunt</em></strong></span> <span class='ocrx_word' id='word_1_154' title='bbox 575 2599 680 2685; x_wconf 89' lang='lat' dir='ltr'><strong><em>itaque</em></strong></span> <span class='ocrx_word' id='word_1_155' title='bbox 696 2599 728 2661; x_wconf 91' lang='lat' dir='ltr'><strong><em>in</em></strong></span> <span class='ocrx_word' id='word_1_156' title='bbox 746 2598 906 2663; x_wconf 86' lang='lat' dir='ltr'><strong><em>Christum</em></strong></span> <span class='ocrx_word' id='word_1_157' title='bbox 923 2598 1104 2676; x_wconf 90' lang='lat' dir='ltr'><strong><em>Dominum,</em></strong></span> <span class='ocrx_word' id='word_1_158' title='bbox 1122 2613 1172 2665; x_wconf 92' lang='lat' dir='ltr'><strong><em>ast</em></strong></span> <span class='ocrx_word' id='word_1_159' title='bbox 1184 2622 1256 2665; x_wconf 89' lang='lat' dir='ltr'><strong><em>eum</em></strong></span> <span class='ocrx_word' id='word_1_160' title='bbox 1273 2623 1336 2665; x_wconf 92' lang='lat' dir='ltr'><strong><em>non</em></strong></span> <span class='ocrx_word' id='word_1_161' title='bbox 1349 2600 1539 2675; x_wconf 79' lang='lat' dir='ltr'><strong><em>dilexerunt,</em></strong></span> 
     </span>
     <span class='ocr_line' id='line_1_21' title="bbox 348 2707 1537 2795; baseline -0.001 -21"><span class='ocrx_word' id='word_1_162' title='bbox 348 2732 446 2775; x_wconf 88' lang='lat' dir='ltr'><strong><em>secus</em></strong></span> <span class='ocrx_word' id='word_1_163' title='bbox 469 2710 552 2774; x_wconf 90' lang='lat' dir='ltr'><strong><em>enim</em></strong></span> <span class='ocrx_word' id='word_1_164' title='bbox 575 2707 833 2794; x_wconf 89' lang='lat' dir='ltr'><strong><em>persecutionem</em></strong></span> <span class='ocrx_word' id='word_1_165' title='bbox 863 2722 998 2795; x_wconf 90' lang='lat' dir='ltr'><strong><em>propter</em></strong></span> <span class='ocrx_word' id='word_1_166' title='bbox 1019 2731 1090 2774; x_wconf 90' lang='lat' dir='ltr'><strong><em>eum</em></strong></span> <span class='ocrx_word' id='word_1_167' title='bbox 1108 2710 1323 2776; x_wconf 89' lang='lat' dir='ltr'><strong><em>sustinendam</em></strong></span> <span class='ocrx_word' id='word_1_168' title='bbox 1341 2732 1405 2774; x_wconf 90' lang='lat' dir='ltr'><strong><em>uon</em></strong></span> <span class='ocrx_word' id='word_1_169' title='bbox 1423 2710 1537 2774; x_wconf 87' lang='lat' dir='ltr'><strong><em>exhor-</em></strong></span> 
     </span>
     <span class='ocr_line' id='line_1_22' title="bbox 347 2819 1539 2896; baseline 0 -12"><span class='ocrx_word' id='word_1_170' title='bbox 347 2821 499 2885; x_wconf 86' lang='lat' dir='ltr'><strong><em>ruissent.</em></strong></span> <span class='ocrx_word' id='word_1_171' title='bbox 523 2821 542 2883; x_wconf 84' lang='lat' dir='ltr'>J</span> <span class='ocrx_word' id='word_1_172' title='bbox 548 2820 697 2885; x_wconf 88' lang='lat' dir='ltr'><strong><em>acobus</em></strong></span> <span class='ocrx_word' id='word_1_173' title='bbox 715 2832 819 2883; x_wconf 90' lang='lat' dir='ltr'><strong><em>autem</em></strong></span> <span class='ocrx_word' id='word_1_174' title='bbox 837 2819 955 2884; x_wconf 86' lang='lat' dir='ltr'><strong><em>diserte</em></strong></span> <span class='ocrx_word' id='word_1_175' title='bbox 972 2820 1078 2896; x_wconf 82' lang='lat' dir='ltr'><strong><em>tradit,</em></strong></span> <span class='ocrx_word' id='word_1_176' title='bbox 1094 2821 1189 2884; x_wconf 87' lang='lat' dir='ltr'><strong><em>etiam</em></strong></span> <span class='ocrx_word' id='word_1_177' title='bbox 1206 2822 1378 2886; x_wconf 87' lang='lat' dir='ltr'><strong><em>daemones</em></strong></span> <span class='ocrx_word' id='word_1_178' title='bbox 1396 2821 1539 2895; x_wconf 89' lang='lat' dir='ltr'><strong><em>credere,</em></strong></span> 
     </span>
     <span class='ocr_line' id='line_1_23' title="bbox 348 2927 1541 3015; baseline -0.001 -22"><span class='ocrx_word' id='word_1_179' title='bbox 348 2931 407 2994; x_wconf 88' lang='lat' dir='ltr'><strong><em>sed</em></strong></span> <span class='ocrx_word' id='word_1_180' title='bbox 425 2928 688 3002; x_wconf 87' lang='lat' dir='ltr'><strong><em>contremiscere,</em></strong></span> <span class='ocrx_word' id='word_1_181' title='bbox 705 2940 798 3013; x_wconf 85' lang='lat' dir='ltr'><strong><em>atque</em></strong></span> <span class='ocrx_word' id='word_1_182' title='bbox 814 2927 909 2992; x_wconf 90' lang='lat' dir='ltr'><strong><em>fidem</em></strong></span> <span class='ocrx_word' id='word_1_183' title='bbox 926 2929 995 2992; x_wconf 91' lang='lat' dir='ltr'><strong><em>sine</em></strong></span> <span class='ocrx_word' id='word_1_184' title='bbox 1012 2929 1163 3015; x_wconf 85' lang='lat' dir='ltr'><strong><em>operibus</em></strong></span> <span class='ocrx_word' id='word_1_185' title='bbox 1180 2951 1254 2995; x_wconf 91' lang='lat' dir='ltr'><strong><em>esse</em></strong></span> <span class='ocrx_word' id='word_1_186' title='bbox 1270 2943 1438 3004; x_wconf 88' lang='lat' dir='ltr'><strong><em>mortuam,</em></strong></span> <span class='ocrx_word' id='word_1_187' title='bbox 1456 2928 1541 2993; x_wconf 89' lang='lat' dir='ltr'><strong><em>sieut</em></strong></span> 
     </span>
     <span class='ocr_line' id='line_1_24' title="bbox 349 3037 1538 3124; baseline 0 -22"><span class='ocrx_word' id='word_1_188' title='bbox 349 3060 469 3122; x_wconf 88' lang='lat' dir='ltr'><strong><em>corpus</em></strong></span> <span class='ocrx_word' id='word_1_189' title='bbox 485 3038 554 3102; x_wconf 91' lang='lat' dir='ltr'><strong><em>sine</em></strong></span> <span class='ocrx_word' id='word_1_190' title='bbox 571 3037 684 3121; x_wconf 88' lang='lat' dir='ltr'><strong><em>spiritu</em></strong></span> <span class='ocrx_word' id='word_1_191' title='bbox 700 3050 859 3101; x_wconf 91' lang='lat' dir='ltr'><strong><em>mortuum</em></strong></span> <span class='ocrx_word' id='word_1_192' title='bbox 876 3038 918 3102; x_wconf 89' lang='lat' dir='ltr'><strong><em>sit</em></strong></span> <span class='ocrx_word' id='word_1_193' title='bbox 929 3043 967 3118; x_wconf 85' lang='lat'><strong><em>⁵).</em></strong></span> <span class='ocrx_word' id='word_1_194' title='bbox 1000 3040 1202 3124; x_wconf 80' lang='lat' dir='ltr'><strong><em>Quapropter</em></strong></span> <span class='ocrx_word' id='word_1_195' title='bbox 1221 3039 1299 3104; x_wconf 90' lang='lat' dir='ltr'><strong><em>etin</em></strong></span> <span class='ocrx_word' id='word_1_196' title='bbox 1317 3042 1350 3104; x_wconf 85' lang='lat' dir='ltr'><strong><em>S.</em></strong></span> <span class='ocrx_word' id='word_1_197' title='bbox 1369 3038 1538 3123; x_wconf 86' lang='lat' dir='ltr'><strong><em>Scriptu-</em></strong></span> 
     </span>
     <span class='ocr_line' id='line_1_25' title="bbox 347 3146 1540 3233; baseline -0.001 -21"><span class='ocrx_word' id='word_1_198' title='bbox 347 3169 406 3222; x_wconf 82' lang='lat' dir='ltr'><strong><em>ra,</em></strong></span> <span class='ocrx_word' id='word_1_199' title='bbox 421 3146 601 3212; x_wconf 84' lang='lat' dir='ltr'><strong><em>Ecclesiam</em></strong></span> <span class='ocrx_word' id='word_1_200' title='bbox 618 3167 660 3211; x_wconf 84' lang='lat' dir='ltr'><strong><em>ex</em></strong></span> <span class='ocrx_word' id='word_1_201' title='bbox 675 3147 769 3212; x_wconf 92' lang='lat' dir='ltr'><strong><em>bonis</em></strong></span> <span class='ocrx_word' id='word_1_202' title='bbox 786 3159 819 3210; x_wconf 92' lang='lat' dir='ltr'><strong><em>ct</em></strong></span> <span class='ocrx_word' id='word_1_203' title='bbox 834 3146 935 3222; x_wconf 85' lang='lat' dir='ltr'><strong><em>malis,</em></strong></span> <span class='ocrx_word' id='word_1_204' title='bbox 949 3148 1101 3232; x_wconf 86' lang='lat' dir='ltr'><strong><em>perfectis</em></strong></span> <span class='ocrx_word' id='word_1_205' title='bbox 1118 3161 1150 3212; x_wconf 88' lang='lat' dir='ltr'><strong><em>et</em></strong></span> <span class='ocrx_word' id='word_1_206' title='bbox 1165 3148 1361 3233; x_wconf 78' lang='lat' dir='ltr'><strong><em>imperfectis</em></strong></span> <span class='ocrx_word' id='word_1_207' title='bbox 1379 3159 1540 3222; x_wconf 88' lang='lat' dir='ltr'><strong><em>constare,</em></strong></span> 
     </span>
     <span class='ocr_line' id='line_1_26' title="bbox 349 3256 1540 3341; baseline 0 -20"><span class='ocrx_word' id='word_1_208' title='bbox 349 3259 485 3321; x_wconf 86' lang='lat' dir='ltr'><strong><em>docetur</em></strong></span> <span class='ocrx_word' id='word_1_209' title='bbox 497 3261 543 3336; x_wconf 77' lang='lat'><strong><em>⁵),</em></strong></span> <span class='ocrx_word' id='word_1_210' title='bbox 576 3268 669 3341; x_wconf 83' lang='lat' dir='ltr'><strong><em>atque</em></strong></span> <span class='ocrx_word' id='word_1_211' title='bbox 693 3268 803 3340; x_wconf 84' lang='lat' dir='ltr'><strong><em>aperte</em></strong></span> <span class='ocrx_word' id='word_1_212' title='bbox 835 3256 1075 3341; x_wconf 90' lang='lat' dir='ltr'><strong><em>pronuntiatur,</em></strong></span> <span class='ocrx_word' id='word_1_213' title='bbox 1100 3258 1278 3332; x_wconf 86' lang='lat' dir='ltr'><strong><em>adulteros,</em></strong></span> <span class='ocrx_word' id='word_1_214' title='bbox 1295 3258 1397 3332; x_wconf 74' lang='lat' dir='ltr'><strong><em>sureS,</em></strong></span> <span class='ocrx_word' id='word_1_215' title='bbox 1413 3277 1540 3331; x_wconf 86' lang='lat' dir='ltr'><strong><em>avaros,</em></strong></span> 
     </span>
     <span class='ocr_line' id='line_1_27' title="bbox 349 3364 1540 3453; baseline -0.001 -23"><span class='ocrx_word' id='word_1_216' title='bbox 349 3365 494 3451; x_wconf 88' lang='lat' dir='ltr'><strong><em>aliosque</em></strong></span> <span class='ocrx_word' id='word_1_217' title='bbox 518 3364 549 3428; x_wconf 92' lang='lat' dir='ltr'><strong><em>id</em></strong></span> <span class='ocrx_word' id='word_1_218' title='bbox 573 3387 677 3452; x_wconf 86' lang='lat' dir='ltr'><strong><em>genus</em></strong></span> <span class='ocrx_word' id='word_1_219' title='bbox 702 3364 869 3429; x_wconf 82' lang='lat' dir='ltr'><strong><em>criminum</em></strong></span> <span class='ocrx_word' id='word_1_220' title='bbox 893 3387 984 3440; x_wconf 90' lang='lat' dir='ltr'><strong><em>reos,</em></strong></span> <span class='ocrx_word' id='word_1_221' title='bbox 1002 3387 1020 3429; x_wconf 90' lang='lat' dir='ltr'><strong><em>a</em></strong></span> <span class='ocrx_word' id='word_1_222' title='bbox 1035 3387 1138 3453; x_wconf 83' lang='lat' dir='ltr'><strong><em>regno</em></strong></span> <span class='ocrx_word' id='word_1_223' title='bbox 1171 3367 1336 3431; x_wconf 86' lang='lat' dir='ltr'><strong><em>coelorum</em></strong></span> <span class='ocrx_word' id='word_1_224' title='bbox 1367 3365 1493 3431; x_wconf 87' lang='lat' dir='ltr'><strong><em>excludi</em></strong></span> <span class='ocrx_word' id='word_1_225' title='bbox 1502 3371 1540 3445; x_wconf 75' lang='grc' dir='ltr'><strong><em>Ι’).</em></strong></span> 
     </span>
     <span class='ocr_line' id='line_1_28' title="bbox 348 3473 1540 3561; baseline -0.002 -21"><span class='ocrx_word' id='word_1_226' title='bbox 348 3478 440 3561; x_wconf 83' lang='lat' dir='ltr'><strong><em>Ergo</em></strong></span> <span class='ocrx_word' id='word_1_227' title='bbox 452 3474 533 3559; x_wconf 90' lang='lat' dir='ltr'><strong><em>justi</em></strong></span> <span class='ocrx_word' id='word_1_228' title='bbox 549 3496 612 3538; x_wconf 90' lang='lat' dir='ltr'><strong><em>non</em></strong></span> <span class='ocrx_word' id='word_1_229' title='bbox 629 3486 719 3547; x_wconf 89' lang='lat' dir='ltr'><strong><em>sunt,</em></strong></span> <span class='ocrx_word' id='word_1_230' title='bbox 736 3473 788 3559; x_wconf 92' lang='lat' dir='ltr'><strong><em>qui</em></strong></span> <span class='ocrx_word' id='word_1_231' title='bbox 804 3473 878 3539; x_wconf 88' lang='lat' dir='ltr'><strong><em>talia</em></strong></span> <span class='ocrx_word' id='word_1_232' title='bbox 894 3487 1010 3561; x_wconf 83' lang='lat' dir='ltr'><strong><em>agunt,</em></strong></span> <span class='ocrx_word' id='word_1_233' title='bbox 1035 3474 1177 3560; x_wconf 90' lang='lat' dir='ltr'><strong><em>quamvis</em></strong></span> <span class='ocrx_word' id='word_1_234' title='bbox 1193 3475 1226 3538; x_wconf 92' lang='lat' dir='ltr'><strong><em>in</em></strong></span> <span class='ocrx_word' id='word_1_235' title='bbox 1248 3497 1381 3540; x_wconf 91' lang='lat' dir='ltr'><strong><em>nurnero</em></strong></span> <span class='ocrx_word' id='word_1_236' title='bbox 1402 3475 1540 3539; x_wconf 84' lang='lat' dir='ltr'><strong><em>fidelium</em></strong></span> 
     </span>
     <span class='ocr_line' id='line_1_29' title="bbox 350 3582 1540 3671; baseline -0.001 -22"><span class='ocrx_word' id='word_1_237' title='bbox 350 3595 589 3668; x_wconf 88' lang='lat' dir='ltr'><strong><em>computentur,</em></strong></span> <span class='ocrx_word' id='word_1_238' title='bbox 605 3595 637 3646; x_wconf 91' lang='lat' dir='ltr'><strong><em>et</em></strong></span> <span class='ocrx_word' id='word_1_239' title='bbox 653 3582 747 3648; x_wconf 86' lang='lat' dir='ltr'><strong><em>tidem</em></strong></span> <span class='ocrx_word' id='word_1_240' title='bbox 771 3604 835 3646; x_wconf 90' lang='lat' dir='ltr'><strong><em>non</em></strong></span> <span class='ocrx_word' id='word_1_241' title='bbox 858 3583 1031 3648; x_wconf 86' lang='lat' dir='ltr'><strong><em>amiserint.</em></strong></span> <span class='ocrx_word' id='word_1_242' title='bbox 1064 3586 1097 3648; x_wconf 94' lang='lat' dir='ltr'><strong><em>ld</em></strong></span> <span class='ocrx_word' id='word_1_243' title='bbox 1122 3584 1226 3670; x_wconf 89' lang='lat' dir='ltr'><strong><em>ipsum</em></strong></span> <span class='ocrx_word' id='word_1_244' title='bbox 1257 3587 1384 3650; x_wconf 78' lang='lat' dir='ltr'><strong><em>uadunt</em></strong></span> <span class='ocrx_word' id='word_1_245' title='bbox 1415 3606 1540 3671; x_wconf 89' lang='lat' dir='ltr'><strong><em>quoque</em></strong></span> 
     </span>
     <span class='ocr_line' id='line_1_30' title="bbox 350 3692 1539 3778; baseline 0 -20"><span class='ocrx_word' id='word_1_246' title='bbox 350 3696 411 3758; x_wconf 83' lang='lat' dir='ltr'><strong><em>SS.</em></strong></span> <span class='ocrx_word' id='word_1_247' title='bbox 427 3695 581 3767; x_wconf 84' lang='lat' dir='ltr'><strong><em>Patres,</em></strong></span> <span class='ocrx_word' id='word_1_248' title='bbox 603 3692 655 3778; x_wconf 92' lang='lat' dir='ltr'><strong><em>qui</em></strong></span> <span class='ocrx_word' id='word_1_249' title='bbox 679 3694 718 3757; x_wconf 83' lang='lat' dir='ltr'><strong><em>ad</em></strong></span> <span class='ocrx_word' id='word_1_250' title='bbox 739 3715 835 3756; x_wconf 92' lang='lat' dir='ltr'><strong><em>unum</em></strong></span> <span class='ocrx_word' id='word_1_251' title='bbox 857 3714 971 3757; x_wconf 91' lang='lat' dir='ltr'><strong><em>omnes</em></strong></span> <span class='ocrx_word' id='word_1_252' title='bbox 987 3693 1019 3756; x_wconf 91' lang='lat' dir='ltr'><strong><em>in</em></strong></span> <span class='ocrx_word' id='word_1_253' title='bbox 1037 3715 1075 3758; x_wconf 94' lang='lat' dir='ltr'><strong><em>eo</em></strong></span> <span class='ocrx_word' id='word_1_254' title='bbox 1094 3694 1311 3770; x_wconf 89' lang='lat' dir='ltr'><strong><em>consentiunt,</em></strong></span> <span class='ocrx_word' id='word_1_255' title='bbox 1328 3717 1391 3759; x_wconf 94' lang='lat' dir='ltr'><strong><em>nou</em></strong></span> <span class='ocrx_word' id='word_1_256' title='bbox 1408 3695 1470 3758; x_wconf 85' lang='lat' dir='ltr'><strong><em>fide</em></strong></span> <span class='ocrx_word' id='word_1_257' title='bbox 1488 3716 1539 3758; x_wconf 91' lang='lat' dir='ltr'><strong><em>so·</em></strong></span> 
     </span>
     <span class='ocr_line' id='line_1_31' title="bbox 349 3801 1541 3891; baseline 0 -25"><span class='ocrx_word' id='word_1_258' title='bbox 349 3804 415 3866; x_wconf 90' lang='lat' dir='ltr'><strong><em>lum</em></strong></span> <span class='ocrx_word' id='word_1_259' title='bbox 438 3823 518 3887; x_wconf 94' lang='lat' dir='ltr'><strong><em>opus</em></strong></span> <span class='ocrx_word' id='word_1_260' title='bbox 540 3824 631 3876; x_wconf 89' lang='lat' dir='ltr'><strong><em>esse,</em></strong></span> <span class='ocrx_word' id='word_1_261' title='bbox 654 3803 711 3867; x_wconf 89' lang='lat' dir='ltr'><strong><em>sed</em></strong></span> <span class='ocrx_word' id='word_1_262' title='bbox 733 3801 827 3867; x_wconf 89' lang='lat' dir='ltr'><strong><em>etiam</em></strong></span> <span class='ocrx_word' id='word_1_263' title='bbox 849 3801 1000 3887; x_wconf 90' lang='lat' dir='ltr'><strong><em>operibus</em></strong></span> <span class='ocrx_word' id='word_1_264' title='bbox 1022 3825 1078 3869; x_wconf 88' lang='lat' dir='ltr'><strong><em>seu</em></strong></span> <span class='ocrx_word' id='word_1_265' title='bbox 1095 3804 1264 3879; x_wconf 88' lang='lat' dir='ltr'><strong><em>charitate,</em></strong></span> <span class='ocrx_word' id='word_1_266' title='bbox 1288 3825 1383 3891; x_wconf 89' lang='lat' dir='ltr'><strong><em>quum</em></strong></span> <span class='ocrx_word' id='word_1_267' title='bbox 1396 3809 1488 3885; x_wconf 75' lang='lat' dir='ltr'><strong><em>fides,</em></strong></span> <span class='ocrx_word' id='word_1_268' title='bbox 1507 3815 1541 3867; x_wconf 93' lang='lat' dir='ltr'><strong><em>ut</em></strong></span> 
     </span>
     <span class='ocr_line' id='line_1_32' title="bbox 349 3910 1542 3996; baseline -0.001 -21"><span class='ocrx_word' id='word_1_269' title='bbox 349 3912 446 3976; x_wconf 89' lang='lat' dir='ltr'><strong><em>habet</em></strong></span> <span class='ocrx_word' id='word_1_270' title='bbox 470 3910 498 3974; x_wconf 85' lang='lat' dir='ltr'><strong><em>J.</em></strong></span> <span class='ocrx_word' id='word_1_271' title='bbox 524 3912 851 3995; x_wconf 76' lang='lat' dir='ltr'><strong><em>chrysostomus,</em></strong></span> <span class='ocrx_word' id='word_1_272' title='bbox 883 3918 954 3976; x_wconf 87' lang='lat' dir='ltr'><strong><em>sine</em></strong></span> <span class='ocrx_word' id='word_1_273' title='bbox 970 3920 1132 3996; x_wconf 77' lang='lat' dir='ltr'><strong><em>operibns,</em></strong></span> <span class='ocrx_word' id='word_1_274' title='bbox 1149 3919 1258 3994; x_wconf 73' lang='lat' dir='ltr'><strong><em>fiane</em></strong></span> <span class='ocrx_word' id='word_1_275' title='bbox 1274 3926 1397 3978; x_wconf 85' lang='lat' dir='ltr'><strong><em>tontum</em></strong></span> <span class='ocrx_word' id='word_1_276' title='bbox 1413 3918 1457 3977; x_wconf 88' lang='lat' dir='ltr'><strong><em>sit</em></strong></span> <span class='ocrx_word' id='word_1_277' title='bbox 1470 3917 1542 3975; x_wconf 87' lang='lat' dir='ltr'><strong><em>sine</em></strong></span> 
     </span>
     <span class='ocr_line' id='line_1_33' title="bbox 350 4021 1544 4109; baseline 0.002 -26"><span class='ocrx_word' id='word_1_278' title='bbox 350 4026 524 4100; x_wconf 79' lang='lat' dir='ltr'><strong><em>virtate⁸),</em></strong></span> <span class='ocrx_word' id='word_1_279' title='bbox 557 4034 661 4106; x_wconf 84' lang='lat' dir='ltr'><strong><em>atque,</em></strong></span> <span class='ocrx_word' id='word_1_280' title='bbox 679 4033 713 4084; x_wconf 94' lang='lat' dir='ltr'><strong><em>ut</em></strong></span> <span class='ocrx_word' id='word_1_281' title='bbox 739 4024 772 4085; x_wconf 79' lang='lat' dir='ltr'><strong><em>S.</em></strong></span> <span class='ocrx_word' id='word_1_282' title='bbox 789 4021 1035 4109; x_wconf 84' lang='lat' dir='ltr'><strong><em>Augustinus</em></strong></span> <span class='ocrx_word' id='word_1_283' title='bbox 1052 4022 1149 4102; x_wconf 63' lang='lat' dir='ltr'><strong><em>aits),</em></strong></span> <span class='ocrx_word' id='word_1_284' title='bbox 1180 4029 1251 4086; x_wconf 82' lang='lat' dir='ltr'><strong><em>sine</em></strong></span> <span class='ocrx_word' id='word_1_285' title='bbox 1266 4028 1425 4087; x_wconf 80' lang='lat' dir='ltr'><strong><em>enaritate</em></strong></span> <span class='ocrx_word' id='word_1_286' title='bbox 1437 4026 1544 4100; x_wconf 82' lang='lat' dir='ltr'><strong><em>possit</em></strong></span> 
     </span>
    </p>
   </div>
   <div class='ocr_carea' id='block_1_3' title="bbox 350 4254 1540 4795">
    <p class='ocr_par' dir='ltr' id='par_1_4' title="bbox 350 4254 1540 4795">
     <span class='ocr_line' id='line_1_34' title="bbox 460 4254 1539 4340; baseline 0.001 -23"><span class='ocrx_word' id='word_1_287' title='bbox 460 4257 486 4335; x_wconf 89' lang='lat'><strong><em>¹)</em></strong></span> <span class='ocrx_word' id='word_1_288' title='bbox 502 4257 595 4319; x_wconf 85' lang='lat' dir='ltr'><strong><em>Joan.</em></strong></span> <span class='ocrx_word' id='word_1_289' title='bbox 612 4256 643 4332; x_wconf 88' lang='lat'><strong><em>3,</em></strong></span> <span class='ocrx_word' id='word_1_290' title='bbox 660 4254 691 4320; x_wconf 84' lang='lat'><strong><em>5.</em></strong></span> <span class='ocrx_word' id='word_1_291' title='bbox 708 4296 751 4306; x_wconf 91' lang='lat'>—</span> <span class='ocrx_word' id='word_1_292' title='bbox 770 4259 794 4340; x_wconf 85' lang='lat'><strong><em>¹)</em></strong></span> <span class='ocrx_word' id='word_1_293' title='bbox 811 4259 903 4321; x_wconf 79' lang='lat' dir='ltr'><strong><em>Joan.</em></strong></span> <span class='ocrx_word' id='word_1_294' title='bbox 928 4257 983 4334; x_wconf 83' lang='lat'><strong><em>20,</em></strong></span> <span class='ocrx_word' id='word_1_295' title='bbox 1010 4258 1064 4322; x_wconf 87' lang='lat'><strong><em>23.</em></strong></span> <span class='ocrx_word' id='word_1_296' title='bbox 1087 4295 1125 4304; x_wconf 90' lang='lat'>—</span> <span class='ocrx_word' id='word_1_297' title='bbox 1143 4261 1170 4340; x_wconf 84' lang='lat'><strong><em>³)</em></strong></span> <span class='ocrx_word' id='word_1_298' title='bbox 1189 4259 1235 4323; x_wconf 81' lang='lat' dir='ltr'><strong><em>cf.</em></strong></span> <span class='ocrx_word' id='word_1_299' title='bbox 1256 4261 1401 4322; x_wconf 85' lang='lat' dir='ltr'><strong><em>Luther.</em></strong></span> <span class='ocrx_word' id='word_1_300' title='bbox 1427 4259 1539 4320; x_wconf 80' lang='lat' dir='ltr'><strong><em>Oornrn.</em></strong></span> 
     </span>
     <span class='ocr_line' id='line_1_35' title="bbox 350 4347 1540 4431; baseline 0.005 -24"><span class='ocrx_word' id='word_1_301' title='bbox 350 4350 385 4408; x_wconf 87' lang='lat' dir='ltr'><strong><em>in</em></strong></span> <span class='ocrx_word' id='word_1_302' title='bbox 401 4370 427 4408; x_wconf 88' lang='lat' dir='ltr'><strong><em>e.</em></strong></span> <span class='ocrx_word' id='word_1_303' title='bbox 446 4351 494 4408; x_wconf 87' lang='grc'><strong><em>15.</em></strong></span> <span class='ocrx_word' id='word_1_304' title='bbox 513 4348 588 4413; x_wconf 76' lang='lat' dir='ltr'><strong><em>Gen.</em></strong></span> <span class='ocrx_word' id='word_1_305' title='bbox 607 4348 686 4431; x_wconf 93' lang='lat' dir='ltr'><strong><em>Opp.</em></strong></span> <span class='ocrx_word' id='word_1_306' title='bbox 704 4351 750 4412; x_wconf 86' lang='lat' dir='ltr'><strong><em>ed.</em></strong></span> <span class='ocrx_word' id='word_1_307' title='bbox 767 4371 792 4413; x_wconf 90' lang='lat' dir='ltr'><strong><em>o.</em></strong></span> <span class='ocrx_word' id='word_1_308' title='bbox 810 4347 848 4412; x_wconf 89' lang='lat' dir='ltr'><strong><em>T.</em></strong></span> <span class='ocrx_word' id='word_1_309' title='bbox 867 4349 897 4413; x_wconf 88' lang='lat'><strong><em>6.</em></strong></span> <span class='ocrx_word' id='word_1_310' title='bbox 913 4353 932 4410; x_wconf 85' lang='lat' dir='ltr'><strong><em>f.</em></strong></span> <span class='ocrx_word' id='word_1_311' title='bbox 955 4349 1027 4413; x_wconf 84' lang='lat'><strong><em>192.</em></strong></span> <span class='ocrx_word' id='word_1_312' title='bbox 1047 4361 1077 4411; x_wconf 88' lang='lat' dir='ltr'><strong><em>et</em></strong></span> <span class='ocrx_word' id='word_1_313' title='bbox 1094 4352 1133 4412; x_wconf 86' lang='lat' dir='ltr'><strong><em>al.</em></strong></span> <span class='ocrx_word' id='word_1_314' title='bbox 1151 4354 1274 4430; x_wconf 68' lang='lat' dir='ltr'><strong><em>Apolop.</em></strong></span> <span class='ocrx_word' id='word_1_315' title='bbox 1293 4353 1382 4431; x_wconf 81' lang='lat' dir='ltr'><strong><em>Oonf.</em></strong></span> <span class='ocrx_word' id='word_1_316' title='bbox 1394 4372 1418 4413; x_wconf 87' lang='lat' dir='ltr'><strong><em>o.</em></strong></span> <span class='ocrx_word' id='word_1_317' title='bbox 1428 4353 1457 4412; x_wconf 87' lang='lat'><strong><em>3.</em></strong></span> <span class='ocrx_word' id='word_1_318' title='bbox 1469 4371 1499 4410; x_wconf 87' lang='lat' dir='ltr'><strong><em>n.</em></strong></span> <span class='ocrx_word' id='word_1_319' title='bbox 1510 4352 1540 4413; x_wconf 83' lang='lat'><strong><em>5.</em></strong></span> 
     </span>
     <span class='ocr_line' id='line_1_36' title="bbox 352 4439 1539 4523; baseline 0 -23"><span class='ocrx_word' id='word_1_320' title='bbox 352 4443 401 4501; x_wconf 91' lang='lat'><strong><em>19.</em></strong></span> <span class='ocrx_word' id='word_1_321' title='bbox 419 4442 483 4501; x_wconf 87' lang='lat' dir='ltr'><strong><em>LL.</em></strong></span> <span class='ocrx_word' id='word_1_322' title='bbox 500 4443 593 4516; x_wconf 75' lang='lat' dir='ltr'><strong><em>symb.</em></strong></span> <span class='ocrx_word' id='word_1_323' title='bbox 610 4443 648 4501; x_wconf 82' lang='grc' dir='ltr'><strong>Ε.</strong></span> <span class='ocrx_word' id='word_1_324' title='bbox 665 4444 755 4503; x_wconf 79' lang='lat' dir='ltr'><strong><em>[nnn.</em></strong></span> <span class='ocrx_word' id='word_1_325' title='bbox 780 4444 818 4502; x_wconf 89' lang='lat' dir='ltr'><strong><em>L.</em></strong></span> <span class='ocrx_word' id='word_1_326' title='bbox 839 4439 934 4505; x_wconf 79' lang='grc'><strong>1847.</strong></span> <span class='ocrx_word' id='word_1_327' title='bbox 960 4444 997 4502; x_wconf 93' lang='grc' dir='ltr'><strong><em>Ρ.</em></strong></span> <span class='ocrx_word' id='word_1_328' title='bbox 1017 4441 1045 4506; x_wconf 93' lang='grc'><strong>1.</strong></span> <span class='ocrx_word' id='word_1_329' title='bbox 1063 4465 1093 4523; x_wconf 91' lang='lat' dir='ltr'><strong><em>p.</em></strong></span> <span class='ocrx_word' id='word_1_330' title='bbox 1112 4439 1164 4504; x_wconf 89' lang='grc'><strong><em>84.</em></strong></span> <span class='ocrx_word' id='word_1_331' title='bbox 1183 4440 1236 4505; x_wconf 89' lang='grc'><strong><em>86.</em></strong></span> <span class='ocrx_word' id='word_1_332' title='bbox 1267 4445 1369 4504; x_wconf 79' lang='lat' dir='ltr'><strong><em>Fores.</em></strong></span> <span class='ocrx_word' id='word_1_333' title='bbox 1391 4442 1539 4503; x_wconf 79' lang='lat' dir='ltr'><strong><em>Oonoord.</em></strong></span> 
     </span>
     <span class='ocr_line' id='line_1_37' title="bbox 352 4530 1539 4614; baseline 0.003 -24"><span class='ocrx_word' id='word_1_334' title='bbox 352 4534 392 4591; x_wconf 90' lang='lat' dir='ltr'><strong><em>P.</em></strong></span> <span class='ocrx_word' id='word_1_335' title='bbox 408 4535 437 4594; x_wconf 85' lang='lat'><strong><em>1.</em></strong></span> <span class='ocrx_word' id='word_1_336' title='bbox 454 4552 479 4590; x_wconf 87' lang='lat' dir='ltr'><strong><em>o.</em></strong></span> <span class='ocrx_word' id='word_1_337' title='bbox 497 4535 527 4592; x_wconf 89' lang='grc'><strong><em>3.</em></strong></span> <span class='ocrx_word' id='word_1_338' title='bbox 544 4552 573 4592; x_wconf 83' lang='grc' dir='ltr'><strong>η.</strong></span> <span class='ocrx_word' id='word_1_339' title='bbox 591 4535 640 4592; x_wconf 92' lang='grc'><strong>11.</strong></span> <span class='ocrx_word' id='word_1_340' title='bbox 657 4532 704 4596; x_wconf 87' lang='lat' dir='ltr'><strong><em>Ib.</em></strong></span> <span class='ocrx_word' id='word_1_341' title='bbox 721 4532 757 4595; x_wconf 92' lang='lat' dir='ltr'><strong><em>P.</em></strong></span> <span class='ocrx_word' id='word_1_342' title='bbox 776 4531 807 4597; x_wconf 90' lang='lat'><strong><em>3.</em></strong></span> <span class='ocrx_word' id='word_1_343' title='bbox 822 4554 852 4612; x_wconf 90' lang='lat' dir='ltr'><strong><em>p.</em></strong></span> <span class='ocrx_word' id='word_1_344' title='bbox 869 4530 922 4595; x_wconf 83' lang='lat'><strong><em>32.</em></strong></span> <span class='ocrx_word' id='word_1_345' title='bbox 939 4535 978 4595; x_wconf 91' lang='lat' dir='ltr'><strong><em>P.</em></strong></span> <span class='ocrx_word' id='word_1_346' title='bbox 996 4539 1024 4595; x_wconf 85' lang='lat'><strong><em>2.</em></strong></span> <span class='ocrx_word' id='word_1_347' title='bbox 1042 4554 1066 4596; x_wconf 91' lang='lat' dir='ltr'><strong><em>o.</em></strong></span> <span class='ocrx_word' id='word_1_348' title='bbox 1083 4538 1113 4596; x_wconf 89' lang='lat'><strong><em>3.</em></strong></span> <span class='ocrx_word' id='word_1_349' title='bbox 1129 4554 1159 4596; x_wconf 89' lang='lat' dir='ltr'><strong><em>n.</em></strong></span> <span class='ocrx_word' id='word_1_350' title='bbox 1175 4537 1225 4595; x_wconf 81' lang='lat'><strong><em>36.</em></strong></span> <span class='ocrx_word' id='word_1_351' title='bbox 1244 4556 1273 4614; x_wconf 93' lang='lat' dir='ltr'><strong><em>p.</em></strong></span> <span class='ocrx_word' id='word_1_352' title='bbox 1293 4531 1366 4598; x_wconf 86' lang='lat'><strong><em>128.</em></strong></span> <span class='ocrx_word' id='word_1_353' title='bbox 1399 4532 1539 4594; x_wconf 80' lang='lat' dir='ltr'><strong><em>Oslvin.</em></strong></span> 
     </span>
     <span class='ocr_line' id='line_1_38' title="bbox 351 4619 1540 4706; baseline 0.003 -24"><span class='ocrx_word' id='word_1_354' title='bbox 351 4622 454 4683; x_wconf 83' lang='lat' dir='ltr'><strong><em>Antid.</em></strong></span> <span class='ocrx_word' id='word_1_355' title='bbox 473 4623 562 4684; x_wconf 79' lang='lat' dir='ltr'><strong><em>Oone.</em></strong></span> <span class='ocrx_word' id='word_1_356' title='bbox 579 4625 621 4682; x_wconf 88' lang='lat' dir='ltr'><strong><em>In</em></strong></span> <span class='ocrx_word' id='word_1_357' title='bbox 635 4643 708 4685; x_wconf 85' lang='lat' dir='ltr'><strong><em>sess.</em></strong></span> <span class='ocrx_word' id='word_1_358' title='bbox 726 4627 754 4686; x_wconf 81' lang='lat'><strong><em>6.</em></strong></span> <span class='ocrx_word' id='word_1_359' title='bbox 772 4645 837 4684; x_wconf 85' lang='lat' dir='ltr'><strong><em>can.</em></strong></span> <span class='ocrx_word' id='word_1_360' title='bbox 854 4627 903 4685; x_wconf 87' lang='lat'><strong><em>11.</em></strong></span> <span class='ocrx_word' id='word_1_361' title='bbox 920 4624 968 4686; x_wconf 86' lang='lat' dir='ltr'><strong><em>ed.</em></strong></span> <span class='ocrx_word' id='word_1_362' title='bbox 987 4646 1012 4686; x_wconf 89' lang='lat' dir='ltr'><strong><em>o.</em></strong></span> <span class='ocrx_word' id='word_1_363' title='bbox 1028 4647 1059 4706; x_wconf 94' lang='lat' dir='ltr'><strong><em>p.</em></strong></span> <span class='ocrx_word' id='word_1_364' title='bbox 1076 4622 1152 4686; x_wconf 83' lang='lat'><strong><em>232.</em></strong></span> <span class='ocrx_word' id='word_1_365' title='bbox 1170 4661 1211 4670; x_wconf 98' lang='lat'><strong>—</strong></span> <span class='ocrx_word' id='word_1_366' title='bbox 1230 4625 1256 4706; x_wconf 78' lang='lat'><strong><em>⁴)</em></strong></span> <span class='ocrx_word' id='word_1_367' title='bbox 1268 4625 1359 4690; x_wconf 82' lang='lat' dir='ltr'><strong><em>doen.</em></strong></span> <span class='ocrx_word' id='word_1_368' title='bbox 1372 4622 1423 4697; x_wconf 90' lang='lat'><strong><em>12,</em></strong></span> <span class='ocrx_word' id='word_1_369' title='bbox 1433 4619 1540 4686; x_wconf 76' lang='lat'><strong><em>42.—</em></strong></span> 
     </span>
     <span class='ocr_line' id='line_1_39' title="bbox 354 4709 1538 4795; baseline 0.003 -22"><span class='ocrx_word' id='word_1_370' title='bbox 354 4709 381 4795; x_wconf 70' lang='grc'><strong><em>5)</em></strong></span> <span class='ocrx_word' id='word_1_371' title='bbox 398 4713 465 4773; x_wconf 81' lang='lat' dir='ltr'><strong><em>deo.</em></strong></span> <span class='ocrx_word' id='word_1_372' title='bbox 483 4709 514 4783; x_wconf 93' lang='grc'><strong><em>2,</em></strong></span> <span class='ocrx_word' id='word_1_373' title='bbox 534 4709 584 4773; x_wconf 89' lang='grc'><strong><em>19.</em></strong></span> <span class='ocrx_word' id='word_1_374' title='bbox 602 4711 655 4775; x_wconf 92' lang='grc'><strong>26.</strong></span> <span class='ocrx_word' id='word_1_375' title='bbox 674 4713 719 4775; x_wconf 79' lang='lat' dir='ltr'><strong><em>of.</em></strong></span> <span class='ocrx_word' id='word_1_376' title='bbox 737 4715 843 4776; x_wconf 79' lang='lat' dir='ltr'><strong><em>Cone.</em></strong></span> <span class='ocrx_word' id='word_1_377' title='bbox 860 4715 964 4775; x_wconf 76' lang='lat' dir='ltr'><strong><em>Trid.</em></strong></span> <span class='ocrx_word' id='word_1_378' title='bbox 981 4716 1062 4778; x_wconf 73' lang='lat' dir='ltr'><strong><em>Sese.</em></strong></span> <span class='ocrx_word' id='word_1_379' title='bbox 1077 4719 1105 4779; x_wconf 84' lang='lat'><strong><em>6.</em></strong></span> <span class='ocrx_word' id='word_1_380' title='bbox 1122 4736 1187 4775; x_wconf 88' lang='lat' dir='ltr'><strong><em>oon.</em></strong></span> <span class='ocrx_word' id='word_1_381' title='bbox 1206 4719 1255 4777; x_wconf 84' lang='lat'><strong><em>28.</em></strong></span> <span class='ocrx_word' id='word_1_382' title='bbox 1274 4751 1315 4761; x_wconf 83' lang='lat'><strong><em>—-</em></strong></span> <span class='ocrx_word' id='word_1_383' title='bbox 1330 4715 1359 4795; x_wconf 67' lang='lat'><strong><em>⁶)</em></strong></span> <span class='ocrx_word' id='word_1_384' title='bbox 1378 4714 1538 4776; x_wconf 71' lang='lat' dir='ltr'><strong><em>etmatth.</em></strong></span> 
     </span>
    </p>
   </div>
   <div class='ocr_carea' id='block_1_4' title="bbox 353 4800 1540 4982">
    <p class='ocr_par' dir='ltr' id='par_1_5' title="bbox 353 4800 1540 4982">
     <span class='ocr_line' id='line_1_40' title="bbox 353 4800 1540 4890; baseline 0.003 -25"><span class='ocrx_word' id='word_1_385' title='bbox 353 4802 384 4876; x_wconf 87' lang='lat'><strong><em>3,</em></strong></span> <span class='ocrx_word' id='word_1_386' title='bbox 403 4801 453 4864; x_wconf 91' lang='grc'><strong><em>12.</em></strong></span> <span class='ocrx_word' id='word_1_387' title='bbox 481 4800 531 4877; x_wconf 83' lang='lat'><strong><em>13,</em></strong></span> <span class='ocrx_word' id='word_1_388' title='bbox 547 4801 600 4866; x_wconf 77' lang='grc'><strong>47.</strong></span> <span class='ocrx_word' id='word_1_389' title='bbox 627 4802 680 4887; x_wconf 84' lang='lat'><strong><em>22,</em></strong></span> <span class='ocrx_word' id='word_1_390' title='bbox 700 4804 750 4867; x_wconf 92' lang='grc'><strong>11.</strong></span> <span class='ocrx_word' id='word_1_391' title='bbox 769 4843 811 4852; x_wconf 90' lang='grc'><strong><em>--</em></strong></span> <span class='ocrx_word' id='word_1_392' title='bbox 830 4803 856 4890; x_wconf 85' lang='lat'><strong><em>⁷)</em></strong></span> <span class='ocrx_word' id='word_1_393' title='bbox 876 4804 904 4868; x_wconf 96' lang='grc'><strong>1.</strong></span> <span class='ocrx_word' id='word_1_394' title='bbox 922 4806 991 4868; x_wconf 79' lang='lat' dir='ltr'><strong><em>Cor.</em></strong></span> <span class='ocrx_word' id='word_1_395' title='bbox 1009 4804 1040 4879; x_wconf 88' lang='lat'><strong><em>6,</em></strong></span> <span class='ocrx_word' id='word_1_396' title='bbox 1058 4803 1178 4868; x_wconf 87' lang='grc'><strong>9-10,</strong></span> <span class='ocrx_word' id='word_1_397' title='bbox 1197 4843 1237 4852; x_wconf 88' lang='lat'><em>-</em></span> <span class='ocrx_word' id='word_1_398' title='bbox 1256 4804 1283 4890; x_wconf 82' lang='lat'><strong><em>⁸)</em></strong></span> <span class='ocrx_word' id='word_1_399' title='bbox 1300 4809 1389 4868; x_wconf 84' lang='lat' dir='ltr'><strong><em>Hom.</em></strong></span> <span class='ocrx_word' id='word_1_400' title='bbox 1405 4809 1436 4868; x_wconf 86' lang='grc'><strong>8.</strong></span> <span class='ocrx_word' id='word_1_401' title='bbox 1461 4805 1496 4865; x_wconf 81' lang='lat' dir='ltr'><strong><em>in</em></strong></span> <span class='ocrx_word' id='word_1_402' title='bbox 1510 4810 1540 4868; x_wconf 85' lang='lat'><strong><em>2.</em></strong></span> 
     </span>
     <span class='ocr_line' id='line_1_41' title="bbox 356 4894 1540 4982; baseline 0.006 -24"><span class='ocrx_word' id='word_1_403' title='bbox 356 4894 433 4959; x_wconf 84' lang='lat' dir='ltr'><strong><em>Tim.</em></strong></span> <span class='ocrx_word' id='word_1_404' title='bbox 451 4916 481 4962; x_wconf 87' lang='lat' dir='ltr'><strong><em>n.</em></strong></span> <span class='ocrx_word' id='word_1_405' title='bbox 498 4898 526 4959; x_wconf 88' lang='lat'><strong><em>1.</em></strong></span> <span class='ocrx_word' id='word_1_406' title='bbox 559 4894 640 4980; x_wconf 90' lang='lat' dir='ltr'><strong><em>Opp.</em></strong></span> <span class='ocrx_word' id='word_1_407' title='bbox 657 4899 696 4960; x_wconf 91' lang='lat' dir='ltr'><strong><em>T.</em></strong></span> <span class='ocrx_word' id='word_1_408' title='bbox 714 4895 766 4961; x_wconf 93' lang='lat' dir='ltr'><strong><em>ll.</em></strong></span> <span class='ocrx_word' id='word_1_409' title='bbox 783 4919 813 4978; x_wconf 87' lang='lat' dir='ltr'><strong><em>p.</em></strong></span> <span class='ocrx_word' id='word_1_410' title='bbox 832 4894 907 4963; x_wconf 78' lang='lat'><strong><em>707.</em></strong></span> <span class='ocrx_word' id='word_1_411' title='bbox 925 4933 966 4945; x_wconf 92' lang='lat'><em>-</em></span> <span class='ocrx_word' id='word_1_412' title='bbox 987 4897 1012 4982; x_wconf 76' lang='grc'><strong><em>9)</em></strong></span> <span class='ocrx_word' id='word_1_413' title='bbox 1028 4901 1075 4960; x_wconf 87' lang='lat' dir='ltr'><strong><em>De</em></strong></span> <span class='ocrx_word' id='word_1_414' title='bbox 1098 4897 1184 4964; x_wconf 76' lang='lat' dir='ltr'><strong><em>Prin.</em></strong></span> <span class='ocrx_word' id='word_1_415' title='bbox 1209 4899 1228 4959; x_wconf 82' lang='lat' dir='ltr'><strong><em>i.</em></strong></span> <span class='ocrx_word' id='word_1_416' title='bbox 1247 4900 1296 4962; x_wconf 86' lang='lat'><strong><em>15.</em></strong></span> <span class='ocrx_word' id='word_1_417' title='bbox 1322 4919 1348 4964; x_wconf 87' lang='lat' dir='ltr'><strong><em>o.</em></strong></span> <span class='ocrx_word' id='word_1_418' title='bbox 1364 4901 1415 4961; x_wconf 83' lang='lat'><strong><em>18.</em></strong></span> <span class='ocrx_word' id='word_1_419' title='bbox 1440 4918 1470 4962; x_wconf 83' lang='lat' dir='ltr'><strong><em>n.</em></strong></span> <span class='ocrx_word' id='word_1_420' title='bbox 1487 4901 1540 4966; x_wconf 77' lang='lat'><strong><em>32.</em></strong></span> 
     </span>
    </p>
   </div>
   <div class='ocr_carea' id='block_1_5' title="bbox 0 0 1902 5625">
    <p class='ocr_par' dir='ltr' id='par_1_6' title="bbox 0 0 1902 5625">
     <span class='ocr_line' id='line_1_42' title="bbox 0 0 1902 5625; baseline 0 0"><span class='ocrx_word' id='word_1_421' title='bbox 0 0 1902 5625; x_wconf 95' lang='lat' dir='ltr'><strong><em> </em></strong></span> 
     </span>
    </p>
   </div>
  </div>
 </body>
</html>
