3775 5625
413 426 477 494 156

411 598 496 658 Unde
513 596 616 673 potins
633 594 845 664 statuendum,
873 594 1144 670 chrysostomo
1168 594 1199 653 in
1225 593 1357 653 laudatis
1384 594 1466 656 locis
1485 604 1609 655 senten·

411 707 483 765 tiam
500 704 753 765 Manichaeorum
771 712 841 764 ante
859 704 964 763 oculos
983 704 1176 763 obversatam
1195 721 1276 775 esse,
1293 712 1420 780 proptor
1431 704 1521 764 Adae
1538 722 1609 782 pcc·

411 826 512 877 catum
534 814 600 890 ejus
621 822 765 889 posteros
787 823 917 890 peccato
940 831 1000 872 non
1019 812 1177 893 originali,
1194 813 1249 872 sed
1265 814 1423 890 personali
1438 812 1609 892 inquinari,

412 925 449 984 ob
476 924 554 1002 qnod
579 923 640 1000 ipsi
656 923 748 983 morti
764 933 909 983 aeternae
928 942 964 983 ae
981 923 1178 999 irreparabili
1195 923 1334 993 obnoxii,
1367 933 1399 983 et
1420 923 1492 983 ideo
1509 943 1609 1002 poena
1653 987 1658 997 ,

411 1053 523 1095 sensus
539 1032 683 1110 puniendi
699 1032 772 1103 sint,
789 1051 877 1110 qnam
889 1033 961 1107 jure
980 1032 1171 1112 adgreditur,
1190 1033 1226 1092 ad
1242 1043 1405 1109 peccatum
1422 1043 1528 1093 autem
1546 1033 1608 1093 ori·
1634 1076 1658 1097 -

411 1144 494 1226 ginis
511 1144 547 1202 ab
564 1143 679 1202 niano
700 1142 731 1200 in
757 1161 813 1201 nos
831 1143 1034 1212 transfusum,
1052 1160 1142 1219 quum
1160 1143 1196 1202 ab
1214 1142 1354 1201 omnibus
1370 1142 1505 1203 firmiter
1522 1153 1658 1208 tene·-

410 1264 512 1323 rctur,
529 1227 587 1312 nec
604 1254 684 1312 nllus
702 1263 797 1323 esset,
815 1254 863 1331 qui
880 1254 955 1312 illud
971 1254 1178 1332 impugnaret,
1195 1252 1276 1312 haud
1292 1252 1476 1326 attendisse,
1493 1264 1526 1313 et
1540 1254 1658 1329 idac.

413 1363 581 1432 incautius,
598 1365 648 1423 vel
665 1373 699 1423 ut
713 1364 957 1443 Augustinus
975 1364 1027 1432 ait,
1045 1364 1114 1440 quia
1130 1363 1290 1439 disputans
1310 1362 1342 1421 in
1370 1362 1534 1425 catholica
1548 1368 1614 1425 llo·
1643 1409 1658 1436 .-

412 1474 519 1543 clesia,
537 1493 596 1534 non
614 1493 649 1533 se
675 1474 765 1533 aliter
786 1473 922 1553 intelligi
944 1474 1171 1542 arbitrabatur,
1196 1472 1375 1551 Pelagianis
1397 1473 1531 1534 nondum
1548 1473 1648 1544 tub:

411 1584 570 1664 gentihus,
603 1584 747 1643 securius
779 1585 913 1643 locutum
947 1602 1017 1642 esse
1032 1580 1070 1661 ¹).
1110 1582 1211 1642 secus
1231 1600 1362 1659 prorsus
1380 1582 1534 1660 explicari
1549 1601 1586 1643 no
1601 1605 1658 1659 ῃ

410 1704 532 1771 posset,
560 1694 709 1782 quomodo
726 1693 792 1752 sine
809 1691 969 1771 Baptismo
987 1702 1126 1751 mortuos
1143 1692 1295 1771 lugendos
1311 1710 1394 1765 esse,
1411 1702 1506 1769 prout
1521 1692 1648 1774 facit,

411 1804 552 1863 seribere
571 1804 714 1880 quiverit.
730 1801 834 1877 Lupe,
852 1805 905 1878 ait,
922 1802 1083 1881 infideles,
1102 1802 1175 1878 lupe
1190 1820 1260 1879 eoo,
1278 1805 1350 1883 qui
1365 1801 1472 1863 nibil
1485 1802 1532 1863 ab
1548 1807 1641 1866 im..

408 1912 609 1991 fideliler
640 1914 869 1992 disserunt,
902 1917 958 1994 qui
981 1917 1053 1973 stne
1073 1911 1633 1990 attaminatione,atneatpmoo10

413 2024 633 2083 &verterunt
656 2021 703 2082 Ha
718 2042 810 2083 oere
826 2022 1154 2100 lamentieda'qnt,
1177 2025 1217 2084 tt
1239 2022 1447 2101 lucrymis.
1470 2022 1630 2088 lacer-a

411 2136 559 2208 reptant
573 2137 763 2193 scotuna
780 2150 865 2193 com
879 2136 953 2211 tia,
970 2136 1035 2213 qui
1047 2150 1203 2212 poenae
1218 2139 1316 2194 auat
1329 2132 1519 2210 odenati,
1537 2151 1625 2196 ona

413 2262 496 2303 oum
517 2242 775 2315 damnatw).
934 2242 937 2247 ’

532 2476 559 2559 i.
576 2470 644 2545 34.
661 2472 852 2544 Peccati
869 2425 1116 2560 originalis
1132 2472 1487 2545 universalitas.

522 2658 623 2736 Quum
639 2679 682 2722 ex
696 2659 861 2743 hucusque
885 2656 1054 2742 disputatis
1071 2657 1114 2723 sit
1128 2670 1307 2744 peccatum,
1324 2659 1409 2743 quod
1425 2659 1465 2723 ab
1481 2660 1618 2724 Adamo

410 2767 444 2832 in
467 2787 594 2843 omme,
615 2767 668 2854 qui
691 2769 731 2832 ab
753 2767 826 2853 ipso
847 2788 905 2853 per
927 2767 1086 2833 carnalem
1102 2766 1347 2856 generationem
1364 2766 1526 2856 originem
1540 2780 1616 2833 tra·

411 2880 499 2953 hunt,
507 2878 746 2943 transftmdatur
751 2902 761 2952 ;
778 2890 871 2964 atque
887 2900 983 2964 quum
998 2899 1098 2963 porro
1113 2898 1226 2943 omncs
1242 2877 1390 2943 homines
1405 2878 1468 2944 hac
1479 2878 1618 2944 rationo

412 3001 517 3052 ortum
533 3009 552 3052 a
566 2987 849 3072 protoparentibus
866 2988 998 3053 ducant:
1016 3001 1131 3073 sponte
1149 3010 1207 3053 sua
1223 2987 1378 3074 sequitur,
1395 3008 1512 3053 omnes
1528 3003 1616 3074 qno·

411 3117 471 3184 quo
500 3097 648 3162 homines
678 3109 847 3182 peecatum
862 3096 938 3160 illud
955 3096 1081 3185 origine
1099 3119 1158 3162 sua
1179 3098 1390 3172 contrahere,
1422 3095 1487 3162 nisi
1512 3109 1618 3184 quern

410 3206 498 3271 Deus
518 3205 650 3292 speciali
668 3203 828 3270 beneficio
849 3204 1004 3289 excipiat,
1028 3225 1086 3270 seu
1101 3218 1271 3291 peccatum
1289 3204 1427 3294 originis
1445 3226 1522 3271 esse
1538 3195 1618 3271 nni·
1655 3258 1658 3277 .

409 3315 535 3380 versale
551 3335 590 3380 ac
606 3313 755 3380 omnibus
773 3334 951 3380 commune.

514 3449 658 3506 Attamen
677 3446 770 3506 nihilo
787 3446 891 3506 secius
909 3455 998 3504 erant
1014 3463 1052 3504 ex
1068 3446 1118 3516 iis,
1136 3447 1187 3524 qui
1202 3456 1363 3523 peecatum
1381 3446 1538 3526 originale
1554 3435 1623 3506 ad·

369 3594 371 3599 -
410 3556 599 3624 mittebant,
637 3564 669 3613 et
708 3555 790 3613 inter
827 3554 884 3613 hos
920 3555 1086 3631 praecipue
1124 3555 1325 3626 Calvinus,
1363 3556 1415 3633 qni
1447 3550 1628 3617 doecrenl

409 3664 482 3723 filiis
499 3663 633 3722 fidelium
648 3681 708 3722 non
724 3664 870 3741 imputari
885 3674 1047 3741 peecatum
1064 3665 1212 3746 originis,
1234 3665 1288 3724 sed
1306 3683 1361 3725 eos
1372 3665 1439 3740 jam
1456 3676 1529 3728 ante
1545 3664 1631 3726 13²·

409 3772 555 3849 ptismum
572 3791 644 3832 esso
661 3784 787 3834 sanctos
805 3783 836 3833 ct
851 3775 990 3834 membra
1004 3776 1169 3836 Ecclesiae
1179 3773 1215 3854 ⁸).

514 3895 604 3959 Unde
628 3909 741 3960 conha
759 3897 821 3961 hos
843 3897 1009 3982 speciatim
1030 3899 1133 3963 adhue
1149 3911 1200 3962 cst
1217 3899 1472 3974 ostendendum,
1489 3904 1637 3986 poco*

408 4017 476 4068 tum
496 4002 651 4091 originale
672 4006 711 4069 ad
732 4004 817 4070 lilios
847 4004 1002 4080 fidelium,
1034 4007 1299 4092 quemadmodum
1331 4009 1372 4072 ad
1388 4007 1476 4074 filios
1493 4002 1639 4074 infida

409 4113 495 4189 lium,
511 4112 684 4199 pertinere.

514 4226 647 4307 Spectat
660 4223 780 4289 veritas
795 4224 876 4289 haec
891 4224 1011 4309 pariter
1028 4226 1067 4289 ad
1083 4245 1241 4310 expressa
1256 4225 1332 4291 fidei
1349 4226 1538 4294 Catholicae
1548 4221 1640 4291 clo

521 4497 545 4574 ι)
562 4499 609 4557 ro.
635 4518 665 4558 n.
688 4501 738 4562 22.
755 4518 779 4559 ο.
796 4494 860 4560 511
884 4520 907 4561 s.
924 4534 968 4544 -
986 4497 1012 4580 2)
1029 4502 1118 4562 Hom.
1135 4503 1164 4563 a.
1181 4501 1215 4561 u
1230 4503 1291 4580 up.
1309 4504 1351 4562 aa
1366 4503 1511 4583 eutrop.
1527 4526 1557 4566 n.
1614 4487 1638 4546 4·

408 4591 447 4649 Τ.
467 4585 518 4650 11.
537 4608 568 4668 p.
586 4583 661 4649 217.
679 4622 723 4634 „.
742 4586 767 4667 ³)
786 4586 830 4650 cf.
849 4587 992 4654 Calvio.
1008 4595 1085 4653 laet.
1103 4593 1123 4654 l.
1139 4596 1168 4654 4.
1186 4612 1210 4654 e.
1228 4595 1277 4655 15.
1294 4614 1324 4656 n.
1342 4597 1392 4657 20.
1406 4594 1487 4659 Gon.
1507 4588 1598 4659 155
1608 4573 1637 4638 9·

408 4700 439 4758 p.
457 4674 532 4741 851.
551 4713 594 4722 —
610 4677 744 4740 Antidot.
764 4678 853 4742 Oeno.
874 4680 958 4743 Trici.
976 4685 1018 4741 act
1033 4702 1098 4758 cop.
1115 4684 1144 4744 5.
1190 4683 1303 4758 Bona,
1337 4685 1504 4751 Oommaut.
1534 4687 1589 4748 irt-
1617 4685 1635 4726 θ’

410 4771 437 4830 7.
470 4773 499 4830 1.
532 4767 603 4830 oor.
627 4776 659 4829 et
677 4772 826 4845 Respono.
850 4774 879 4833 2.
902 4774 943 4832 ad
958 4775 1063 4849 colloq.
1079 4774 1285 4854 Montiopclip.
1301 4797 1332 4856 p.
1352 4773 1430 4841 102.
1464 4814 1508 4826 -
1537 4779 1563 4839 B
1587 4777 1633 4821 ὓ·

409 4879 531 4933 corus,
547 4861 589 4920 Ita
604 4878 628 4921 o.
644 4862 674 4921 3.
690 4859 797 4922 Mutila.
1334 4881 1337 4887 ’
