3775 5625
350 420 416 505 tal

347 602 590 693 generationem
605 597 842 686 participamus.
860 636 903 645 -
918 600 1023 662 Porro
1040 603 1208 681 peccatum
1223 597 1303 672 hoc,
1325 599 1449 683 quoda
1465 601 1565 683 pr'o—

347 711 566 798 toparentibus
596 710 839 797 propagatione,
871 730 936 773 non
966 707 1142 773 imitatione
1172 707 1368 774 translirsu'm
1390 710 1565 780 ommiu-

346 823 439 898 inest,
455 820 622 906 unicuique
638 820 819 906 proprium,
842 839 916 883 esse
939 830 1106 902 peccatum
1122 816 1191 881 veri
1206 818 1360 894 nominis,
1383 819 1451 885 lroe
1468 823 1565 889 loeo

327 908 525 999 luculenter
556 952 596 996 eo
626 930 803 1015 Apostolus
819 930 933 1005 tradit,
966 929 1050 1016 quod
1070 927 1208 1003 scribat,
1229 949 1291 993 nos
1311 942 1451 1015 propter
1467 931 1565 1004 illut]

347 1039 668 1109 condemnationi
685 1039 915 1124 subjectos,
936 1050 1031 1124 atque
1055 1049 1310 1123 peccatores,
1329 1034 1565 1126 ὀὶμοιριοολοοὶς1

347 1150 540 1219 constimtos
556 1170 647 1225 esse,
663 1169 759 1234 quum
781 1167 874 1212 nemo
899 1148 961 1212 nisi
982 1150 1093 1233 culpae
1109 1167 1224 1212 revera
1238 1168 1313 1212 reus
1330 1150 1565 1228 condemner-i

345 1261 466 1350 possit,
497 1282 600 1347 neque
632 1260 727 1325 etiam
748 1253 925 1337 ἁμαρτωλὸς
954 1258 987 1323 in
1020 1257 1224 1343 oppositione
1255 1260 1457 1322 retornatas
1489 1262 1565 1330 acl.-

345 1372 466 1459 pellari.

449 1486 556 1562 Neque
579 1484 763 1561 expositioni
783 1494 911 1543 nostrae
928 1484 1026 1557 obest,
1044 1484 1148 1543 dicere
1165 1486 1362 1560 Apostolum,
1384 1487 1468 1564 quod
1480 1506 1564 1567 per

345 1596 596 1658 inobedientium
615 1598 714 1653 unios
735 1597 890 1671 dominis,
909 1599 1102 1672 peccatores
1121 1600 1290 1655 commati
1311 1602 1394 1657 sunt
1410 1596 1551 1677 multu

344 1698 460 1768 πολλοὶ,
482 1703 558 1763 Nam
575 1720 697 1776 ornnes,
713 1694 832 1781 πάντες,
855 1722 949 1781 saepe
964 1698 1084 1779 πολλοὶ,
1108 1705 1410 1800 053],'rnultt,nou
1421 1716 1545 1774 tautum

345 1884 424 1961 apud
446 1882 629 1959 Scriptores
655 1883 818 1959 sacros1),
841 1883 895 1940 sed
913 1882 1005 1941 etiam
1022 1882 1100 1958 apud
1118 1882 1298 1958 Scriptores
1320 1885 1470 1962 profanos
1486 1890 1534 1950 ad·

337 1996 508 2071 pellantur,
524 2004 558 2052 ut
576 1994 710 2053 Cicero
729 1994 785 2053 ait:
811 1990 982 2072 Siquidem
999 2011 1110 2052 omnes
1126 1992 1257 2055 multos.
1269 1995 1434 2073 appellari
1457 1997 1530 2076 pla·

344 2104 439 2180 eel2).
454 2104 539 2164 Dicit
550 2114 651 2163 autem
663 2105 829 2180 Apostolus
840 2101 972 2177 multos,
987 2093 1127 2173 notante,
1145 2123 1221 2180 quos
1239 2124 1309 2163 mox
1326 2106 1533 2182 adpellaversl:

344 2232 474 2283 omnes,
499 2204 620 2284 πάντες,
638 2222 788 2290 quatenus
806 2214 873 2283 uni,
895 2210 939 2283 soi
955 2206 1005 2280 tot,
1024 2223 1233 2288 opponuntur,
1250 2214 1411 2292 disputans
1429 2226 1534 2278 contra

343 2323 498 2392 Judaeus,
520 2323 571 2400 qui
592 2324 653 2382 sibi
672 2323 861 2399 persuadere
884 2342 943 2381 non
960 2334 1118 2400 poterant,
1135 2342 1191 2401 per
1208 2342 1300 2383 unum
1317 2325 1428 2384 Jesum
1446 2325 1529 2384 ctri-

344 2443 425 2492 stum
443 2432 620 2492 universam
636 2433 872 2501 multitudinem,
890 2432 1032 2491 Gentiles
1050 2442 1140 2509 atque
1157 2434 1310 2511 Judaeos,
1328 2453 1399 2493 esse
1416 2435 1530 2494 redem-

344 2553 419 2602 tam.
437 2541 527 2602 Hanc
539 2542 827 2619 interpretationem
838 2542 961 2602 unicam
976 2560 1083 2600 veram
1095 2561 1177 2612 esse,
1194 2543 1290 2619 liquet
1305 2553 1370 2602 tum
1387 2563 1426 2604 ex
1440 2561 1531 2603 versu

343 2653 552 2721 antecedenti,
573 2653 626 2711 ulti
646 2671 702 2729 per
720 2652 809 2710 unius
826 2652 970 2711 delictum
987 2652 1121 2711 damnati
1142 2652 1283 2712 dicuntur
1300 2672 1412 2714 omnes
1426 2655 1528 2714 dorni·

343 2779 412 2830 nes,
425 2747 531 2828 πάντες
546 2747 713 2838 ἅνθρωποι,
726 2772 862 2822 etversu
880 2755 942 2834 12,
959 2762 1011 2821 ubi
1026 2780 1082 2838 per
1098 2780 1189 2821 unum
1207 2762 1359 2823 hominem
1375 2767 1410 2824 in
1425 2778 1527 2824 omnes

232 2868 234 2875 ’
341 2876 497 2943 tornines,
514 2865 553 2936 εἰς
561 2862 675 2937 πάντας
687 2863 882 2947 ἀνθρώπους,
904 2891 987 2957 mors
1004 2874 1227 2949 pertransiisse
1244 2874 1393 2945 traditur,
1416 2875 1478 2951 quia
1489 2873 1524 2928 iat

345 2981 403 3041 illo
421 2999 566 3052 ornnes,
583 2973 697 3053 πάντες,
710 2987 944 3058 peccaverunt,
967 2992 1030 3040 tum
1048 3001 1086 3040 ex
1103 2982 1203 3041 nostri
1218 3001 1330 3041 versus
1346 2984 1443 3060 ipsius
1459 2998 1520 3059 apo·

346 3092 424 3159 dosi,
441 3091 493 3149 ubi
508 3109 564 3166 per
581 3091 670 3149 unius
689 3091 808 3149 Christi
824 3093 1026 3151 obedientiam
1043 3095 1111 3150 Deo
1128 3093 1251 3168 probati
1266 3092 1395 3164 redditi,
1412 3113 1464 3153 seu
1476 3106 1517 3147 re·

346 3201 439 3260 demti
456 3200 599 3260 dicuntur
617 3198 645 3256 ol
660 3195 783 3272 noli-023
800 3221 870 3260 nam
887 3212 975 3261 certa
992 3212 1041 3261 est
1059 3203 1092 3261 S.
1114 3203 1309 3278 Scripturas,
1327 3213 1357 3262 et
1374 3197 1517 3281 speciatim

344 3310 434 3369 Pauli
466 3308 622 3378 doctrina,
646 3310 803 3370 Christum
822 3331 927 3370 omnes
943 3313 1132 3381 redemisse,
1152 3331 1208 3388 pro
1226 3313 1365 3372 omnihus
1383 3319 1516 3372 mortum

346 3439 417 3478 esse
431 3416 472 3492 ³).
510 3420 639 3480 Accedit
674 3439 730 3496 per
760 3423 860 3497 ipsum
882 3423 1046 3482 articulum
1062 3422 1128 3498 jam
1150 3422 1317 3492 insinuari,
1340 3425 1396 3483 sub
1413 3414 1516 3478 sotim

345 3530 524 3589 universum
557 3548 658 3606 genus
689 3529 853 3588 humanum
873 3530 1016 3610 intelligi.
1045 3534 1226 3608 Apostolum
1244 3542 1347 3592 autem
1365 3532 1517 3595 doctrinam

346 3640 382 3698 de
405 3639 557 3698 translato
589 3647 716 3714 peccato
749 3650 1009 3716 protoparentum·
1024 3641 1054 3699 in
1075 3643 1215 3718 ipsorum
1231 3653 1375 3720 posteros
1392 3661 1449 3702 non
1465 3648 1517 3698 tan·

346 3759 421 3818 tom,
438 3748 583 3808 doctores
600 3749 739 3807 Judaeos
756 3751 805 3808 sui
823 3752 969 3827 temporis
987 3762 1164 3828 sequutum,
1187 3755 1424 3831 argumentandi
1440 3755 1522 3814 cau⁸⁸

347 3853 549 3935 disputationi
564 3857 747 3932 subjecisse,
764 3869 798 3917 ut
813 3879 907 3936 porro
926 3871 1084 3920 autumant
1102 3863 1320 3941 adversarii⁴),
1338 3865 1392 3923 sed
1410 3883 1448 3924 ex
1461 3866 1523 3938 pr0·

346 3969 431 4026 iessu
448 3985 620 4044 proponere
638 3969 784 4041 voluisse,
796 3970 862 4044 jam
879 3990 917 4028 ex
934 3990 982 4041 eo,
999 3972 1075 4048 quud
1095 3973 1280 4032 sententiam
1297 3993 1356 4033 uon
1374 3974 1452 4033 nude
1462 3975 1528 4049 1²1⁰·

345 4086 447 4154 ponat,
459 4078 513 4136 sed
526 4078 624 4136 variis
641 4079 812 4138 rationibus
829 4081 941 4151 firmet,
959 4082 1043 4140 clare
1061 4082 1229 4158 colligitur,
1246 4093 1280 4142 ut
1296 4093 1464 4154 taceamus,
1486 4069 1532 4130 ἅθ’

346 4186 477 4246 ctriuam
494 4187 571 4247 hanc
589 4207 657 4248 cum
674 4189 794 4266 reliquo
811 4191 900 4249 Pauli
917 4201 1086 4266 systemate
1109 4202 1170 4250 tam
1188 4202 1275 4252 arcte
1294 4193 1487 4260 cohaerere,
1512 4174 1538 4228 ¹¹²

346 4297 383 4357 alt
401 4314 437 4354 eo
454 4297 564 4355 abesse
581 4316 712 4373 prorsus
729 4317 789 4356 non
805 4301 916 4376 possit.

452 4590 478 4671 ¹)
495 4586 540 4651 cf.
556 4589 636 4652 Dan.
656 4587 708 4672 12,
723 4589 754 4653 2.
782 4627 823 4635 -
846 4595 874 4670 ²)
889 4595 938 4652 De
954 4595 1067 4669 republ.
1085 4594 1104 4653 l.
1123 4596 1150 4654 1.
1167 4614 1191 4654 c.
1209 4596 1258 4654 26.
1276 4628 1320 4638 —-
1338 4589 1366 4678 ³)
1384 4592 1431 4656 cf.
1447 4584 1555 4653 Rou-

345 4677 377 4754 a,
402 4678 455 4742 32.
477 4677 508 4742 2.
530 4679 601 4742 oar.
623 4677 655 4754 5,
679 4679 729 4743 14.
755 4677 806 4744 15.
831 4679 859 4744 1.
883 4684 961 4744 uim.
984 4681 1015 4755 2,
1039 4682 1069 4745 e.
1099 4683 1189 4746 toan.
1210 4682 1246 4758 3,
1272 4683 1322 4746 16.
1347 4681 1375 4747 1.
1391 4648 1560 4746 susal

347 4768 448 4924 {34}
459 4768 667 4944 Ξῇὅοοο.
683 4773 959 4853 Wogseheider‚
976 4776 1053 4837 rosa.
1071 4775 1156 4837 tneor.
1175 4776 1249 4838 oar.
1271 4778 1368 4853 οοοο.
1386 4776 1433 4839 ea.
1450 4773 1510 4839 8ae
1536 4746 1563 4808 ¹³·
