3775 5625
1446 424 1548 507 ot’

288 619 359 672 tem
375 604 499 670 anunm
521 604 676 668 moralem
700 615 859 689 tamquam
882 621 1018 687 poenam
1041 601 1166 687 peccati
1182 600 1325 690 irrogari
1341 616 1395 668 aut
1411 625 1488 669 con·

290 715 382 781 stitui
399 736 462 778 uon
478 733 588 799 posse,
605 734 701 798 quum
716 725 883 798 peccatum
899 712 1005 798 ipsum
1023 712 1147 776 animae
1165 733 1253 776 mors
1270 711 1322 778 sit.

403 824 434 889 2.
451 824 486 887 ln
502 822 584 887 libro
609 822 843 907 Sapientiae
866 842 1024 907 expresse
1047 821 1179 909 iegitur:
1214 822 1378 898 Quoniam
1400 826 1491 888 Dent

291 948 454 1000 mortem
469 955 548 998 non
561 937 681 1016 feeit,
699 955 768 997 neo
784 941 965 998 laetatur
981 938 1021 996 in
1034 938 1275 1013 perditione
1297 938 1489 997 vinorum.

295 1047 433 1110 Oreaoit
446 1050 543 1125 enim,
570 1056 609 1108 nt
622 1056 730 1107 essent
753 1049 861 1106 omnin
875 1045 913 1123 ¹).
945 1045 1063 1127 Atque:
1083 1043 1246 1117 Quoniam
1261 1045 1352 1106 Deua
1369 1048 1492 1107 creavit

291 1161 455 1220 bominem
470 1158 863 1218 inexterminabilem
891 1146 949 1232 (ἐπ’
974 1146 1171 1233 ἀφθαρσίᾳ),
1197 1163 1229 1215 et
1252 1160 1296 1215 od
1319 1157 1492 1229 imaqinem

294 1269 519 1329 similitudinis
543 1266 718 1338 euoefeeit
737 1269 839 1326 illum.
873 1266 1002 1325 Inuidia
1028 1274 1133 1325 autem
1157 1266 1279 1325 dioboli
1303 1282 1404 1324 mors
1430 1267 1489 1323 in-

294 1380 439 1440 troivit
460 1379 499 1435 in
515 1378 645 1435 orbem
667 1383 867 1435 terrorum
880 1372 917 1449 ²).
952 1370 1071 1451 Quibus
1089 1371 1209 1435 diserte
1226 1371 1415 1446 declaratur,
1432 1371 1488 1435 ho·

293 1484 411 1549 minem
435 1494 532 1566 prout
553 1502 571 1545 e
592 1501 687 1545 manu
710 1479 770 1545 Dei
794 1478 966 1565 processit,
990 1480 1087 1544 morti
1104 1480 1280 1572 obnoxium
1297 1501 1362 1543 uon
1379 1479 1490 1555 fuisse,

293 1596 350 1659 sed
374 1593 478 1657 eidem
502 1589 631 1654 nonnisi
655 1610 711 1674 per
734 1602 917 1673 peccatum,
943 1589 1070 1653 diabolo
1095 1589 1247 1654 incitante
1270 1588 1489 1664 commissum,

293 1724 367 1767 esse
392 1702 580 1785 subjectum.
613 1700 661 1764 De
686 1721 824 1784 corpore
848 1711 954 1764 autem
978 1700 1018 1763 ad
1040 1699 1312 1764 immortalitatem
1329 1698 1489 1764 destinato

294 1816 326 1876 S.
344 1810 546 1894 scriptorem
569 1808 670 1895 loqui,
694 1808 726 1872 iu
744 1808 872 1872 dubium
887 1808 1000 1872 vocari
1016 1808 1140 1893 nequit3
1166 1807 1305 1893 alioquin
1322 1807 1406 1871 euim
1424 1820 1488 1873 sta·

294 1921 447 1986 tuendum
470 1930 574 1994 esset,
594 1918 681 1982 ilium
703 1918 822 1983 docere
843 1916 875 1982 in
892 1917 994 2002 priori
1009 1919 1083 1982 ioco
1100 1917 1258 1993 voluisse,
1276 1919 1361 2003 quod
1376 1939 1435 2002 per
1453 1938 1489 1982 se

294 2043 344 2095 est
364 2027 584 2103 notissimum,
608 2030 711 2093 Deum
738 2028 862 2093 scilicet
891 2041 1059 2111 peccatum
1092 2049 1158 2092 nou
1182 2027 1316 2102 secisse,
1341 2039 1433 2112 atque
1457 2026 1489 2091 in

294 2143 396 2206 allero
428 2141 515 2204 loco·
534 2139 696 2204 homiuem
728 2133 772 2197 ἐπ’
795 2133 1002 2216 ἀναμαρτησίᾳ
1024 2157 1082 2199 seu
1106 2132 1310 2216 ἀναμάρτητον
1348 2149 1490 2201 creatum

293 2270 383 2323 esse;
410 2249 495 2335 quod
518 2259 643 2332 aperte,
668 2249 701 2311 S.
719 2245 888 2330 Scriptura
910 2244 1027 2330 ubique
1044 2245 1243 2309 contrarium
1259 2245 1416 2320 tradente,
1433 2245 1488 2310 ial-

292 2381 364 2425 sum
387 2369 485 2422 esset.
517 2357 653 2444 iusuper
675 2351 838 2435 ἀφθαρσία
863 2353 993 2418 nonnisi
1017 2355 1055 2418 de
1079 2353 1322 2439 incorruptione
1339 2354 1489 2439 corporis

290 2467 397 2554 accipi
412 2477 529 2553 potest.

402 2576 433 2641 3.
458 2575 614 2660 idipsum
629 2574 669 2638 ab
690 2574 889 2659 Apostoio
914 2574 1064 2649 docetur,
1090 2571 1143 2659 qui
1166 2572 1260 2637 nudis
1276 2573 1385 2638 verbis
1402 2595 1487 2639 mor·

282 2701 357 2753 tem
373 2685 537 2772 sequelam
553 2696 646 2770 atque
662 2682 810 2748 effectum
824 2683 950 2767 peccati
967 2684 1123 2757 declarat,
1148 2704 1221 2747 cum
1242 2682 1369 2748 scribit:
1394 2688 1488 2749 Pro·

267 2811 406 2878 pterea
432 2802 517 2861 aient
532 2817 593 2877 per
618 2817 719 2859 unum
744 2798 906 2858 bominem
928 2805 1095 2875 peecatum
1111 2799 1146 2857 in
1161 2797 1248 2857 bono
1263 2801 1416 2858 mnndum
1432 2800 1488 2859 in·

281 2913 410 2990 bavit,
430 2918 463 2970 et
481 2927 542 2986 per
563 2917 729 2986 peceatum
751 2926 876 2986 more,
902 2916 960 2967 etc.
973 2908 1010 2984 ³).
1028 2940 1073 2951 —
1089 2904 1130 2967 Si
1152 2916 1259 2968 autem
1283 2905 1437 2968 Obrietue
1453 2911 1488 2968 in

272 3023 385 3082 volis
402 3028 462 3098 est,
481 3036 601 3094 eorpus
616 3019 743 3095 quidem
763 3023 961 3076 mortuum
984 3026 1043 3078 eet
1060 3025 1238 3094 propter
1259 3026 1486 3097 peecatum,

267 3133 432 3208 spiritua
448 3146 524 3187 oero
542 3130 623 3188 vivit
634 3126 1045 3203 propterjnetifieotionem
1055 3122 1091 3202 ⁴).
1105 3158 1144 3169 —
1159 3122 1376 3202 Stipendia
1391 3125 1487 3207 (mer-

271 3240 366 3315 mes)
383 3240 469 3298 enim
481 3239 656 3314 peccati,
674 3236 827 3311 moret).
860 3234 979 3315 Atque:
1000 3233 1164 3307 Quoniam
1179 3238 1305 3312 quidem
1318 3254 1392 3311 per
1415 3237 1488 3297 lto·

260 3350 427 3408 minem
450 3362 572 3422 more,
598 3352 630 3404 et
651 3362 711 3420 per
726 3343 887 3403 bominem
910 3346 1167 3403 resurrectio
1192 3352 1438 3404 mortuorum
1451 3341 1488 3421 ⁸).

254 3453 357 3518 I'er
378 3451 533 3516 Adamum
555 3448 661 3533 itaque
674 3449 862 3514 secuudum
885 3449 1016 3512 Paulum
1038 3470 1128 3513 mors
1145 3447 1283 3533 primum
1300 3448 1371 3512 orbi
1387 3461 1487 3514 terra-

267 3581 366 3629 rum
380 3561 494 3647 pedem
508 3551 629 3634 intulit,
651 3579 770 3644 corpus
786 3571 921 3644 propter
937 3571 1105 3643 peccatum
1122 3557 1219 3622 morti
1235 3570 1286 3623 est
1302 3556 1488 3635 obnoxium,

268 3669 472 3755 quasiliius
496 3689 601 3753 poena
624 3679 688 3742 est,
712 3680 806 3754 atque
829 3688 888 3752 per
911 3667 1072 3732 homiuem
1095 3666 1233 3753 primum
1250 3666 1380 3733 nonnisi
1396 3690 1487 3734 mors

275 3778 438 3852 exsistit3
464 3788 544 3863 ergo
561 3789 729 3862 autequam
745 3778 885 3843 Adamus
902 3775 1061 3862 peccavit,
1079 3798 1168 3840 mors
1185 3798 1250 3840 nou
1267 3778 1425 3853 exstabat,
1443 3791 1487 3844 at·

280 3903 357 3968 que
377 3888 448 3974 ipse
471 3886 661 3951 immortalis
685 3885 751 3951 ibit.
782 3888 867 3952 Esse
891 3900 997 3952 autem
1021 3886 1052 3950 iu
1078 3886 1227 3951 omnibus
1244 3886 1334 3952 hisce
1350 3887 1433 3953 locis
1451 3890 1490 3953 de

279 4010 398 4062 morte
414 3994 565 4082 corporis
582 4016 775 4072 sermonem,
787 3998 856 4081 jam
873 4018 915 4061 ex
930 4017 970 4060 eo
986 3995 1095 4081 liquet,
1112 3995 1262 4082 quoniam
1280 3995 1394 4082 ubique
1411 4010 1488 4063 tam·

283 4117 386 4180 quam
396 4106 526 4193 sequela
536 4126 574 4170 ac
583 4127 689 4190 poena
704 4106 830 4191 peccati
846 4108 885 4170 ab
901 4108 1005 4171 hocce
1021 4128 1080 4172 seu
1096 4127 1114 4170 a
1130 4118 1235 4171 morte
1251 4105 1408 4191 spirituali
1425 4107 1488 4175 dis·

280 4216 445 4292 cernitur,
470 4227 502 4280 et
528 4216 700 4301 praecipue
716 4229 822 4280 autem
838 4237 880 4280 ox
894 4215 1005 4282 ultimo
1022 4219 1096 4282 loco
1113 4215 1293 4303 colligitur,
1311 4215 1365 4280 ubi
1380 4237 1488 4297 resur·

277 4324 430 4390 fectioni
452 4325 615 4411 corporali
635 4326 820 4411 opponitur,
844 4347 938 4411 quam
953 4326 1070 4390 ibidem
1086 4327 1262 4412 Apostolus
1279 4327 1490 4401 demonstrat,

276 4435 450 4521 exemplis
467 4435 651 4511 coufirmat,
668 4449 700 4500 et
716 4437 755 4501 ab
774 4436 1010 4521 objectionibus
1026 4435 1149 4501 liberat.

401 4549 442 4613 B.
466 4546 557 4609 Hanc
581 4544 729 4630 corporis
745 4544 1016 4610 immortalitatem
1033 4558 1100 4610 tota
1116 4567 1242 4631 quoque
1258 4543 1393 4633 agnovit
1409 4543 1488 4608 anti·

271 4675 576 4714 N...—

261 4837 292 4904 5
405 4782 431 4870 ¹)
448 4784 521 4863 Sar.
544 4780 712 4858 1,13.14.
738 4782 782 4846 cf.
800 4781 831 4866 3,
849 4781 879 4846 a.
896 4821 939 4830 -
957 4786 983 4866 ι)
1001 4783 1072 4866 sap,
1095 4782 1125 4856 2,
1143 4782 1197 4847 23ο
1215 4781 1269 4847 24·
1288 4819 1328 4829 -
1349 4778 1385 4871 ἢ.
1401 4785 1489 4846 mm,
1527 4779 1530 4786 .

293 4893 306 4924 ›
333 4865 397 4938 12.
416 4910 461 4922 -
479 4877 506 4957 ⁴)
521 4877 609 4938 Rom.
625 4873 657 4960 8,
674 4873 726 4939 10.
744 4906 788 4922 *-
805 4877 832 4958 ’)
848 4877 934 4938 Rom.
952 4873 982 4950 6,
1000 4873 1053 4940 23.
1070 4913 1113 4922 -
1133 4875 1158 4958 ⁶)
1176 4874 1205 4940 1.
1223 4875 1292 4939 (ior.
1312 4871 1363 4949 15,
1380 4872 1434 4940 21.
