3775 5625
381 381 483 447 Deum
500 403 592 457 esse,
607 393 643 445 ut
658 401 772 445 revera
787 393 853 455 est,
871 393 906 445 et
921 393 1156 467 eorrsequenter
1172 381 1206 445 Β.
1222 380 1393 469 Virginem
1408 402 1485 447 esse
1500 384 1563 448 Dei·

294 553 295 558 ,
381 490 588 581 genitricem,
611 509 690 576 quse
711 489 824 555 Filium
847 487 906 553 Dei
929 510 967 553 ar
983 490 1086 555 Deum
1101 510 1213 554 verum
1230 490 1358 577 genuit3
1382 501 1439 555 aut
1453 492 1488 556 B.
1503 492 1564 556 Vir·

381 601 491 689 ginem
512 599 683 684 Deiparam
706 621 769 663 non
793 621 883 673 esse,
916 611 949 663 et
969 612 1158 683 eapropter,
1191 600 1433 687 quemgenuit,
1466 621 1567 665 verum

381 711 483 776 Deum
507 732 570 774 non
593 729 684 782 esse3
717 731 779 795 quo
802 710 933 793 posito,
958 709 1022 772 ruit
1049 708 1282 773 lucarnationis
1305 730 1344 773 ac
1366 709 1568 774 redemtionis

381 831 512 883 nostrae
528 817 731 901 mysterium,
748 839 828 902 quae
846 838 969 881 summa
985 830 1036 881 est
1052 816 1210 881 dementia
1226 838 1265 882 ac
1281 817 1432 902 impietas
1444 825 1481 898 ¹).

488 950 621 1008 Adnot.
638 949 744 1024 Neque
759 957 926 1023 propterea
942 948 1044 1006 Maria
1065 967 1117 1027 eo,
1142 948 1220 1024 quod
1237 950 1335 1007 Deum
1359 950 1486 1029 genuit,
1508 952 1571 1009 Dea

381 1061 493 1119 effoeta
509 1067 575 1127 est3
601 1057 757 1134 quoniam,
780 1058 807 1114 si
823 1056 1022 1134 Deigenitrix
1039 1056 1172 1125 dieitur,
1198 1076 1256 1115 non
1280 1068 1451 1133 propterea
1468 1060 1571 1117 statui-

380 1177 446 1237 tur,
473 1161 538 1226 eam
556 1166 713 1225 christum
738 1176 771 1224 ut
796 1168 894 1224 Deum
912 1184 1036 1241 purum,
1061 1165 1115 1223 sed
1139 1176 1173 1224 ut
1193 1167 1253 1224 Dei
1276 1166 1385 1225 Filium
1403 1186 1461 1225 eeu
1477 1170 1571 1226 Deum

379 1295 487 1336 verum
510 1276 662 1333 hominem
699 1274 814 1333 sactum
840 1274 1005 1351 genuisse,
1030 1283 1063 1332 ut
1084 1275 1161 1331 bene
1184 1274 1318 1332 advertit
1339 1276 1571 1347 Ferrarius,

380 1385 431 1464 qni
446 1385 519 1445 lruie
526 1383 664 1442 Nestorii
681 1382 869 1443 cavillationi
880 1382 928 1440 his
941 1382 1094 1443 occurrit:
1110 1382 1258 1443 Frustra
1270 1387 1472 1465 eapaaeseit,
1490 1388 1615 1462 uuis-

365 1496 454 1572 ·puir
468 1496 654 1571 existimat,
679 1494 987 1552 consubstantialem
1007 1494 1172 1552 diuinitati
1192 1503 1326 1553 matrem
1347 1493 1517 1567 funerata,
1544 1506 1639 1561 σε

379 1606 555 1673 amariter,
585 1610 617 1662 et
634 1604 766 1677 proprie
793 1600 908 1661 Maria
929 1610 1034 1661 mater
1053 1603 1162 1673 fuerit
1181 1602 1254 1662 Dei.
1285 1603 1449 1676 Profecto
1472 1606 1555 1664 eain
1576 1658 1638 1688 ἑ

380 1715 457 1789 auia
469 1713 630 1771 ueraciter
642 1720 674 1772 et
686 1713 821 1787 proprie
831 1713 1002 1786 peaeraati
1014 1713 1493 1786 sempereateoasubstaatiatis
1508 1715 1593 1772 ille—
1603 1767 1640 1798 ό,

380 1823 438 1899 qui
453 1822 616 1891 assuitur,
632 1822 755 1897 aceepit
770 1823 809 1878 at
825 1837 865 1879 ea
880 1820 989 1898 Deus,
1015 1824 1100 1879 uarie
1116 1822 1146 1879 ei
1159 1820 1255 1894 fieret
1273 1823 1603 1881 consubstantialia!-
1616 1874 1642 1906 ,

379 1933 480 1991 etsie
502 1947 546 1988 ea
569 1948 607 1989 ea
630 1931 722 1988 nasei
737 1932 890 2005 dipnatus
911 1937 971 1988 est.
1005 1930 1057 1989 Ita
1072 1932 1175 2004 ipitur
1195 1932 1345 2006 proprie,
1377 1932 1465 1990 sieut
1479 1949 1585 1989 aere
1601 1967 1647 1984 .-

380 2043 478 2111 aiter,
494 2037 609 2099 Maria
624 2041 824 2099 divinitatem
839 2040 920 2098 Filii
933 2042 1067 2118 penuit,
1090 2045 1147 2098 sed
1166 2041 1378 2100 incarnatam.
1409 2043 1452 2099 ltt
1469 2047 1598 2099 oontt-
1609 2064 1655 2104 ι

381 2149 470 2209 aliam
488 2148 739 2208 adversariorum
762 2149 981 2223 objectionem,
1006 2167 1115 2225 nempe
1137 2168 1175 2207 ex
1196 2168 1257 2209 una
1283 2150 1458 2208 substantie
1483 2167 1654 2227 gene-

380 2257 443 2316 rari
461 2258 634 2316 nullatenus
650 2257 788 2333 potuisse
807 2256 998 2315 substantiae
1015 2258 1104 2327 duas,
1122 2258 1282 2315 disserens
1300 2257 1358 2316 ait:
1383 2257 1504 2317 mean
1518 2265 1657 2318 ad-

381 2366 445 2425 lrue
457 2368 591 2442 planius
611 2384 673 2441 pro
691 2375 786 2437 raptu
808 2365 1007 2439 infirmitatis
1022 2384 1125 2438 meae,
1152 2369 1181 2426 si
1197 2375 1362 2425 removeat
1375 2365 1471 2425 Deus
1489 2370 1604 2425 uer-i
1611 2401 1655 2415 -

380 2477 457 2535 tatis
478 2477 628 2533 tenebras
656 2475 818 2546 falsitatis
838 2494 860 2533 a
876 2478 947 2534 luae
978 2475 1077 2550 liujus
1106 2477 1347 2547 disputationis.
1369 2473 1519 2548 Proprie
1532 2485 1654 2536 est

380 2591 459 2643 nata
474 2587 512 2641 de
527 2583 632 2643 Patre
648 2585 802 2643 divinitas
815 2602 916 2661 pura,
928 2586 1063 2655 proprie
1078 2591 1127 2665 est
1141 2591 1217 2643 nata
1233 2587 1271 2641 de
1285 2591 1388 2642 matre
1403 2588 1515 2643 eadem
1529 2585 1556 2643 ι’
1560 2602 1648 2642 n·

380 2701 516 2752 asmata
531 2694 696 2755 diuinitas.
727 2690 775 2751 Et
789 2693 850 2751 liae
865 2694 964 2752 distat
978 2695 1065 2752 inter
1081 2695 1180 2751 unius
1195 2692 1280 2753 Filii
1295 2691 1359 2752 Dei
1373 2697 1457 2753 dues
1478 2711 1644 2770 peme-

381 2804 542 2874 ratioaes,
560 2806 647 2877 quod
661 2804 696 2862 ia
711 2803 824 2862 divina
834 2804 1045 2877 peneratioae
1056 2806 1150 2863 nulia
1163 2802 1235 2875 fuit
1246 2802 1452 2864 humanitas:
1470 2781 1506 2864 ia
1520 2803 1639 2865 bu-

381 2931 477 2973 mana
490 2915 700 2988 peaeratioae
722 2916 864 2972 adunata
877 2913 947 2984 fuit
963 2913 1157 2972 humanitati
1177 2915 1311 2985 proprie
1326 2916 1476 2975 narrasti
1490 2915 1634 2974 divi-

381 3025 478 3083 nitae.
511 3017 552 3081 Si
567 3023 653 3081 enim
668 3023 783 3082 dinero
792 3068 804 3100 ,
829 3027 882 3081 aei
895 3025 1002 3081 dicere
1017 3026 1152 3082 voluero
1160 3067 1173 3100 ‚
1198 3020 1313 3082 Maria
1329 3040 1457 3099 semper
1477 3025 1628 3099 Viryo

379 3134 512 3206 proprie
521 3133 637 3207 qeauit
648 3132 888 3203 humanitatem,
904 3150 972 3192 noa
985 3135 1120 3204 proprie
1128 3134 1243 3208 penuit
1255 3134 1476 3194 diuinitatem.-
1493 3135 1621 3192 oide-

383 3240 471 3302 bitur
498 3243 556 3300 stab
584 3240 810 3317 aliquomodo
834 3242 993 3301 homiaem
1016 3260 1136 3315 purum
1155 3243 1327 3319 peauisw,
1362 3260 1455 3318 auem
1485 3240 1614 3304 nullo

382 3357 475 3412 mado
493 3352 540 3409 ita
552 3351 682 3425 penuit,
699 3352 777 3425 auia
798 3350 936 3410 Verbum
952 3369 1029 3411 earo
1045 3350 1173 3423 fartum
1186 3352 1320 3423 proprie
1333 3352 1496 3427 penuit¹).

409 3608 412 3614 ’
493 3619 516 3701 ¹)
534 3618 578 3682 Of.
597 3620 729 3700 cyrill.
746 3621 848 3683 Alex.
864 3625 915 3685 De
930 3617 1584 3703 recaptus.6-8.0pp.'r.5.P.2.s.3.p·

383 3708 428 3774 45
444 3713 485 3776 αα.
501 3712 577 3778 aaa.
594 3714 714 3774 Nestor.
732 3715 750 3772 l.
771 3717 799 3777 1.
816 3734 841 3777 a.
859 3715 887 3774 5.
906 3716 934 3777 6.
958 3716 995 3775 Τ.
1014 3712 1044 3778 6.
1061 3716 1097 3774 Ρ.
1116 3710 1145 3773 1.
1162 3735 1199 3793 p.
1219 3708 1260 3774 19
1277 3735 1318 3773 ss.
1341 3713 1443 3793 apat
1460 3715 1500 3773 aa
1521 3706 1580 3771 ,Ne-

384 3810 457 3863 sior.
466 3807 494 3864 2.
512 3803 551 3865 T.
560 3799 635 3868 5.P.
645 3801 677 3868 2.
694 3802 847 3886 s.2.p.22
860 3825 899 3865 es.
918 3805 1142 3866 Theodorei.
1158 3805 1357 3882 Ryepreitrla
1374 3804 1496 3881 capitati.
1523 3798 1575 3872 Ci-

384 3892 447 3954 ra'll.
464 3896 543 3969 repr.
561 3915 589 3958 α.
607 3897 635 3958 1.
653 3893 732 3975 Opp.
750 3896 788 3956 T.
804 3893 835 3957 4.
853 3916 883 3975 p.
904 3892 979 3958 709.
995 3895 1097 3972 Epist.
1113 3898 1164 3956 83.
1181 3890 1220 3957 T.
1236 3892 1268 3957 3.
1284 3916 1315 3975 p.
1327 3892 1393 3959 958
1402 3917 1442 3956 ss.
1459 3894 1490 3954 J.
1509 3889 1571 3950 Du·

383 4004 489 4046 maso.
513 3988 560 4045 De
575 4006 601 4047 α.
611 3985 670 4062 yid.
691 3987 710 4047 i.
728 3991 759 4048 3.
782 4006 807 4046 a.
826 3989 877 4050 12.
899 3985 979 4066 Opp.
997 3988 1034 4048 T.
1056 3985 1083 4049 1.
1108 4009 1139 4067 p.
1156 3982 1222 4047 222
1238 4007 1279 4048 ss.
1296 4022 1339 4032 —
1359 3985 1386 4065 ²)
1401 3991 1462 4062 Ep.
1477 3988 1512 4046 3.
1531 3979 1570 4039 M

385 4078 505 4140 Anatol.
520 4079 564 4138 D.
588 4097 612 4136 e.
631 4080 679 4139 17.
698 4075 867 4139 Galland.
885 4082 925 4139 B.
943 4080 1012 4142 ΡΡ.
1039 4074 1077 4140 T.
1097 4076 1147 4139 11.
1173 4097 1205 4155 p.
1222 4074 1298 4140 353.
1326 4077 1370 4139 Of.
1387 4080 1511 4143 Petu-r.
1525 4070 1563 4129 Bt

385 4156 753 4231 Inearn.l.5.'e.14-19.
770 4172 820 4229 De
836 4171 921 4230 theol.
940 4173 1037 4246 dopna.
1047 4168 1139 4231 Antv.
1150 4164 1246 4231 1700.
1259 4169 1298 4233 T.
1306 4165 1338 4232 5.
1347 4156 1557 4251 pito—2⁶9·
1661 4163 1668 4222 i

1659 4272 1668 4315 t
