<?xml version="1.0" encoding="UTF-8"?>
<!DOCTYPE html PUBLIC "-//W3C//DTD XHTML 1.0 Transitional//EN"
    "http://www.w3.org/TR/xhtml1/DTD/xhtml1-transitional.dtd">
<html xmlns="http://www.w3.org/1999/xhtml" xml:lang="en" lang="en">
 <head>
  <title>
</title>
<meta http-equiv="Content-Type" content="text/html;charset=utf-8" />
  <meta name='ocr-system' content='tesseract 3.04.00' />
  <meta name='ocr-capabilities' content='ocr_page ocr_carea ocr_par ocr_line ocrx_word'/>
</head>
<body>
  <div class='ocr_page' id='page_1' title='image "./theologiadogmat00schwgoog/theologiadogmat00schwgoog_0548.png"; bbox 0 0 3775 5625; ppageno 0'>
   <div class='ocr_carea' id='block_1_1' title="bbox 415 394 482 479">
    <p class='ocr_par' dir='ltr' id='par_1_1' title="bbox 415 394 482 479">
     <span class='ocr_line' id='line_1_1' title="bbox 415 394 482 479; baseline 0 0"><span class='ocrx_word' id='word_1_1' title='bbox 415 394 482 479; x_wconf 72' lang='lat' dir='ltr'>&#39;aar</span> 
     </span>
    </p>
   </div>
   <div class='ocr_carea' id='block_1_2' title="bbox 412 572 1611 2840">
    <p class='ocr_par' dir='ltr' id='par_1_2' title="bbox 412 572 1611 2840">
     <span class='ocr_line' id='line_1_2' title="bbox 419 572 1609 667; baseline -0.003 -27"><span class='ocrx_word' id='word_1_2' title='bbox 419 582 614 643; x_wconf 85' lang='lat' dir='ltr'>vocationem</span> <span class='ocrx_word' id='word_1_3' title='bbox 633 580 670 641; x_wconf 91' lang='lat' dir='ltr'>ad</span> <span class='ocrx_word' id='word_1_4' title='bbox 687 573 861 667; x_wconf 81' lang='lat' dir='ltr'>Ecclesiam</span> <span class='ocrx_word' id='word_1_5' title='bbox 879 577 1006 656; x_wconf 83' lang='lat' dir='ltr'>ejusque</span> <span class='ocrx_word' id='word_1_6' title='bbox 1023 580 1103 637; x_wconf 84' lang='lat' dir='ltr'>lrona</span> <span class='ocrx_word' id='word_1_7' title='bbox 1118 572 1235 638; x_wconf 78' lang='lat' dir='ltr'>deleri.</span> <span class='ocrx_word' id='word_1_8' title='bbox 1258 577 1311 637; x_wconf 76' lang='lat' dir='ltr'>Ait</span> <span class='ocrx_word' id='word_1_9' title='bbox 1325 579 1429 656; x_wconf 86' lang='lat' dir='ltr'>itaque</span> <span class='ocrx_word' id='word_1_10' title='bbox 1446 575 1573 648; x_wconf 83' lang='lat' dir='ltr'>Paulas,</span> <span class='ocrx_word' id='word_1_11' title='bbox 1584 575 1609 637; x_wconf 89' lang='lat' dir='ltr'>id</span> 
     </span>
     <span class='ocr_line' id='line_1_3' title="bbox 420 687 1609 767; baseline -0.003 -17"><span class='ocrx_word' id='word_1_12' title='bbox 420 693 499 750; x_wconf 79' lang='lat' dir='ltr'>falso</span> <span class='ocrx_word' id='word_1_13' title='bbox 518 690 646 762; x_wconf 76' lang='lat' dir='ltr'><strong>adstrui,</strong></span> <span class='ocrx_word' id='word_1_14' title='bbox 664 692 731 749; x_wconf 88' lang='lat' dir='ltr'>sola</span> <span class='ocrx_word' id='word_1_15' title='bbox 748 689 867 748; x_wconf 86' lang='lat' dir='ltr'>carnali</span> <span class='ocrx_word' id='word_1_16' title='bbox 879 689 1084 767; x_wconf 74' lang='lat' dir='ltr'>generatione</span> <span class='ocrx_word' id='word_1_17' title='bbox 1102 688 1245 763; x_wconf 91' lang='lat' dir='ltr'>populum</span> <span class='ocrx_word' id='word_1_18' title='bbox 1258 688 1466 748; x_wconf 72' lang='lat' dir='ltr'>israeliticum</span> <span class='ocrx_word' id='word_1_19' title='bbox 1478 687 1609 762; x_wconf 87' lang='lat' dir='ltr'>jusillud</span> 
     </span>
     <span class='ocr_line' id='line_1_4' title="bbox 418 796 1608 879; baseline -0.004 -20"><span class='ocrx_word' id='word_1_20' title='bbox 418 801 568 879; x_wconf 85' lang='lat' dir='ltr'>nancisci,</span> <span class='ocrx_word' id='word_1_21' title='bbox 585 800 835 877; x_wconf 76' lang='lat' dir='ltr'>quemadmodum</span> <span class='ocrx_word' id='word_1_22' title='bbox 852 800 945 857; x_wconf 89' lang='lat' dir='ltr'>etiam</span> <span class='ocrx_word' id='word_1_23' title='bbox 963 799 1030 856; x_wconf 93' lang='lat' dir='ltr'>sola</span> <span class='ocrx_word' id='word_1_24' title='bbox 1046 797 1183 857; x_wconf 87' lang='lat' dir='ltr'>carnalis</span> <span class='ocrx_word' id='word_1_25' title='bbox 1200 798 1364 875; x_wconf 89' lang='lat' dir='ltr'>generatio</span> <span class='ocrx_word' id='word_1_26' title='bbox 1381 796 1466 855; x_wconf 88' lang='lat' dir='ltr'>haud</span> <span class='ocrx_word' id='word_1_27' title='bbox 1477 796 1608 855; x_wconf 81' lang='lat' dir='ltr'>sufficie·</span> 
     </span>
     <span class='ocr_line' id='line_1_5' title="bbox 419 906 1608 986; baseline -0.006 -17"><span class='ocrx_word' id='word_1_28' title='bbox 419 912 487 979; x_wconf 83' lang='lat' dir='ltr'>bat,</span> <span class='ocrx_word' id='word_1_29' title='bbox 521 919 553 968; x_wconf 95' lang='lat' dir='ltr'>ut</span> <span class='ocrx_word' id='word_1_30' title='bbox 585 910 704 986; x_wconf 78' lang='lat' dir='ltr'>posteri</span> <span class='ocrx_word' id='word_1_31' title='bbox 723 908 868 967; x_wconf 77' lang='lat' dir='ltr'>Abrahae</span> <span class='ocrx_word' id='word_1_32' title='bbox 890 906 927 966; x_wconf 96' lang='lat' dir='ltr'>ad</span> <span class='ocrx_word' id='word_1_33' title='bbox 955 907 1098 983; x_wconf 91' lang='lat' dir='ltr'>populum</span> <span class='ocrx_word' id='word_1_34' title='bbox 1120 907 1253 966; x_wconf 92' lang='lat' dir='ltr'>electum</span> <span class='ocrx_word' id='word_1_35' title='bbox 1274 907 1479 983; x_wconf 88' lang='lat' dir='ltr'>pertinerent.</span> <span class='ocrx_word' id='word_1_36' title='bbox 1510 906 1608 982; x_wconf 77' lang='lat' dir='ltr'>ll&#39;eqne</span> 
     </span>
     <span class='ocr_line' id='line_1_6' title="bbox 417 1015 1608 1094; baseline -0.003 -17"><span class='ocrx_word' id='word_1_37' title='bbox 417 1020 492 1078; x_wconf 92' lang='lat' dir='ltr'>illud</span> <span class='ocrx_word' id='word_1_38' title='bbox 519 1018 573 1091; x_wconf 84' lang='lat' dir='ltr'>jus</span> <span class='ocrx_word' id='word_1_39' title='bbox 604 1018 736 1076; x_wconf 82' lang='lat' dir='ltr'>Judaeis</span> <span class='ocrx_word' id='word_1_40' title='bbox 768 1025 895 1092; x_wconf 89' lang='lat' dir='ltr'>propter</span> <span class='ocrx_word' id='word_1_41' title='bbox 921 1015 1190 1075; x_wconf 72' lang='lat' dir='ltr'>circumcisionem</span> <span class='ocrx_word' id='word_1_42' title='bbox 1213 1023 1265 1072; x_wconf 89' lang='lat' dir='ltr'>aut</span> <span class='ocrx_word' id='word_1_43' title='bbox 1292 1034 1386 1091; x_wconf 91' lang='lat' dir='ltr'>opera</span> <span class='ocrx_word' id='word_1_44' title='bbox 1401 1016 1504 1094; x_wconf 83' lang='lat' dir='ltr'>Legis</span> <span class='ocrx_word' id='word_1_45' title='bbox 1528 1033 1608 1083; x_wconf 67' lang='lat' dir='ltr'>essm</span> 
     </span>
     <span class='ocr_line' id='line_1_7' title="bbox 418 1125 1606 1204; baseline -0.003 -19"><span class='ocrx_word' id='word_1_46' title='bbox 418 1146 508 1204; x_wconf 94' lang='lat' dir='ltr'>qnum</span> <span class='ocrx_word' id='word_1_47' title='bbox 526 1130 613 1185; x_wconf 81' lang='lat' dir='ltr'>lleus</span> <span class='ocrx_word' id='word_1_48' title='bbox 624 1128 749 1185; x_wconf 86' lang='lat' dir='ltr'>¹nemini</span> <span class='ocrx_word' id='word_1_49' title='bbox 767 1127 938 1186; x_wconf 85' lang='lat' dir='ltr'>obstrictus</span> <span class='ocrx_word' id='word_1_50' title='bbox 956 1134 1115 1193; x_wconf 89' lang='lat' dir='ltr'>teneatur,</span> <span class='ocrx_word' id='word_1_51' title='bbox 1131 1126 1187 1183; x_wconf 88' lang='lat' dir='ltr'>sed</span> <span class='ocrx_word' id='word_1_52' title='bbox 1202 1126 1313 1201; x_wconf 87' lang='lat' dir='ltr'>possit,</span> <span class='ocrx_word' id='word_1_53' title='bbox 1329 1125 1400 1202; x_wconf 89' lang='lat' dir='ltr'>quin</span> <span class='ocrx_word' id='word_1_54' title='bbox 1418 1126 1555 1201; x_wconf 75' lang='lat' dir='ltr'>aliquem</span> <span class='ocrx_word' id='word_1_55' title='bbox 1569 1125 1606 1182; x_wconf 91' lang='lat' dir='ltr'>in·</span> 
     </span>
     <span class='ocr_line' id='line_1_8' title="bbox 412 1234 1607 1312; baseline -0.002 -19"><span class='ocrx_word' id='word_1_56' title='bbox 412 1237 498 1309; x_wconf 89' lang='lat' dir='ltr'>juria</span> <span class='ocrx_word' id='word_1_57' title='bbox 515 1237 653 1306; x_wconf 85' lang='lat' dir='ltr'>adliciat,</span> <span class='ocrx_word' id='word_1_58' title='bbox 674 1255 729 1312; x_wconf 95' lang='lat' dir='ltr'>pro</span> <span class='ocrx_word' id='word_1_59' title='bbox 751 1256 807 1294; x_wconf 92' lang='lat' dir='ltr'>suo</span> <span class='ocrx_word' id='word_1_60' title='bbox 829 1236 984 1294; x_wconf 86' lang='lat' dir='ltr'>arbitratu</span> <span class='ocrx_word' id='word_1_61' title='bbox 1005 1253 1178 1311; x_wconf 89' lang='lat' dir='ltr'>praecones</span> <span class='ocrx_word' id='word_1_62' title='bbox 1200 1234 1374 1312; x_wconf 75' lang='lat' dir='ltr'>Evangelii,</span> <span class='ocrx_word' id='word_1_63' title='bbox 1391 1235 1432 1292; x_wconf 88' lang='lat' dir='ltr'>ad</span> <span class='ocrx_word' id='word_1_64' title='bbox 1449 1252 1607 1311; x_wconf 88' lang='lat' dir='ltr'>quemcun-</span> 
     </span>
     <span class='ocr_line' id='line_1_9' title="bbox 420 1344 1607 1423; baseline -0.002 -21"><span class='ocrx_word' id='word_1_65' title='bbox 420 1364 477 1421; x_wconf 85' lang='lat' dir='ltr'>que</span> <span class='ocrx_word' id='word_1_66' title='bbox 496 1347 638 1423; x_wconf 90' lang='lat' dir='ltr'>pupulum</span> <span class='ocrx_word' id='word_1_67' title='bbox 654 1347 820 1422; x_wconf 89' lang='lat' dir='ltr'>placuerit,</span> <span class='ocrx_word' id='word_1_68' title='bbox 838 1345 998 1423; x_wconf 78' lang='lat' dir='ltr'>ablegare,</span> <span class='ocrx_word' id='word_1_69' title='bbox 1016 1345 1099 1404; x_wconf 87' lang='lat' dir='ltr'>sieut</span> <span class='ocrx_word' id='word_1_70' title='bbox 1114 1362 1171 1420; x_wconf 94' lang='lat' dir='ltr'>pro</span> <span class='ocrx_word' id='word_1_71' title='bbox 1188 1362 1244 1401; x_wconf 81' lang='lat' dir='ltr'>ruo</span> <span class='ocrx_word' id='word_1_72' title='bbox 1261 1344 1496 1419; x_wconf 89' lang='lat' dir='ltr'>sapientissimo</span> <span class='ocrx_word' id='word_1_73' title='bbox 1515 1344 1607 1403; x_wconf 88' lang='lat' dir='ltr'>eonsi-</span> 
     </span>
     <span class='ocr_line' id='line_1_10' title="bbox 417 1452 1608 1533; baseline -0.003 -20"><span class='ocrx_word' id='word_1_74' title='bbox 417 1455 459 1513; x_wconf 96' lang='lat' dir='ltr'>lio</span> <span class='ocrx_word' id='word_1_75' title='bbox 476 1456 630 1514; x_wconf 85' lang='lat' dir='ltr'>Jacobum</span> <span class='ocrx_word' id='word_1_76' title='bbox 646 1455 774 1532; x_wconf 88' lang='lat' dir='ltr'>ejusque</span> <span class='ocrx_word' id='word_1_77' title='bbox 791 1463 945 1533; x_wconf 83' lang='lat' dir='ltr'>posteros,</span> <span class='ocrx_word' id='word_1_78' title='bbox 961 1456 1046 1513; x_wconf 86' lang='lat' dir='ltr'>Esau</span> <span class='ocrx_word' id='word_1_79' title='bbox 1063 1453 1200 1527; x_wconf 83' lang='lat' dir='ltr'>rejecto,</span> <span class='ocrx_word' id='word_1_80' title='bbox 1215 1454 1247 1511; x_wconf 92' lang='lat' dir='ltr'>in</span> <span class='ocrx_word' id='word_1_81' title='bbox 1264 1454 1455 1528; x_wconf 79' lang='lat' dir='ltr'>peculiarem</span> <span class='ocrx_word' id='word_1_82' title='bbox 1471 1452 1608 1529; x_wconf 90' lang='lat' dir='ltr'>populum</span> 
     </span>
     <span class='ocr_line' id='line_1_11' title="bbox 417 1562 1608 1642; baseline -0.004 -19"><span class='ocrx_word' id='word_1_83' title='bbox 417 1574 449 1623; x_wconf 86' lang='lat' dir='ltr'>et</span> <span class='ocrx_word' id='word_1_84' title='bbox 465 1564 689 1623; x_wconf 83' lang='lat' dir='ltr'>haereditatem</span> <span class='ocrx_word' id='word_1_85' title='bbox 707 1564 819 1642; x_wconf 87' lang='lat' dir='ltr'>elegit,</span> <span class='ocrx_word' id='word_1_86' title='bbox 837 1564 887 1623; x_wconf 93' lang='lat' dir='ltr'>cui</span> <span class='ocrx_word' id='word_1_87' title='bbox 904 1562 1053 1623; x_wconf 89' lang='lat' dir='ltr'>cederent</span> <span class='ocrx_word' id='word_1_88' title='bbox 1068 1563 1293 1639; x_wconf 80' lang='lat' dir='ltr'>promissiones</span> <span class='ocrx_word' id='word_1_89' title='bbox 1308 1562 1488 1622; x_wconf 63' lang='lat' dir='ltr'>abrahamo</span> <span class='ocrx_word' id='word_1_90' title='bbox 1504 1562 1608 1633; x_wconf 76' lang='lat' dir='ltr'>saetae,</span> 
     </span>
     <span class='ocr_line' id='line_1_12' title="bbox 416 1670 1608 1750; baseline -0.003 -18"><span class='ocrx_word' id='word_1_91' title='bbox 416 1673 454 1732; x_wconf 90' lang='lat' dir='ltr'>de</span> <span class='ocrx_word' id='word_1_92' title='bbox 472 1683 560 1732; x_wconf 91' lang='lat' dir='ltr'>terra</span> <span class='ocrx_word' id='word_1_93' title='bbox 583 1673 728 1731; x_wconf 79' lang='lat' dir='ltr'>Chanaan</span> <span class='ocrx_word' id='word_1_94' title='bbox 752 1672 955 1750; x_wconf 88' lang='lat' dir='ltr'>possidenda,</span> <span class='ocrx_word' id='word_1_95' title='bbox 978 1673 1014 1729; x_wconf 92' lang='lat' dir='ltr'>de</span> <span class='ocrx_word' id='word_1_96' title='bbox 1031 1672 1150 1731; x_wconf 80' lang='lat' dir='ltr'>Massia</span> <span class='ocrx_word' id='word_1_97' title='bbox 1167 1690 1204 1730; x_wconf 84' lang='lat' dir='ltr'>ex</span> <span class='ocrx_word' id='word_1_98' title='bbox 1222 1672 1289 1747; x_wconf 81' lang='lat' dir='ltr'>ejus</span> <span class='ocrx_word' id='word_1_99' title='bbox 1306 1673 1425 1732; x_wconf 90' lang='lat' dir='ltr'>semiue</span> <span class='ocrx_word' id='word_1_100' title='bbox 1443 1670 1608 1739; x_wconf 88' lang='lat' dir='ltr'>nascituro,</span> 
     </span>
     <span class='ocr_line' id='line_1_13' title="bbox 417 1781 1609 1862; baseline -0.001 -22"><span class='ocrx_word' id='word_1_101' title='bbox 417 1793 489 1843; x_wconf 89' lang='lat' dir='ltr'>etc..</span> <span class='ocrx_word' id='word_1_102' title='bbox 506 1783 565 1841; x_wconf 87' lang='lat' dir='ltr'>Hic</span> <span class='ocrx_word' id='word_1_103' title='bbox 584 1784 698 1862; x_wconf 86' lang='lat' dir='ltr'>valere,</span> <span class='ocrx_word' id='word_1_104' title='bbox 713 1784 821 1858; x_wconf 89' lang='lat' dir='ltr'>lnquit,</span> <span class='ocrx_word' id='word_1_105' title='bbox 838 1782 917 1859; x_wconf 91' lang='lat' dir='ltr'>quod</span> <span class='ocrx_word' id='word_1_106' title='bbox 933 1782 971 1839; x_wconf 91' lang='lat' dir='ltr'>de</span> <span class='ocrx_word' id='word_1_107' title='bbox 987 1784 1055 1840; x_wconf 91' lang='lat' dir='ltr'>Deo</span> <span class='ocrx_word' id='word_1_108' title='bbox 1072 1781 1154 1852; x_wconf 86' lang='lat' dir='ltr'>alibi,</span> <span class='ocrx_word' id='word_1_109' title='bbox 1171 1782 1230 1841; x_wconf 90' lang='lat' dir='ltr'>alio</span> <span class='ocrx_word' id='word_1_110' title='bbox 1246 1791 1349 1840; x_wconf 89' lang='lat' dir='ltr'>tamen</span> <span class='ocrx_word' id='word_1_111' title='bbox 1363 1800 1470 1851; x_wconf 89' lang='lat' dir='ltr'>sensu,</span> <span class='ocrx_word' id='word_1_112' title='bbox 1487 1782 1609 1859; x_wconf 84' lang='lat' dir='ltr'>legitur,</span> 
     </span>
     <span class='ocr_line' id='line_1_14' title="bbox 417 1890 1608 1969; baseline -0.001 -20"><span class='ocrx_word' id='word_1_113' title='bbox 417 1894 516 1969; x_wconf 82' lang='lat' dir='ltr'>iprum</span> <span class='ocrx_word' id='word_1_114' title='bbox 534 1892 656 1951; x_wconf 82' lang='lat' dir='ltr'>scilicet</span> <span class='ocrx_word' id='word_1_115' title='bbox 673 1892 832 1950; x_wconf 85' lang='lat' dir='ltr'>benefieiis</span> <span class='ocrx_word' id='word_1_116' title='bbox 850 1908 963 1949; x_wconf 92' lang='lat' dir='ltr'>ornare</span> <span class='ocrx_word' id='word_1_117' title='bbox 981 1909 1083 1966; x_wconf 86' lang='lat' dir='ltr'>posse,</span> <span class='ocrx_word' id='word_1_118' title='bbox 1100 1909 1188 1967; x_wconf 90' lang='lat' dir='ltr'>quem</span> <span class='ocrx_word' id='word_1_119' title='bbox 1204 1892 1356 1961; x_wconf 85' lang='lat' dir='ltr'>voluerit,</span> <span class='ocrx_word' id='word_1_120' title='bbox 1372 1901 1404 1950; x_wconf 94' lang='lat' dir='ltr'>et</span> <span class='ocrx_word' id='word_1_121' title='bbox 1420 1892 1549 1959; x_wconf 75' lang='lat' dir='ltr'>favere,</span> <span class='ocrx_word' id='word_1_122' title='bbox 1565 1890 1608 1949; x_wconf 89' lang='lat' dir='ltr'>cui</span> 
     </span>
     <span class='ocr_line' id='line_1_15' title="bbox 417 2000 1608 2079; baseline -0.002 -20"><span class='ocrx_word' id='word_1_123' title='bbox 417 2001 558 2069; x_wconf 80' lang='lat' dir='ltr'>libuerit,</span> <span class='ocrx_word' id='word_1_124' title='bbox 584 2002 628 2059; x_wconf 91' lang='lat' dir='ltr'>ita</span> <span class='ocrx_word' id='word_1_125' title='bbox 652 2010 686 2059; x_wconf 90' lang='lat' dir='ltr'>ut</span> <span class='ocrx_word' id='word_1_126' title='bbox 701 2001 852 2060; x_wconf 83' lang='lat' dir='ltr'>beneficia</span> <span class='ocrx_word' id='word_1_127' title='bbox 868 2000 952 2075; x_wconf 80' lang='lat' dir='ltr'>ejus,</span> <span class='ocrx_word' id='word_1_128' title='bbox 968 2001 1065 2076; x_wconf 89' lang='lat' dir='ltr'>qualis</span> <span class='ocrx_word' id='word_1_129' title='bbox 1082 2010 1131 2059; x_wconf 89' lang='lat' dir='ltr'>est</span> <span class='ocrx_word' id='word_1_130' title='bbox 1148 2000 1241 2059; x_wconf 90' lang='lat' dir='ltr'>etiam</span> <span class='ocrx_word' id='word_1_131' title='bbox 1258 2001 1379 2060; x_wconf 85' lang='lat' dir='ltr'>vocatio</span> <span class='ocrx_word' id='word_1_132' title='bbox 1396 2000 1506 2079; x_wconf 90' lang='lat' dir='ltr'>gentis</span> <span class='ocrx_word' id='word_1_133' title='bbox 1523 2000 1608 2059; x_wconf 87' lang='lat' dir='ltr'>alicn-</span> 
     </span>
     <span class='ocr_line' id='line_1_16' title="bbox 416 2108 1609 2185; baseline -0.001 -18"><span class='ocrx_word' id='word_1_134' title='bbox 416 2110 468 2183; x_wconf 83' lang='lat' dir='ltr'>Jus</span> <span class='ocrx_word' id='word_1_135' title='bbox 485 2111 521 2168; x_wconf 97' lang='lat' dir='ltr'>ad</span> <span class='ocrx_word' id='word_1_136' title='bbox 539 2110 725 2178; x_wconf 90' lang='lat' dir='ltr'>Ecclesiam,</span> <span class='ocrx_word' id='word_1_137' title='bbox 751 2109 873 2179; x_wconf 87' lang='lat' dir='ltr'>minime</span> <span class='ocrx_word' id='word_1_138' title='bbox 895 2110 932 2167; x_wconf 85' lang='lat' dir='ltr'>alr</span> <span class='ocrx_word' id='word_1_139' title='bbox 956 2118 1118 2185; x_wconf 85' lang='lat' dir='ltr'>appetente</span> <span class='ocrx_word' id='word_1_140' title='bbox 1141 2120 1173 2168; x_wconf 93' lang='lat' dir='ltr'>et</span> <span class='ocrx_word' id='word_1_141' title='bbox 1199 2128 1324 2185; x_wconf 89' lang='lat' dir='ltr'>operam</span> <span class='ocrx_word' id='word_1_142' title='bbox 1340 2119 1490 2179; x_wconf 80' lang='lat' dir='ltr'>narsete,</span> <span class='ocrx_word' id='word_1_143' title='bbox 1508 2109 1562 2166; x_wconf 87' lang='lat' dir='ltr'>sed</span> <span class='ocrx_word' id='word_1_144' title='bbox 1578 2108 1609 2167; x_wconf 84' lang='lat' dir='ltr'>al</span> 
     </span>
     <span class='ocr_line' id='line_1_17' title="bbox 417 2216 1609 2294; baseline 0 -19"><span class='ocrx_word' id='word_1_145' title='bbox 417 2219 485 2294; x_wconf 88' lang='lat' dir='ltr'>ipso</span> <span class='ocrx_word' id='word_1_146' title='bbox 508 2218 631 2276; x_wconf 81' lang='lat' dir='ltr'>favente</span> <span class='ocrx_word' id='word_1_147' title='bbox 658 2219 820 2294; x_wconf 85' lang='lat' dir='ltr'>pendeant.</span> <span class='ocrx_word' id='word_1_148' title='bbox 858 2216 939 2276; x_wconf 89' lang='lat' dir='ltr'>llinc</span> <span class='ocrx_word' id='word_1_149' title='bbox 965 2217 996 2275; x_wconf 89' lang='lat' dir='ltr'>in</span> <span class='ocrx_word' id='word_1_150' title='bbox 1022 2216 1070 2274; x_wconf 84' lang='lat' dir='ltr'>his</span> <span class='ocrx_word' id='word_1_151' title='bbox 1094 2236 1162 2276; x_wconf 89' lang='lat' dir='ltr'>eum</span> <span class='ocrx_word' id='word_1_152' title='bbox 1177 2218 1244 2275; x_wconf 90' lang='lat' dir='ltr'>Deo</span> <span class='ocrx_word' id='word_1_153' title='bbox 1261 2217 1411 2276; x_wconf 85' lang='lat' dir='ltr'>altercari</span> <span class='ocrx_word' id='word_1_154' title='bbox 1427 2227 1490 2276; x_wconf 91' lang='lat' dir='ltr'>tam</span> <span class='ocrx_word' id='word_1_155' title='bbox 1507 2234 1609 2294; x_wconf 87' lang='lat' dir='ltr'>parum</span> 
     </span>
     <span class='ocr_line' id='line_1_18' title="bbox 416 2325 1609 2405; baseline 0.001 -21"><span class='ocrx_word' id='word_1_156' title='bbox 416 2327 525 2395; x_wconf 90' lang='lat' dir='ltr'>lleere,</span> <span class='ocrx_word' id='word_1_157' title='bbox 542 2346 631 2404; x_wconf 91' lang='lat' dir='ltr'>quam</span> <span class='ocrx_word' id='word_1_158' title='bbox 647 2329 710 2387; x_wconf 88' lang='lat' dir='ltr'>luto</span> <span class='ocrx_word' id='word_1_159' title='bbox 722 2327 906 2403; x_wconf 88' lang='lat' dir='ltr'>permissum</span> <span class='ocrx_word' id='word_1_160' title='bbox 925 2336 974 2385; x_wconf 86' lang='lat' dir='ltr'>est</span> <span class='ocrx_word' id='word_1_161' title='bbox 991 2345 1059 2386; x_wconf 88' lang='lat' dir='ltr'>eum</span> <span class='ocrx_word' id='word_1_162' title='bbox 1077 2326 1173 2405; x_wconf 85' lang='lat' dir='ltr'>figulo</span> <span class='ocrx_word' id='word_1_163' title='bbox 1191 2325 1386 2386; x_wconf 85' lang='lat' dir='ltr'>contendere.</span> <span class='ocrx_word' id='word_1_164' title='bbox 1398 2328 1488 2386; x_wconf 84' lang='lat' dir='ltr'>Deus</span> <span class='ocrx_word' id='word_1_165' title='bbox 1502 2337 1609 2394; x_wconf 87' lang='lat' dir='ltr'>autem,</span> 
     </span>
     <span class='ocr_line' id='line_1_19' title="bbox 418 2435 1609 2513; baseline -0.001 -19"><span class='ocrx_word' id='word_1_166' title='bbox 418 2437 464 2496; x_wconf 87' lang='lat' dir='ltr'>sic</span> <span class='ocrx_word' id='word_1_167' title='bbox 481 2436 573 2495; x_wconf 91' lang='lat' dir='ltr'>docet</span> <span class='ocrx_word' id='word_1_168' title='bbox 595 2437 761 2513; x_wconf 72' lang='lat' dir='ltr'>Apostolus</span> <span class='ocrx_word' id='word_1_169' title='bbox 777 2437 807 2494; x_wconf 88' lang='lat' dir='ltr'>iu</span> <span class='ocrx_word' id='word_1_170' title='bbox 825 2436 1041 2512; x_wconf 87' lang='lat' dir='ltr'>sequentibus,</span> <span class='ocrx_word' id='word_1_171' title='bbox 1074 2435 1211 2494; x_wconf 85' lang='lat' dir='ltr'>Judaeos</span> <span class='ocrx_word' id='word_1_172' title='bbox 1239 2435 1364 2509; x_wconf 87' lang='lat' dir='ltr'>rejecit,</span> <span class='ocrx_word' id='word_1_173' title='bbox 1389 2437 1534 2511; x_wconf 88' lang='lat' dir='ltr'>quoniam</span> <span class='ocrx_word' id='word_1_174' title='bbox 1556 2454 1609 2494; x_wconf 89' lang='lat' dir='ltr'>non</span> 
     </span>
     <span class='ocr_line' id='line_1_20' title="bbox 418 2543 1610 2621; baseline 0 -18"><span class='ocrx_word' id='word_1_175' title='bbox 418 2544 673 2617; x_wconf 84' lang='lat' dir='ltr'>crediderunt¹);</span> <span class='ocrx_word' id='word_1_176' title='bbox 707 2544 850 2602; x_wconf 75' lang='lat' dir='ltr'>Gentiles</span> <span class='ocrx_word' id='word_1_177' title='bbox 883 2562 958 2602; x_wconf 85' lang='lat' dir='ltr'>veru</span> <span class='ocrx_word' id='word_1_178' title='bbox 987 2544 1024 2602; x_wconf 94' lang='lat' dir='ltr'>ad</span> <span class='ocrx_word' id='word_1_179' title='bbox 1048 2544 1224 2604; x_wconf 84' lang='lat' dir='ltr'>Ecclesiam</span> <span class='ocrx_word' id='word_1_180' title='bbox 1250 2543 1394 2613; x_wconf 84' lang='lat' dir='ltr'>vocavit,</span> <span class='ocrx_word' id='word_1_181' title='bbox 1427 2544 1501 2621; x_wconf 88' lang='lat' dir='ltr'>quia</span> <span class='ocrx_word' id='word_1_182' title='bbox 1526 2544 1610 2603; x_wconf 83' lang='lat' dir='ltr'>fidem</span> 
     </span>
     <span class='ocr_line' id='line_1_21' title="bbox 419 2653 1611 2733; baseline 0 -22"><span class='ocrx_word' id='word_1_183' title='bbox 419 2653 536 2711; x_wconf 80' lang='lat' dir='ltr'>curisti</span> <span class='ocrx_word' id='word_1_184' title='bbox 562 2653 804 2733; x_wconf 79' lang='lat' dir='ltr'>admiseruut²);</span> <span class='ocrx_word' id='word_1_185' title='bbox 837 2653 889 2729; x_wconf 93' lang='lat' dir='ltr'>qui</span> <span class='ocrx_word' id='word_1_186' title='bbox 916 2662 1018 2711; x_wconf 89' lang='lat' dir='ltr'>tamen</span> <span class='ocrx_word' id='word_1_187' title='bbox 1036 2653 1064 2712; x_wconf 82' lang='lat' dir='ltr'>ri</span> <span class='ocrx_word' id='word_1_188' title='bbox 1079 2653 1169 2712; x_wconf 87' lang='lat' dir='ltr'>fidem</span> <span class='ocrx_word' id='word_1_189' title='bbox 1187 2672 1246 2712; x_wconf 93' lang='lat' dir='ltr'>non</span> <span class='ocrx_word' id='word_1_190' title='bbox 1264 2654 1474 2723; x_wconf 84' lang='lat' dir='ltr'>servaverint,</span> <span class='ocrx_word' id='word_1_191' title='bbox 1492 2653 1611 2714; x_wconf 82' lang='lat' dir='ltr'>nunniti</span> 
     </span>
     <span class='ocr_line' id='line_1_22' title="bbox 417 2762 1610 2840; baseline -0.003 -17"><span class='ocrx_word' id='word_1_192' title='bbox 417 2774 545 2840; x_wconf 88' lang='lat' dir='ltr'>propter</span> <span class='ocrx_word' id='word_1_193' title='bbox 576 2762 667 2822; x_wconf 87' lang='lat' dir='ltr'>iidem</span> <span class='ocrx_word' id='word_1_194' title='bbox 692 2763 820 2822; x_wconf 78' lang='lat' dir='ltr'>oleastri</span> <span class='ocrx_word' id='word_1_195' title='bbox 842 2763 940 2822; x_wconf 79' lang='lat' dir='ltr'>olivae</span> <span class='ocrx_word' id='word_1_196' title='bbox 968 2763 1090 2834; x_wconf 87' lang='lat' dir='ltr'>inserti,</span> <span class='ocrx_word' id='word_1_197' title='bbox 1122 2763 1321 2835; x_wconf 83' lang='lat' dir='ltr'>excidentur3</span> <span class='ocrx_word' id='word_1_198' title='bbox 1354 2773 1466 2824; x_wconf 89' lang='lat' dir='ltr'>contra</span> <span class='ocrx_word' id='word_1_199' title='bbox 1492 2763 1610 2836; x_wconf 85' lang='lat' dir='ltr'>Judaei,</span> 
     </span>
    </p>
   </div>
   <div class='ocr_carea' id='block_1_3' title="bbox 418 2873 1609 2962">
    <p class='ocr_par' dir='ltr' id='par_1_3' title="bbox 418 2873 1609 2962">
     <span class='ocr_line' id='line_1_23' title="bbox 418 2873 1609 2962; baseline 0 -31"><span class='ocrx_word' id='word_1_200' title='bbox 418 2875 496 2962; x_wconf 82' lang='lat' dir='ltr'>rami</span> <span class='ocrx_word' id='word_1_201' title='bbox 513 2873 616 2947; x_wconf 79' lang='lat' dir='ltr'>fracti,</span> <span class='ocrx_word' id='word_1_202' title='bbox 634 2874 745 2932; x_wconf 90' lang='lat' dir='ltr'>iterum</span> <span class='ocrx_word' id='word_1_203' title='bbox 763 2874 952 2941; x_wconf 90' lang='lat' dir='ltr'>inserentur,</span> <span class='ocrx_word' id='word_1_204' title='bbox 971 2873 997 2930; x_wconf 92' lang='lat' dir='ltr'>si</span> <span class='ocrx_word' id='word_1_205' title='bbox 1014 2874 1044 2931; x_wconf 93' lang='lat' dir='ltr'>in</span> <span class='ocrx_word' id='word_1_206' title='bbox 1061 2873 1278 2933; x_wconf 82' lang='lat' dir='ltr'>incredulitate</span> <span class='ocrx_word' id='word_1_207' title='bbox 1295 2891 1355 2932; x_wconf 93' lang='lat' dir='ltr'>non</span> <span class='ocrx_word' id='word_1_208' title='bbox 1371 2874 1609 2950; x_wconf 70' lang='lat' dir='ltr'>permanserint.</span> 
     </span>
    </p>
   </div>
   <div class='ocr_carea' id='block_1_4' title="bbox 419 2982 1612 4597">
    <p class='ocr_par' dir='ltr' id='par_1_4' title="bbox 419 2982 1612 4597">
     <span class='ocr_line' id='line_1_24' title="bbox 419 2982 1611 3061; baseline 0 -20"><span class='ocrx_word' id='word_1_209' title='bbox 419 2982 497 3058; x_wconf 81' lang='lat' dir='ltr'>Quin</span> <span class='ocrx_word' id='word_1_210' title='bbox 513 2983 586 3052; x_wconf 92' lang='lat' dir='ltr'>imo,</span> <span class='ocrx_word' id='word_1_211' title='bbox 603 2983 708 3061; x_wconf 89' lang='lat' dir='ltr'>pergit</span> <span class='ocrx_word' id='word_1_212' title='bbox 722 2983 848 3051; x_wconf 89' lang='lat' dir='ltr'>Paulus,</span> <span class='ocrx_word' id='word_1_213' title='bbox 867 2984 955 3040; x_wconf 91' lang='lat' dir='ltr'>Deus</span> <span class='ocrx_word' id='word_1_214' title='bbox 972 2991 1088 3041; x_wconf 84' lang='lat' dir='ltr'>tantum</span> <span class='ocrx_word' id='word_1_215' title='bbox 1105 2992 1271 3059; x_wconf 90' lang='lat' dir='ltr'>propterea</span> <span class='ocrx_word' id='word_1_216' title='bbox 1287 2983 1426 3042; x_wconf 81' lang='lat' dir='ltr'>Judaeos</span> <span class='ocrx_word' id='word_1_217' title='bbox 1437 2983 1567 3052; x_wconf 87' lang='lat' dir='ltr'>dimisit,</span> <span class='ocrx_word' id='word_1_218' title='bbox 1583 2992 1611 3041; x_wconf 91' lang='lat' dir='ltr'>et</span> 
     </span>
     <span class='ocr_line' id='line_1_25' title="bbox 419 3091 1611 3162; baseline 0 -12"><span class='ocrx_word' id='word_1_219' title='bbox 419 3092 455 3150; x_wconf 88' lang='lat' dir='ltr'>ad</span> <span class='ocrx_word' id='word_1_220' title='bbox 475 3091 617 3150; x_wconf 74' lang='lat' dir='ltr'>Gentiles</span> <span class='ocrx_word' id='word_1_221' title='bbox 639 3109 674 3148; x_wconf 91' lang='lat' dir='ltr'>se</span> <span class='ocrx_word' id='word_1_222' title='bbox 697 3091 866 3161; x_wconf 90' lang='lat' dir='ltr'>convertit,</span> <span class='ocrx_word' id='word_1_223' title='bbox 888 3099 921 3149; x_wconf 90' lang='lat' dir='ltr'>ut</span> <span class='ocrx_word' id='word_1_224' title='bbox 941 3092 1013 3149; x_wconf 95' lang='lat' dir='ltr'>illos</span> <span class='ocrx_word' id='word_1_225' title='bbox 1030 3091 1067 3149; x_wconf 92' lang='lat' dir='ltr'>ad</span> <span class='ocrx_word' id='word_1_226' title='bbox 1085 3092 1319 3151; x_wconf 88' lang='lat' dir='ltr'>aemulationem</span> <span class='ocrx_word' id='word_1_227' title='bbox 1337 3092 1504 3162; x_wconf 82' lang='lat' dir='ltr'>excitaret,</span> <span class='ocrx_word' id='word_1_228' title='bbox 1522 3102 1554 3152; x_wconf 90' lang='lat' dir='ltr'>et</span> <span class='ocrx_word' id='word_1_229' title='bbox 1569 3092 1611 3150; x_wconf 91' lang='lat' dir='ltr'>sic</span> 
     </span>
     <span class='ocr_line' id='line_1_26' title="bbox 422 3199 1611 3278; baseline 0.003 -20"><span class='ocrx_word' id='word_1_230' title='bbox 422 3200 554 3259; x_wconf 88' lang='lat' dir='ltr'>omnium</span> <span class='ocrx_word' id='word_1_231' title='bbox 576 3199 799 3269; x_wconf 82' lang='lat' dir='ltr'>misereretur3</span> <span class='ocrx_word' id='word_1_232' title='bbox 831 3200 874 3258; x_wconf 90' lang='lat' dir='ltr'>ita</span> <span class='ocrx_word' id='word_1_233' title='bbox 894 3209 928 3258; x_wconf 91' lang='lat' dir='ltr'>ut</span> <span class='ocrx_word' id='word_1_234' title='bbox 950 3200 1043 3259; x_wconf 90' lang='lat' dir='ltr'>otiam</span> <span class='ocrx_word' id='word_1_235' title='bbox 1060 3200 1089 3258; x_wconf 92' lang='lat' dir='ltr'>in</span> <span class='ocrx_word' id='word_1_236' title='bbox 1106 3199 1171 3268; x_wconf 88' lang='lat' dir='ltr'>his,</span> <span class='ocrx_word' id='word_1_237' title='bbox 1195 3218 1272 3278; x_wconf 86' lang='lat' dir='ltr'>quae</span> <span class='ocrx_word' id='word_1_238' title='bbox 1289 3199 1428 3260; x_wconf 92' lang='lat' dir='ltr'>homines</span> <span class='ocrx_word' id='word_1_239' title='bbox 1447 3202 1611 3270; x_wconf 83' lang='lat' dir='ltr'>offendant,</span> 
     </span>
     <span class='ocr_line' id='line_1_27' title="bbox 423 3307 1609 3389; baseline 0.002 -22"><span class='ocrx_word' id='word_1_240' title='bbox 423 3327 542 3368; x_wconf 88' lang='lat' dir='ltr'>summa</span> <span class='ocrx_word' id='word_1_241' title='bbox 558 3309 618 3366; x_wconf 90' lang='lat' dir='ltr'>Dei</span> <span class='ocrx_word' id='word_1_242' title='bbox 635 3309 846 3385; x_wconf 85' lang='lat' dir='ltr'>conspiciatur</span> <span class='ocrx_word' id='word_1_243' title='bbox 863 3309 1015 3385; x_wconf 89' lang='lat' dir='ltr'>sapientia</span> <span class='ocrx_word' id='word_1_244' title='bbox 1041 3328 1077 3369; x_wconf 91' lang='lat' dir='ltr'>ae</span> <span class='ocrx_word' id='word_1_245' title='bbox 1095 3307 1273 3386; x_wconf 78' lang='lat' dir='ltr'>seientia³).</span> <span class='ocrx_word' id='word_1_246' title='bbox 1299 3309 1386 3385; x_wconf 81' lang='lat' dir='ltr'>Quae</span> <span class='ocrx_word' id='word_1_247' title='bbox 1409 3311 1516 3388; x_wconf 90' lang='lat' dir='ltr'>itaque</span> <span class='ocrx_word' id='word_1_248' title='bbox 1533 3316 1609 3389; x_wconf 76' lang='lat' dir='ltr'>Apo-</span> 
     </span>
     <span class='ocr_line' id='line_1_28' title="bbox 420 3418 1612 3498; baseline 0.002 -21"><span class='ocrx_word' id='word_1_249' title='bbox 420 3420 520 3478; x_wconf 88' lang='lat' dir='ltr'>stolus</span> <span class='ocrx_word' id='word_1_250' title='bbox 542 3419 651 3489; x_wconf 89' lang='lat' dir='ltr'>tradit,</span> <span class='ocrx_word' id='word_1_251' title='bbox 676 3420 711 3478; x_wconf 90' lang='lat' dir='ltr'>ad</span> <span class='ocrx_word' id='word_1_252' title='bbox 735 3418 812 3479; x_wconf 88' lang='lat' dir='ltr'>haee</span> <span class='ocrx_word' id='word_1_253' title='bbox 829 3420 975 3479; x_wconf 89' lang='lat' dir='ltr'>redeunt:</span> <span class='ocrx_word' id='word_1_254' title='bbox 1008 3419 1083 3478; x_wconf 90' lang='lat' dir='ltr'>nulli</span> <span class='ocrx_word' id='word_1_255' title='bbox 1099 3419 1188 3498; x_wconf 86' lang='lat' dir='ltr'>genti</span> <span class='ocrx_word' id='word_1_256' title='bbox 1198 3420 1252 3495; x_wconf 90' lang='lat' dir='ltr'>jus</span> <span class='ocrx_word' id='word_1_257' title='bbox 1269 3438 1339 3478; x_wconf 89' lang='lat' dir='ltr'>esse</span> <span class='ocrx_word' id='word_1_258' title='bbox 1357 3438 1374 3478; x_wconf 90' lang='lat' dir='ltr'>a</span> <span class='ocrx_word' id='word_1_259' title='bbox 1390 3422 1461 3480; x_wconf 91' lang='lat' dir='ltr'>Deo</span> <span class='ocrx_word' id='word_1_260' title='bbox 1477 3421 1612 3481; x_wconf 82' lang='lat' dir='ltr'>vocatio·</span> 
     </span>
     <span class='ocr_line' id='line_1_29' title="bbox 420 3527 1612 3606; baseline 0.003 -20"><span class='ocrx_word' id='word_1_261' title='bbox 420 3548 488 3587; x_wconf 89' lang='lat' dir='ltr'>nem</span> <span class='ocrx_word' id='word_1_262' title='bbox 507 3528 543 3587; x_wconf 89' lang='lat' dir='ltr'>ad</span> <span class='ocrx_word' id='word_1_263' title='bbox 560 3528 735 3587; x_wconf 79' lang='lat' dir='ltr'>Ecclesiam</span> <span class='ocrx_word' id='word_1_264' title='bbox 753 3537 784 3586; x_wconf 89' lang='lat' dir='ltr'>et</span> <span class='ocrx_word' id='word_1_265' title='bbox 799 3528 950 3589; x_wconf 83' lang='lat' dir='ltr'>beneficia</span> <span class='ocrx_word' id='word_1_266' title='bbox 967 3547 1035 3588; x_wconf 89' lang='lat' dir='ltr'>eum</span> <span class='ocrx_word' id='word_1_267' title='bbox 1052 3527 1110 3589; x_wconf 88' lang='lat' dir='ltr'>hae</span> <span class='ocrx_word' id='word_1_268' title='bbox 1127 3528 1300 3604; x_wconf 84' lang='lat' dir='ltr'>conjuncta,</span> <span class='ocrx_word' id='word_1_269' title='bbox 1317 3531 1362 3590; x_wconf 88' lang='lat' dir='ltr'>uti</span> <span class='ocrx_word' id='word_1_270' title='bbox 1378 3540 1452 3590; x_wconf 89' lang='lat' dir='ltr'>sunt</span> <span class='ocrx_word' id='word_1_271' title='bbox 1463 3531 1612 3606; x_wconf 87' lang='lat' dir='ltr'>justifica·</span> 
     </span>
     <span class='ocr_line' id='line_1_30' title="bbox 420 3637 1611 3720; baseline 0.002 -24"><span class='ocrx_word' id='word_1_272' title='bbox 420 3638 464 3696; x_wconf 91' lang='lat' dir='ltr'>tio</span> <span class='ocrx_word' id='word_1_273' title='bbox 492 3637 618 3712; x_wconf 90' lang='lat' dir='ltr'>ejusque</span> <span class='ocrx_word' id='word_1_274' title='bbox 655 3638 786 3709; x_wconf 82' lang='lat' dir='ltr'>fructus,</span> <span class='ocrx_word' id='word_1_275' title='bbox 818 3639 1008 3713; x_wconf 89' lang='lat' dir='ltr'>postulandi,</span> <span class='ocrx_word' id='word_1_276' title='bbox 1040 3640 1094 3697; x_wconf 89' lang='lat' dir='ltr'>sed</span> <span class='ocrx_word' id='word_1_277' title='bbox 1110 3639 1193 3698; x_wconf 91' lang='lat' dir='ltr'>illam</span> <span class='ocrx_word' id='word_1_278' title='bbox 1208 3640 1309 3716; x_wconf 89' lang='lat' dir='ltr'>potius</span> <span class='ocrx_word' id='word_1_279' title='bbox 1327 3641 1437 3700; x_wconf 91' lang='lat' dir='ltr'>donum</span> <span class='ocrx_word' id='word_1_280' title='bbox 1456 3660 1528 3700; x_wconf 89' lang='lat' dir='ltr'>esse</span> <span class='ocrx_word' id='word_1_281' title='bbox 1545 3659 1611 3720; x_wconf 85' lang='lat' dir='ltr'>gra·</span> 
     </span>
     <span class='ocr_line' id='line_1_31' title="bbox 423 3732 1611 3825; baseline 0.003 -20"><span class='ocrx_word' id='word_1_282' title='bbox 423 3746 531 3805; x_wconf 92' lang='lat' dir='ltr'>tuitum</span> <span class='ocrx_word' id='word_1_283' title='bbox 547 3745 684 3804; x_wconf 86' lang='lat' dir='ltr'>infinitae</span> <span class='ocrx_word' id='word_1_284' title='bbox 701 3732 848 3805; x_wconf 88' lang='lat' dir='ltr'>bonitatis</span> <span class='ocrx_word' id='word_1_285' title='bbox 872 3747 1009 3818; x_wconf 84' lang='lat' dir='ltr'>divinae,</span> <span class='ocrx_word' id='word_1_286' title='bbox 1042 3759 1206 3825; x_wconf 88' lang='lat' dir='ltr'>eapropter</span> <span class='ocrx_word' id='word_1_287' title='bbox 1222 3752 1322 3809; x_wconf 89' lang='lat' dir='ltr'>Deum</span> <span class='ocrx_word' id='word_1_288' title='bbox 1337 3750 1407 3810; x_wconf 93' lang='lat' dir='ltr'>loco</span> <span class='ocrx_word' id='word_1_289' title='bbox 1423 3751 1611 3811; x_wconf 86' lang='lat' dir='ltr'>Judaeorum</span> 
     </span>
     <span class='ocr_line' id='line_1_32' title="bbox 422 3855 1611 3938; baseline 0.001 -23"><span class='ocrx_word' id='word_1_290' title='bbox 422 3855 566 3915; x_wconf 82' lang='lat' dir='ltr'>Gentiles</span> <span class='ocrx_word' id='word_1_291' title='bbox 588 3875 701 3915; x_wconf 89' lang='lat' dir='ltr'>vocare</span> <span class='ocrx_word' id='word_1_292' title='bbox 726 3856 883 3932; x_wconf 88' lang='lat' dir='ltr'>putuisse,</span> <span class='ocrx_word' id='word_1_293' title='bbox 901 3857 1043 3934; x_wconf 91' lang='lat' dir='ltr'>quoniam</span> <span class='ocrx_word' id='word_1_294' title='bbox 1061 3859 1233 3937; x_wconf 81' lang='lat' dir='ltr'>Evangelio</span> <span class='ocrx_word' id='word_1_295' title='bbox 1251 3859 1466 3932; x_wconf 89' lang='lat' dir='ltr'>erediderunt,</span> <span class='ocrx_word' id='word_1_296' title='bbox 1488 3861 1611 3938; x_wconf 89' lang='lat' dir='ltr'>illosque</span> 
     </span>
     <span class='ocr_line' id='line_1_33' title="bbox 422 3966 1611 4047; baseline 0.002 -22"><span class='ocrx_word' id='word_1_297' title='bbox 422 3966 567 4042; x_wconf 85' lang='lat' dir='ltr'>rejicere,</span> <span class='ocrx_word' id='word_1_298' title='bbox 586 3966 727 4043; x_wconf 91' lang='lat' dir='ltr'>quoniam</span> <span class='ocrx_word' id='word_1_299' title='bbox 745 3966 833 4025; x_wconf 87' lang='lat' dir='ltr'>fidem</span> <span class='ocrx_word' id='word_1_300' title='bbox 851 3967 1074 4042; x_wconf 88' lang='lat' dir='ltr'>praedicationi</span> <span class='ocrx_word' id='word_1_301' title='bbox 1095 3969 1312 4044; x_wconf 79' lang='lat' dir='ltr'>Apostolorum</span> <span class='ocrx_word' id='word_1_302' title='bbox 1329 3980 1495 4047; x_wconf 86' lang='lat' dir='ltr'>praestare</span> <span class='ocrx_word' id='word_1_303' title='bbox 1513 3971 1611 4028; x_wconf 83' lang='lat' dir='ltr'>nolue-</span> 
     </span>
     <span class='ocr_line' id='line_1_34' title="bbox 422 4075 1611 4156; baseline 0.002 -22"><span class='ocrx_word' id='word_1_304' title='bbox 422 4085 512 4147; x_wconf 88' lang='lat' dir='ltr'>ruut;</span> <span class='ocrx_word' id='word_1_305' title='bbox 529 4076 574 4134; x_wconf 90' lang='lat' dir='ltr'>ita</span> <span class='ocrx_word' id='word_1_306' title='bbox 590 4085 702 4156; x_wconf 84' lang='lat' dir='ltr'>tamen,</span> <span class='ocrx_word' id='word_1_307' title='bbox 719 4085 752 4134; x_wconf 88' lang='lat' dir='ltr'>ut</span> <span class='ocrx_word' id='word_1_308' title='bbox 767 4075 808 4144; x_wconf 88' lang='lat' dir='ltr'>hi,</span> <span class='ocrx_word' id='word_1_309' title='bbox 826 4076 852 4133; x_wconf 93' lang='lat' dir='ltr'>si</span> <span class='ocrx_word' id='word_1_310' title='bbox 871 4095 929 4134; x_wconf 90' lang='lat' dir='ltr'>non</span> <span class='ocrx_word' id='word_1_311' title='bbox 946 4077 977 4134; x_wconf 90' lang='lat' dir='ltr'>in</span> <span class='ocrx_word' id='word_1_312' title='bbox 995 4077 1212 4137; x_wconf 87' lang='lat' dir='ltr'>incredulitate</span> <span class='ocrx_word' id='word_1_313' title='bbox 1234 4080 1479 4154; x_wconf 83' lang='lat' dir='ltr'>permanserint,</span> <span class='ocrx_word' id='word_1_314' title='bbox 1504 4080 1611 4139; x_wconf 85' lang='lat' dir='ltr'>iterum</span> 
     </span>
     <span class='ocr_line' id='line_1_35' title="bbox 423 4185 1611 4264; baseline 0.001 -20"><span class='ocrx_word' id='word_1_315' title='bbox 423 4195 632 4255; x_wconf 89' lang='lat' dir='ltr'>assumantur,</span> <span class='ocrx_word' id='word_1_316' title='bbox 649 4186 693 4243; x_wconf 88' lang='lat' dir='ltr'>illi</span> <span class='ocrx_word' id='word_1_317' title='bbox 711 4194 824 4255; x_wconf 89' lang='lat' dir='ltr'>autem,</span> <span class='ocrx_word' id='word_1_318' title='bbox 841 4185 866 4243; x_wconf 88' lang='lat' dir='ltr'>si</span> <span class='ocrx_word' id='word_1_319' title='bbox 885 4186 974 4244; x_wconf 87' lang='lat' dir='ltr'>iidem</span> <span class='ocrx_word' id='word_1_320' title='bbox 993 4205 1050 4244; x_wconf 91' lang='lat' dir='ltr'>nou</span> <span class='ocrx_word' id='word_1_321' title='bbox 1069 4187 1276 4258; x_wconf 87' lang='lat' dir='ltr'>servaverint,</span> <span class='ocrx_word' id='word_1_322' title='bbox 1292 4206 1405 4247; x_wconf 88' lang='lat' dir='ltr'>rursus</span> <span class='ocrx_word' id='word_1_323' title='bbox 1423 4189 1611 4264; x_wconf 87' lang='lat' dir='ltr'>rejiciantur.</span> 
     </span>
     <span class='ocr_line' id='line_1_36' title="bbox 422 4294 1608 4378; baseline 0.001 -25"><span class='ocrx_word' id='word_1_324' title='bbox 422 4294 627 4354; x_wconf 87' lang='lat' dir='ltr'>HinePaulus</span> <span class='ocrx_word' id='word_1_325' title='bbox 639 4294 669 4352; x_wconf 91' lang='lat' dir='ltr'>in</span> <span class='ocrx_word' id='word_1_326' title='bbox 687 4295 754 4353; x_wconf 91' lang='lat' dir='ltr'>loeo</span> <span class='ocrx_word' id='word_1_327' title='bbox 772 4295 892 4354; x_wconf 87' lang='lat' dir='ltr'>laudato</span> <span class='ocrx_word' id='word_1_328' title='bbox 911 4315 969 4353; x_wconf 87' lang='lat' dir='ltr'>non</span> <span class='ocrx_word' id='word_1_329' title='bbox 988 4297 1053 4374; x_wconf 85' lang='lat' dir='ltr'>agit</span> <span class='ocrx_word' id='word_1_330' title='bbox 1063 4297 1099 4355; x_wconf 92' lang='lat' dir='ltr'>de</span> <span class='ocrx_word' id='word_1_331' title='bbox 1116 4297 1396 4372; x_wconf 84' lang='lat' dir='ltr'>praedestinatione</span> <span class='ocrx_word' id='word_1_332' title='bbox 1415 4299 1454 4357; x_wconf 87' lang='lat' dir='ltr'>ad</span> <span class='ocrx_word' id='word_1_333' title='bbox 1472 4297 1608 4378; x_wconf 88' lang='lat' dir='ltr'>gloriam,</span> 
     </span>
     <span class='ocr_line' id='line_1_37' title="bbox 422 4405 1607 4486; baseline 0 -24"><span class='ocrx_word' id='word_1_334' title='bbox 422 4406 476 4463; x_wconf 89' lang='lat' dir='ltr'>sed</span> <span class='ocrx_word' id='word_1_335' title='bbox 493 4405 681 4462; x_wconf 91' lang='lat' dir='ltr'>solummodo</span> <span class='ocrx_word' id='word_1_336' title='bbox 705 4405 740 4462; x_wconf 90' lang='lat' dir='ltr'>de</span> <span class='ocrx_word' id='word_1_337' title='bbox 764 4406 925 4464; x_wconf 86' lang='lat' dir='ltr'>vocatione</span> <span class='ocrx_word' id='word_1_338' title='bbox 942 4416 1071 4464; x_wconf 88' lang='lat' dir='ltr'>externa</span> <span class='ocrx_word' id='word_1_339' title='bbox 1089 4407 1125 4464; x_wconf 86' lang='lat' dir='ltr'>ad</span> <span class='ocrx_word' id='word_1_340' title='bbox 1142 4407 1316 4466; x_wconf 78' lang='lat' dir='ltr'>Ecclesiam</span> <span class='ocrx_word' id='word_1_341' title='bbox 1343 4417 1375 4466; x_wconf 90' lang='lat' dir='ltr'>et</span> <span class='ocrx_word' id='word_1_342' title='bbox 1391 4407 1539 4486; x_wconf 86' lang='lat' dir='ltr'>gratiam,</span> <span class='ocrx_word' id='word_1_343' title='bbox 1565 4423 1607 4464; x_wconf 87' lang='lat' dir='ltr'>ea·</span> 
     </span>
     <span class='ocr_line' id='line_1_38' title="bbox 424 4510 1608 4597; baseline 0 -24"><span class='ocrx_word' id='word_1_344' title='bbox 424 4534 481 4591; x_wconf 91' lang='lat' dir='ltr'>que</span> <span class='ocrx_word' id='word_1_345' title='bbox 498 4534 557 4572; x_wconf 92' lang='lat' dir='ltr'>nou</span> <span class='ocrx_word' id='word_1_346' title='bbox 575 4516 770 4595; x_wconf 86' lang='lat' dir='ltr'>singulorum</span> <span class='ocrx_word' id='word_1_347' title='bbox 786 4514 951 4584; x_wconf 90' lang='lat' dir='ltr'>hominum,</span> <span class='ocrx_word' id='word_1_348' title='bbox 969 4510 1248 4597; x_wconf 54' lang='lat' dir='ltr'>sedjuniversarum</span> <span class='ocrx_word' id='word_1_349' title='bbox 1260 4516 1409 4596; x_wconf 89' lang='lat' dir='ltr'>gentium,</span> <span class='ocrx_word' id='word_1_350' title='bbox 1426 4527 1517 4594; x_wconf 90' lang='lat' dir='ltr'>atque</span> <span class='ocrx_word' id='word_1_351' title='bbox 1528 4516 1608 4581; x_wconf 83' lang='lat' dir='ltr'>hanc,</span> 
     </span>
    </p>
   </div>
   <div class='ocr_carea' id='block_1_5' title="bbox 427 4748 1604 4921">
    <p class='ocr_par' dir='ltr' id='par_1_5' title="bbox 427 4748 1604 4921">
     <span class='ocr_line' id='line_1_39' title="bbox 536 4748 1604 4834; baseline 0.006 -24"><span class='ocrx_word' id='word_1_352' title='bbox 536 4750 559 4831; x_wconf 82' lang='grc'>1)</span> <span class='ocrx_word' id='word_1_353' title='bbox 584 4752 670 4811; x_wconf 71' lang='lat' dir='ltr'>nom.</span> <span class='ocrx_word' id='word_1_354' title='bbox 693 4749 745 4832; x_wconf 90' lang='lat'>11,</span> <span class='ocrx_word' id='word_1_355' title='bbox 770 4748 825 4815; x_wconf 73' lang='lat' dir='ltr'>uu.</span> <span class='ocrx_word' id='word_1_356' title='bbox 856 4748 885 4825; x_wconf 85' lang='lat'>9,</span> <span class='ocrx_word' id='word_1_357' title='bbox 910 4748 962 4813; x_wconf 79' lang='lat'>32.</span> <span class='ocrx_word' id='word_1_358' title='bbox 990 4749 1046 4834; x_wconf 81' lang='lat'>10,</span> <span class='ocrx_word' id='word_1_359' title='bbox 1067 4748 1121 4816; x_wconf 82' lang='lat'>21.</span> <span class='ocrx_word' id='word_1_360' title='bbox 1152 4787 1196 4800; x_wconf 89' lang='grc'><strong>-</strong></span> <span class='ocrx_word' id='word_1_361' title='bbox 1230 4752 1256 4832; x_wconf 77' lang='lat'>²)</span> <span class='ocrx_word' id='word_1_362' title='bbox 1273 4751 1361 4814; x_wconf 77' lang='lat' dir='ltr'>mm.</span> <span class='ocrx_word' id='word_1_363' title='bbox 1381 4749 1440 4824; x_wconf 87' lang='lat'>10,</span> <span class='ocrx_word' id='word_1_364' title='bbox 1456 4750 1487 4817; x_wconf 87' lang='lat'>4.</span> <span class='ocrx_word' id='word_1_365' title='bbox 1506 4750 1604 4816; x_wconf 47' lang='lat'>132</span> 
     </span>
     <span class='ocr_line' id='line_1_40' title="bbox 427 4838 933 4921; baseline 0.002 -19"><span class='ocrx_word' id='word_1_366' title='bbox 427 4845 453 4921; x_wconf 74' lang='lat'>⁸&gt;</span> <span class='ocrx_word' id='word_1_367' title='bbox 470 4842 556 4903; x_wconf 71' lang='lat' dir='ltr'>som.</span> <span class='ocrx_word' id='word_1_368' title='bbox 577 4840 629 4914; x_wconf 89' lang='lat'>11,</span> <span class='ocrx_word' id='word_1_369' title='bbox 650 4840 700 4904; x_wconf 92' lang='lat'>11.</span> <span class='ocrx_word' id='word_1_370' title='bbox 721 4838 772 4914; x_wconf 88' lang='lat'>14,</span> <span class='ocrx_word' id='word_1_371' title='bbox 790 4839 933 4905; x_wconf 79' lang='lat'><strong>32-33.</strong></span> 
     </span>
    </p>
   </div>
   <div class='ocr_carea' id='block_1_6' title="bbox 0 0 1899 5625">
    <p class='ocr_par' dir='ltr' id='par_1_6' title="bbox 0 0 1899 5625">
     <span class='ocr_line' id='line_1_41' title="bbox 0 0 1899 5625; baseline 0 0"><span class='ocrx_word' id='word_1_372' title='bbox 0 0 1899 5625; x_wconf 95' lang='lat' dir='ltr'> </span> 
     </span>
    </p>
   </div>
  </div>
 </body>
</html>
