3775 5625
1494 415 1543 483 ’23

344 581 387 646 ab
402 576 553 645 Ecclesii
566 592 700 665 recepto
715 578 905 667 intelligitur
920 577 963 653 id,
973 600 1036 665 quo
1047 578 1173 665 aliquid,
1180 591 1216 644 ut
1233 578 1373 666 loquitur
1391 583 1425 645 S.
1442 581 1541 647 Tbe-

345 688 517 769 mas¹),tit
533 689 572 754 de
588 688 731 775 potentia
746 700 819 752 ente
836 709 895 753 ens
912 699 1115 762 aetu‚seu‚ut
1131 686 1326 763 aliibabent,
1342 690 1427 775 quod
1443 702 1542 756 mate·

344 798 414 863 riae
432 799 486 862 dat
502 818 576 862 esse
593 795 781 882 specificum
802 807 835 860 et
854 816 923 859 rem
940 794 1107 860 constituit
1121 794 1154 859 iu
1177 816 1236 860 sua
1252 796 1372 882 specie,
1392 797 1412 863 i.
1429 819 1457 864 e.
1475 798 1542 863 elli·

346 907 408 981 cit,
428 918 464 970 ut
484 927 540 971 res
561 904 613 980 sit,
634 924 715 991 quae
730 924 845 969 revera
861 916 920 969 est.
944 908 1050 991 Aqua
1066 906 1170 970 forma
1185 926 1284 981 sensu
1300 905 1433 991 proprio
1450 927 1542 973 acce·

344 1029 416 1102 pta,
443 1035 523 1101 quae
545 1013 641 1079 etiam
666 1013 881 1079 informans
904 1013 1034 1089 dicitur,
1061 1012 1168 1079 differt
1194 1016 1298 1079 lorma
1318 1035 1417 1091 sensu
1438 1014 1545 1080 latiori

345 1135 464 1199 sumta,
487 1144 547 1188 seu
562 1123 667 1187 forma
691 1121 888 1209 assistens
905 1123 1006 1199 dieta,
1032 1143 1112 1209 quae
1135 1123 1184 1188 rei
1202 1110 1281 1207 jam
1295 1111 1489 1189 constitutae
1513 1136 1546 1189 et
1603 1162 1607 1167 -

344 1232 476 1298 babenti
497 1252 572 1297 esse
589 1229 776 1317 speeifieum
797 1232 852 1295 dat
868 1232 1027 1317 quoddam
1043 1253 1118 1297 esse
1134 1230 1272 1296 nobilius
1294 1244 1327 1296 et
1342 1231 1544 1308 eminentius,

344 1356 382 1408 ut
402 1363 430 1408 e.
447 1363 479 1429 g.
494 1353 590 1406 nauta
606 1340 689 1417 navi,
710 1340 763 1427 qui
784 1341 855 1424 ejus
872 1362 1003 1406 cursum
1019 1340 1130 1429 dirigit
1138 1342 1174 1420 ²).
1203 1340 1293 1405 Unde
1315 1341 1441 1427 quando
1459 1341 1542 1407 Con·

346 1451 456 1517 cilium
471 1450 654 1515 Viennense
676 1460 708 1513 et
728 1461 844 1534 postea
863 1449 1082 1514 Lateranense
1104 1448 1225 1524 definit,
1248 1448 1385 1515 animam
1405 1449 1543 1515 rationa-

345 1562 411 1626 lem
427 1581 487 1625 seu
502 1558 727 1624 intellectivam
744 1578 818 1622 esse
835 1557 972 1623 sormam
990 1558 1138 1643 corporis
1149 1558 1328 1634 humani,et
1344 1558 1470 1645 quidem
1486 1581 1544 1645 per

346 1691 384 1734 se
402 1682 435 1734 et
449 1666 679 1734 essentialiter:
697 1687 815 1732 sensus
831 1666 1025 1731 delinitionis
1043 1666 1124 1732 alius
1143 1688 1217 1733 esse
1234 1689 1299 1731 non
1315 1679 1433 1752 potest,
1441 1688 1544 1754 quam,

345 1777 485 1843 ammam
501 1777 689 1843 rationalem
706 1787 739 1839 et
753 1774 979 1841 intellectivam
996 1797 1071 1840 esse
1089 1796 1295 1861 causam,per
1312 1798 1405 1862 quam
1422 1797 1544 1863 corpus

346 1889 519 1953 humanum
536 1898 597 1961 est,
614 1886 699 1972 quod
715 1898 776 1961 est,
786 1886 931 1971 adeoque
948 1906 1012 1948 uon
1028 1896 1162 1960 tantum,
1169 1885 1433 1970 quemadmodum
1448 1878 1545 1949 habet

348 2000 382 2062 S.
400 1997 615 2075 Thomas⁸),
636 2008 672 2059 ut
687 1994 731 2060 sit
746 1994 862 2059 animal
877 1994 1045 2070 rationale,
1066 1996 1123 2059 sed
1140 1993 1236 2070 etiam
1251 2006 1287 2058 ut
1302 1994 1344 2059 sit
1360 2015 1492 2080 eorpus,
1508 2006 1545 2058 et

347 2099 1542 2191 quidemcorpusanimatum3idqueanimamrationalemessesuisubstan·

346 2210 403 2290 rit,
414 2209 477 2298 qui
486 2211 669 2277 immediate
682 2211 814 2296 corpori
825 2211 942 2287 unitur,
950 2233 1014 2275 non
1027 2211 1313 2277 intervenientibus
1325 2212 1542 2298 dispositioni·

347 2324 409 2387 bus
426 2320 614 2408 quibusdam
631 2319 879 2386 accidentalibus
897 2320 965 2386 sive
982 2320 1033 2385 sui
1049 2320 1118 2386 sive
1136 2320 1297 2407 corporis,
1312 2333 1406 2407 atque
1421 2343 1480 2407 per
1496 2343 1544 2395 se,

347 2452 414 2495 nou
429 2429 661 2495 interveniente
678 2450 714 2493 re
731 2429 835 2515 aliqua
850 2429 920 2504 aba,
942 2442 975 2494 et
994 2429 1069 2495 hinc
1089 2428 1184 2494 etiam
1205 2450 1270 2493 non
1290 2428 1405 2514 spiritu
1426 2450 1542 2514 corpo·

347 2560 407 2605 reo
415 2544 454 2619 ⁴).
480 2539 571 2618 Quod
588 2537 684 2602 etiam
700 2558 744 2602 ex
759 2559 873 2602 errore
890 2537 1040 2623 opposito
1058 2537 1245 2603 necessario
1264 2538 1434 2626 colligitur,
1451 2559 1545 2624 quem

349 2646 526 2714 Concilium
544 2647 676 2711 decreto
692 2646 745 2711 illo
763 2648 913 2712 damnare
928 2647 1038 2711 voluit.
1063 2645 1291 2731 lnterpositum
1313 2659 1365 2711 est
1384 2645 1469 2710 enim
1490 2647 1542 2711 de·

349 2766 475 2822 cretum
503 2753 667 2821 doetrinae
691 2755 955 2822 Averrhoisticae
981 2754 1086 2820 Petri
1107 2754 1276 2821 loannis
1299 2754 1400 2821 Olivi
1425 2776 1483 2821 seu
1504 2743 1544 2845 de

349 2864 468 2939 Oliva,
480 2862 533 2949 qui
549 2863 668 2928 camin
685 2863 816 2949 scriptis
827 2864 895 2929 suis
911 2877 1183 2952 propugnaverat.
1209 2865 1295 2944 Quae
1308 2864 1434 2950 quidem
1445 2885 1545 2951 opera

350 2972 486 3057 amplius
517 2993 581 3036 non
613 2985 801 3057 supersunt3
838 2984 978 3037 attamen
1010 2973 1201 3057 superstites
1233 2986 1308 3038 stunt.
1340 2973 1413 3039 libri
1442 2973 1544 3059 ipsius

349 3080 665 3161 llverrboisl),
687 3103 730 3146 ex
750 3081 864 3167 quibus
880 3081 1110 3147 Averrboistae
1128 3082 1306 3147 doctrinam
1323 3103 1415 3147 suam
1430 3083 1543 3148 hause-

348 3202 431 3264 rant,
451 3195 546 3275 atque
567 3190 652 3275 quod
671 3189 880 3275 praecipuum
900 3202 969 3266 est,
987 3203 1116 3255 constat
1131 3191 1236 3266 nobis,
1257 3191 1332 3278 quid
1347 3190 1380 3256 in
1396 3189 1545 3255 Ecclesia
1617 3179 1619 3182 ⁵

348 3300 434 3388 velut
464 3318 559 3362 error
588 3297 849 3365 Averrboisticus
881 3310 954 3363 ante
987 3311 1019 3362 et
1049 3311 1125 3383 post
1154 3285 1330 3364 Concilium
1361 3292 1544 3364 Viennense

348 3405 491 3473 babitum
513 3419 546 3471 ct
565 3407 785 3495 impugnatum
809 3407 861 3472 sit.
889 3408 1076 3472 Docuerant
1096 3420 1201 3472 autem
1217 3406 1458 3483 Averrhoistae,
1479 3405 1544 3471 for·

349 3538 433 3582 mam
450 3515 601 3601 eorporis
617 3537 692 3582 esse
708 3515 846 3581 animam
862 3515 1050 3581 sensitivam
1072 3537 1131 3581 seu
1147 3515 1366 3604 cogitativam,
1388 3537 1430 3581 ex
1444 3527 1543 3580 mate·

349 3625 396 3690 ria
411 3625 571 3698 eductam,
588 3645 667 3710 quae
683 3623 885 3702 informando
902 3624 1068 3690 materiam
1085 3646 1156 3690 eam
1172 3625 1205 3690 in
1221 3645 1295 3690 esse
1313 3623 1468 3710 specilico
1485 3623 1545 3688 sub

350 3731 605 3819 animaligenere
613 3732 788 3797 constituat
794 3756 803 3805 3
821 3731 958 3797 animam
965 3733 1153 3798 rationalem
1160 3746 1268 3799 autem
1280 3754 1354 3798 esse
1372 3753 1391 3797 a
1407 3752 1545 3817 corpore

339 3833 544 3928 separatam,
559 3830 581 3905 ἰ.
597 3862 625 3906 e.
641 3862 706 3905 non
724 3863 797 3906 eum
813 3862 853 3906 eo
870 3835 948 3899 κατὰ
962 3830 1051 3916 quiqu
1066 3863 1126 3907 seu
1147 3842 1180 3907 in
1196 3835 1292 3907 unam
1307 3853 1452 3926 naturam
1468 3860 1545 3905 con·

347 3951 500 4034 junctam,
517 3961 550 4013 et
565 3949 671 4035 ipstun
686 3962 810 4015 tantum
824 3971 954 4038 regere,
976 3972 1035 4016 seu
1055 3972 1130 4016 esse
1147 3951 1284 4017 sormam
1301 3936 1544 4035 corporis'non-

352 4059 412 4124 nisi
428 4057 637 4123 assistentem
645 4058 683 4138 ⁸).
709 4059 831 4138 Quodsi
845 4081 925 4124 vero
937 4059 1115 4125 Concilium
1132 4061 1263 4125 decreto
1279 4059 1332 4123 illo
1344 4057 1545 4132 senteutiam,
1629 4042 1634 4050 ’

459 4277 487 4358 ¹)
507 4278 593 4339 Oont.
618 4277 730 4338 Gentil.
748 4279 767 4338 l.
788 4283 817 4344 2.
842 4282 934 4344 cot.
958 4277 1039 4359 Opp.
1060 4280 1104 4340 th.
1122 4281 1160 4342 Τ.
1179 4277 1231 4344 18.
1247 4299 1278 4358 p.
1297 4273 1372 4340 146.
1390 4313 1435 4324 -
1456 4276 1482 4356 ²)
1499 4275 1545 4338 Ol.

356 4365 569 4449 boberella,
589 4370 637 4428 De
659 4371 718 4428 reb.
741 4377 843 4430 natur.
866 4370 1008 4432 Freneof.
1033 4367 1130 4435 1617.
1152 4372 1189 4430 L.
1211 4370 1451 4429 dementatum.
1469 4366 1499 4425 c.
1517 4369 1546 4431 1.

322 4526 325 4531 ,
356 4454 463 4520 c915
487 4479 528 4520 ss.
561 4457 606 4518 cf.
631 4457 819 4524 Gersom
847 4460 955 4526 Oeam.
977 4463 1013 4520 de
1035 4481 1117 4521 caus.
1134 4459 1192 4537 fin.
1216 4457 1296 4539 Opp.
1326 4453 1545 4520 Antvpltott.

357 4547 390 4611 Τ.
405 4546 437 4612 4.
454 4570 482 4612 ο.
500 4545 565 4611 808
582 4569 607 4608 s.
639 4585 680 4595 —
704 4551 734 4626 ⁸)
752 4548 875 4619 Quaest.
892 4552 945 4612 un.
967 4554 1003 4611 de
1024 4550 1137 4616 anima.
1160 4557 1219 4610 art.
1238 4552 1267 4610 9.
1289 4550 1328 4610 Τ.
1348 4543 1400 4610 15.
1417 4568 1446 4626 p.
1468 4542 1546 4608 392.

359 4636 428 4702 et.
452 4639 499 4717 Of.
521 4640 605 4701 snm.
629 4643 657 4700 1.
681 4659 710 4716 q.
730 4643 778 4702 76.
801 4649 859 4701 art.
882 4644 912 4703 4.
934 4645 977 4701 ad
996 4645 1025 4702 1.
1047 4643 1088 4706 Τ.
1108 4637 1163 4703 20.
1186 4662 1217 4720 p.
1238 4634 1316 4702 418.
1339 4673 1381 4684 -
1406 4635 1433 4715 ⁴)
1449 4635 1495 4697 cf.
1514 4635 1545 4698 S.

350 4729 549 4806 ''Pbom.1.q.
561 4733 710 4795 esame.
720 4728 837 4809 p.420.
851 4733 937 4794 Gont.
948 4732 1059 4793 Gentil.
1071 4735 1091 4792 l.
1109 4735 1137 4791 2.
1158 4752 1181 4791 e.
1190 4734 1239 4791 68.
1255 4730 1294 4789 Τ.
1307 4727 1358 4792 18.
1372 4727 1406 4807 p.
1418 4724 1492 4789 159.
1503 4761 1546 4772 -

362 4818 382 4898 ι)
397 4821 600 4880 Averrbois
622 4819 755 4881 Cordub.
781 4822 912 4898 Colliqat
935 4826 966 4883 ll.
990 4827 1018 4884 7.
1043 4823 1119 4886 Ven.
1143 4817 1242 4883 1553.
1260 4855 1302 4865 -—
1331 4818 1358 4896 ⁶)
1376 4817 1425 4877 Sic
1445 4817 1548 4877 scribit
