3775 5625
472 501 606 556 imao
618 496 682 572 jam
700 499 737 558 ab
760 498 827 575 ipsa
843 498 964 573 relicta,
981 518 1039 577 qna
1054 500 1259 572 statuebatur,
1276 500 1435 562 christan

465 611 612 666 morte
623 618 732 685 sponte
743 604 1435 695 suscepta(obedientiipassivi),quatc·

459 719 497 762 ὓ
532 727 651 777 nostra
667 717 834 787 satisfecit,
849 718 982 777 violatae
999 719 1063 798 legi
1078 721 1294 782 sanctissimae
1311 739 1367 778 sen
1384 727 1435 795 pb·

525 825 654 885 divinae
672 846 727 885 nos
744 827 935 897 redemisse,
959 829 1014 887 aed
1035 829 1137 904 potins
1153 831 1341 888 voluntatem
1361 829 1435 888 divi·

569 935 778 994 metientia
795 935 948 1015 activi),
979 947 1134 1013 quatenus
1161 937 1317 999 satisfecit
1331 948 1436 1015 postu·

638 1149 812 1233 prorsus,
836 1150 998 1215 Christum
1022 1174 1082 1236 pro
1105 1152 1198 1217 nobis
1214 1165 1391 1227 mortuum,
1407 1165 1439 1216 et

685 1283 700 1321 't
717 1258 886 1334 exsistere,
904 1274 1032 1348 negent,
1049 1261 1100 1325 alii
1116 1283 1194 1327 vcro
1215 1284 1288 1326 eum
1305 1284 1364 1347 pro
1382 1284 1437 1327 no·

721 1381 879 1431 nortuum
895 1391 985 1443 esse,
1009 1369 1135 1454 quidem
1152 1373 1341 1446 concedant,
1358 1384 1436 1436 atta·

766 1477 859 1542 ritum
878 1500 916 1543 ac
931 1478 995 1542 vim
1012 1476 1156 1557 σωτήριον
1171 1480 1365 1564 abjudicent,
1387 1479 1438 1545 alii

674 1583 689 1630 '⁶
799 1609 828 1650 rc
845 1585 907 1650 vim
924 1609 985 1651 nos
1000 1588 1144 1652 salvandi
1161 1609 1224 1651 non
1241 1590 1440 1654 obedientiae

840 1694 860 1757 *i
872 1696 1061 1781 generatim,
1072 1709 1105 1760 et
1117 1696 1149 1760 in
1160 1710 1263 1761 morte
1275 1698 1440 1783 speciatim

889 1806 1106 1880 ostendemus,
1118 1806 1280 1871 Christum
1292 1820 1440 1872 nostrum

829 1937 861 1976 m
886 1936 984 1978 cruce
1009 1936 1045 1979 se
1070 1914 1229 1980 victimam
1249 1916 1441 2000 piacularem

673 2070 680 2092 ‚
713 2022 825 2087 deindo
848 2024 1110 2098 monstrabimus,
1127 2025 1334 2101 sacrificinm,
1355 2027 1441 2112 quod

521 2154 639 2196 ¹ssione
656 2154 693 2196 ac
710 2146 812 2196 rnorte
831 2133 960 2207 obtulit,
993 2134 1250 2219 propitiatorium
1267 2156 1357 2210 esso,
1378 2136 1397 2200 i.
1415 2157 1443 2199 e.

395 2243 487 2308 ..obis
519 2241 745 2306 remissionem
770 2255 976 2327 peecatorum
998 2265 1037 2308 ac
1060 2244 1354 2309 reconciliationem
1372 2267 1443 2309 enm

346 2352 468 2427 dereri3
486 2365 579 2438 atque
598 2364 779 2436 eapropter,
797 2352 960 2416 Christum
976 2352 1147 2416 llominnm
1163 2375 1222 2418 sna
1237 2353 1390 2438 passione
1406 2374 1445 2417 ac

338 2463 436 2526 ³non
452 2461 610 2526 meruisse
629 2473 759 2535 tantum,
791 2463 848 2525 sed
873 2474 904 2524 et
928 2463 1000 2525 loco
1027 2475 1139 2525 nostro
1165 2462 1288 2526 divinae
1300 2462 1443 2547 justitiae

331 2575 349 2626 Ι
366 2592 443 2636 vero
460 2593 499 2636 ac
514 2570 647 2655 proprio
669 2570 878 2635 satisfecisse.

361 2679 522 2747 Christum
538 2701 653 2745 revera
670 2680 878 2744 Sacerdotem
895 2692 1043 2744 nostrum
1060 2701 1148 2754 esse,
1170 2693 1326 2765 quatenns
1348 2679 1443 2745 vitam

318 2797 344 2851 tl
358 2790 391 2857 in
408 2812 504 2856 cruce
521 2814 581 2878 pro
598 2790 691 2855 nobis
709 2803 866 2876 tamquam
882 2790 1076 2855 sacrificinm
1094 2790 1179 2855 Patri
1201 2789 1335 2855 coelesti
1352 2789 1442 2854 obtu-

318 2896 491 2969 tla'rissima
506 2913 557 2965 est
573 2900 719 2965 doctrina
735 2903 794 2965 SS.
812 2900 1016 2974 Litterarum,
1032 2913 1125 2987 atque
1144 2900 1300 2965 unanimis
1317 2911 1350 2965 et
1367 2921 1442 2964 con·

318 3025 343 3077 ts
357 3011 524 3077 Ecclesiae
541 3010 678 3076 traditio.
704 3011 794 3088 Quod

318 3158 319 3182 r
357 3122 531 3187 madss.
563 3120 736 3185 Litteras
768 3119 894 3184 attinet:
919 3121 1061 3185 Paulus
1085 3119 1204 3185 diserte
1227 3121 1333 3194 docet,
1351 3119 1441 3184 Chri·

318 3254 339 3299 a
353 3244 500 3297 nostrum
515 3229 705 3296 Pontificem
721 3250 806 3303 esse,
823 3242 916 3313 atquc
933 3229 1099 3294 moriendo
1119 3249 1232 3292 verum
1249 3228 1443 3294 sacrificinm

318 3343 419 3418 ulisse,
440 3341 604 3407 scribens:
631 3340 787 3403 curator
818 3346 981 3403 sanatoris
1002 3333 1266 3416 (uocauerimus,
1287 3339 1307 3403 i.
1324 3360 1352 3403 e.
1370 3361 1442 3403 curn

318 3450 442 3542 diisset)
468 3455 660 3535 pontifex
688 3456 884 3532 futurorum
900 3449 1118 3533 (coelestium)
1135 3454 1295 3514 bonorum
1311 3451 1372 3532 (se.
1389 3469 1442 3513 aar·

318 3562 350 3653 r),
362 3585 424 3646 per
440 3563 583 3643 amplius
600 3561 743 3645 (majus),
767 3569 800 3623 et
817 3564 1003 3642 perfectius
1023 3563 1274 3624 tabernaculum
1288 3583 1356 3623 oon
1370 3582 1444 3622 me-

318 3679 427 3737 'ootum
442 3669 577 3759 (corpus
593 3668 717 3734 scilicet
733 3668 805 3744 sibi,
822 3671 930 3733 Verbo
948 3669 1070 3745 divino,
1093 3669 1293 3754 hypostatice
1310 3670 1442 3753 conjun-

318 3786 370 3865 ιι),
399 3783 438 3843 ld
457 3788 511 3842 eet
529 3800 597 3842 ooo
612 3785 713 3857 tepus
730 3787 909 3842 creationis
926 3777 1070 3860 (humani
1087 3778 1245 3860 artificii),
1265 3800 1371 3867 respue
1383 3800 1445 3860 per

318 3897 446 3971 puiuem
477 3894 567 3969 (curn
591 3887 764 3975 sanguine)
796 3894 965 3951 hircorum
987 3897 1047 3951 aut
1074 3891 1270 3961 vitulorum
1300 3891 1363 3949 sed
1384 3910 1446 3968 per

318 4006 464 4082 »prium
494 4004 732 4076 sanquinem
764 4002 873 4077 (snum
889 3996 1080 4083 serrguinem
1096 3995 1276 4080 offerendo)
1299 4004 1448 4060 introivit

318 4117 426 4175 roraotu
449 4107 595 4189 (coelum
619 4116 801 4182 summurn),
834 4117 999 4171 aeterno
1023 4110 1263 4168 redemtione
1285 4113 1446 4169 invento

318 4241 334 4285 t.
352 4228 539 4301 comparata
562 4216 655 4281 nobis
678 4215 771 4281 venia
792 4229 999 4300 peccatorum
1024 4227 1188 4280 aeternum
1212 4214 1371 4285 valitura).
1405 4214 1446 4277 Si

318 4350 339 4392 ra
352 4332 491 4404 eauput'e
505 4332 686 4405 hircorum,
719 4335 752 4389 et
771 4335 962 4404 taurorum,
996 4332 1028 4387 ct
1047 4331 1130 4387 cinis
1144 4314 1447 4405 vitulaeaspersus

318 4442 445 4503 uinctos
466 4439 652 4515 sanctificat
674 4438 721 4498 od
741 4438 1002 4498 emundationem
1025 4440 1138 4496 earnis
1162 4432 1198 4512 (i.
1222 4454 1250 4497 e.
1268 4432 1296 4496 si
1313 4431 1446 4520 sanguis

318 4553 473 4570 ρ

318 4579 319 4614 ¹
365 4602 394 4679 ι)
412 4598 448 4663 ο.
466 4598 645 4681 stateo,
662 4600 827 4681 serrone.
845 4597 875 4663 2.
892 4600 973 4678 aar.
989 4596 1041 4663 n.
1060 4595 1156 4661 1846.
1174 4598 1205 4662 2.
1223 4598 1264 4663 s.
1282 4622 1310 4681 p.
1328 4594 1445 4661 esen.

318 4693 343 4757 is
360 4690 622 4771 uobffletblirtpter.
640 4689 691 4755 m.
711 4689 807 4754 1832.
825 4714 854 4771 p.
873 4687 1061 4754 aee-233.
1078 4690 1182 4769 neit,
1199 4690 1379 4773 &haitana
1396 4692 1446 4765 bei

318 4781 417 4867 abaci.
433 4802 465 4865 p.
484 4779 671 4847 189-194,
687 4780 741 4850 Q.
761 4780 857 4851 1846.
