3775 5625
346 423 413 493 398

343 605 459 657 testate
476 591 642 668 novimus,
662 591 707 657 ita
721 604 756 657 ut
772 613 873 681 ergo,
906 605 940 657 ut
956 589 1028 657 alibi
1044 591 1128 658 idem
1144 590 1203 669 ait,
1219 601 1330 659 orello
1348 595 1516 660 clericatur

343 711 390 766 att
400 712 529 782 predae
545 708 728 785 testificatio
741 705 778 780 ¹).

452 816 493 875 Ι).
519 813 667 876 Necnon
685 812 810 876 tandem
828 832 869 876 ex
885 811 955 896 ipsa
974 811 1023 875 rei
1044 825 1157 877 natura
1178 812 1378 900 intelligitur.
1402 813 1478 877 Nem
1493 827 1518 878 ut

344 943 404 986 nos
420 920 501 985 fides
518 922 558 984 ad
573 923 849 1005 supernaturalem
866 933 983 985 statum
988 921 1132 1006 justitiae
1144 922 1293 1006 disponat
1308 935 1342 986 et
1356 936 1519 1007 praeparet,

343 1030 457 1094 huicce
471 1030 724 1115 proportionata,
741 1032 884 1115 adeoque
898 1030 968 1115 pari
984 1032 1080 1095 modo
1097 1031 1349 1116 supernaturalis
1365 1031 1410 1095 sit
1425 1052 1519 1098 ueces-

344 1160 380 1203 se
397 1151 455 1203 est.
488 1140 536 1203 Ad
559 1151 665 1203 aetum
686 1151 792 1203 autem
817 1141 1091 1223 supernaturalem
1106 1139 1296 1204 eliciendum
1304 1142 1412 1204 -lromo
1427 1162 1480 1225 per
1493 1161 1520 1205 se

342 1248 463 1332 ipsum,
479 1248 553 1333 quin
569 1248 717 1313 interiori
737 1248 842 1337 gratia
859 1248 964 1314 divina
980 1248 1137 1314 excitetur
1154 1262 1187 1314 et
1202 1251 1385 1334 adjuvetur,
1401 1271 1522 1336 prorsus

344 1379 408 1421 nou
425 1370 476 1422 est
491 1370 595 1443 aptus.

698 1616 734 1707 ξ.
758 1614 827 1687 86.
853 1615 1165 1689 continuatio.

448 1822 676 1887 Verumtamen
707 1844 770 1886 uon
805 1835 924 1887 tantum
950 1825 989 1888 ad
1013 1823 1125 1897 lidem,
1157 1823 1215 1886 sed
1232 1821 1328 1886 etiam
1345 1824 1385 1887 ad
1402 1821 1522 1908 quodvis

344 1931 428 1995 aliud
444 1952 526 2015 opus
542 1932 698 2005 salutare,
722 1930 895 2015 etquidem
912 1931 1033 2016 pariter
1050 1945 1115 1995 tum
1131 1930 1346 2015 incipiendum
1369 1944 1435 1996 tum
1464 1952 1522 2016 per-

343 2039 512 2104 ficiendum
543 2042 639 2104 homo
655 2040 687 2104 in
704 2040 867 2123 praesenti
883 2053 969 2105 statu
991 2040 1154 2105 interioris
1171 2039 1295 2127 gratiae
1313 2052 1522 2127 supernatura·

343 2150 383 2213 lis
399 2149 516 2214 auxilio
537 2148 669 2236 indiget.
697 2150 782 2227 Quae
800 2160 851 2212 est
867 2150 968 2214 altera
983 2170 1060 2235 pars
1077 2148 1238 2237 dogmatis
1255 2149 1430 2225 Catholici,
1446 2161 1522 2235 atque

345 2271 458 2322 eontra
473 2258 678 2345 Pelagianos,
702 2257 754 2342 qui
772 2256 877 2321 omnia
892 2258 994 2322 libero
1011 2257 1150 2323 hominis
1183 2257 1316 2323 arbitrio
1347 2258 1523 2333 tribuebant,

345 2379 376 2431 et
392 2366 684 2453 semipelagianos
705 2365 758 2451 qui
773 2367 858 2430 hona
885 2368 988 2452 aliqua
1005 2366 1179 2442 desideria,
1202 2367 1326 2431 initium
1360 2365 1523 2433 dilectionis

344 2489 376 2540 et
391 2476 452 2540 alia
466 2476 499 2539 id
514 2497 618 2562 genus
640 2475 709 2540 siue
741 2475 873 2560 speciali
904 2476 1131 2561 praeveniente
1161 2475 1267 2565 gratia
1296 2477 1410 2541 lraberi
1440 2495 1523 2563 posse

287 2568 291 2580 ’
345 2586 594 2660 contendebant,
610 2588 765 2671 probatur

448 2698 487 2759 A.
519 2716 560 2759 ex
592 2699 651 2761 SS.
667 2695 847 2761 Litteris.
873 2695 1000 2760 Etenim
1018 2697 1113 2760 docet
1128 2696 1160 2759 id
1177 2695 1366 2761 Christus
1382 2695 1523 2761 Dominus

344 2803 451 2870 verbis
483 2803 561 2881 illis,
593 2805 707 2891 quibus
739 2818 920 2882 asseverat,
953 2826 1014 2870 uos
1031 2804 1100 2870 siue
1123 2804 1195 2891 ipso
1212 2804 1288 2869 nihil
1304 2828 1406 2891 posse
1421 2806 1522 2871 faeere.

347 2918 412 2992 Qut
426 2928 534 2979 manat
548 2922 583 2979 in
597 2938 661 2991 me,
682 2914 796 3001 iuquit,
818 2929 851 2980 et
864 2937 923 2995 epo
940 2922 977 2979 ira
993 2937 1046 2989 eo,
1072 2919 1125 2978 ltie
1139 2920 1211 2991 fert
1222 2919 1374 2991 fructum
1389 2924 1521 2996 multant,
1565 2992 1567 3009 Ι

344 3031 422 3106 pulo
445 3032 531 3088 aine
552 3047 608 3089 me
630 3029 741 3089 nihil
767 3031 943 3104 potestis
971 3026 1161 3104 farere²).
1193 3024 1275 3088 Nam
1292 3024 1432 3090 sinemo
1450 3024 1521 3112 quid·

344 3153 436 3220 quam
453 3136 492 3198 ad
508 3136 643 3199 salutem
659 3133 823 3224 pertinens
840 3133 971 3199 efficere
986 3146 1110 3219 potest,
1134 3133 1196 3198 nisi
1213 3133 1343 3199 Christo
1361 3156 1421 3221 per
1437 3132 1522 3199 chui-

344 3256 440 3308 tatem
457 3246 666 3329 conjunctus,
688 3256 721 3308 et
745 3264 803 3327 per
824 3243 929 3328 ipsum
945 3242 978 3306 in
995 3245 1159 3327 operando
1177 3244 1319 3328 adjutus:
1346 3257 1463 3330 quanto
1478 3241 1521 3307 mi·

344 3371 404 3418 nus
420 3353 495 3417 boui
513 3354 627 3439 aliquid
659 3353 780 3417 ordinis
813 3352 1065 3438 supernaturalis
1088 3352 1217 3417 efficere
1234 3353 1369 3438 poterit,
1393 3362 1521 3440 quinon·

345 3466 418 3527 dum
449 3464 586 3550 gratiam
618 3475 829 3536 consecutus,
854 3482 890 3526 se
914 3463 954 3526 ad
974 3463 1057 3526 hanc
1088 3476 1259 3548 praeparat
1275 3477 1307 3527 et
1323 3462 1471 3549 disponit.
1497 3462 1522 3525 ld

344 3573 449 3658 ipsum
460 3571 556 3636 tradit
567 3573 783 3655 Apostolus
800 3571 832 3634 iu
849 3593 942 3656 quam
956 3571 1100 3656 plurimis
1112 3571 1202 3637 locis.
1220 3574 1364 3651 Quorum
1380 3571 1522 3661 princips-

345 3684 444 3745 liores
466 3692 555 3744 sunt:
579 3684 688 3743 Deus
703 3694 762 3744 est
776 3688 893 3764 enim,
911 3688 978 3760 qui
1000 3694 1189 3761 operatur
1205 3689 1244 3744 in
1259 3689 1390 3758 uobis,
1407 3688 1523 3747 etrel·

347 3800 401 3873 le,
428 3803 468 3854 et
488 3795 692 3870 perficere
719 3812 781 3871 pru
815 3797 899 3854 dono
920 3798 1100 3872 voluntate,
1132 3785 1205 3868 ὑπὲρ
1224 3795 1276 3869 τῆς
1295 3786 1448 3867 εὐδοκίας,
1476 3810 1523 3875 pro

346 3918 405 3962 suo
422 3899 635 3985 heneplacito,
653 3922 711 3964 sua
726 3898 923 3987 benignitate
937 3904 976 3980 ⁸).
1008 3900 1077 3964 Deo
1102 3899 1208 3986 itaque
1242 3901 1393 3977 debetur,
1423 3914 1486 3965 turn
1500 3910 1524 3962 ut

347 4009 464 4072 bonum
495 4009 628 4075 velimus
645 4032 704 4075 seu
719 4008 923 4093 incipiamus,
944 4022 1012 4073 tum
1028 4021 1062 4072 ut
1077 4008 1154 4073 illud
1168 4008 1386 4096 perficiamus.
1404 4050 1445 4059 —
1459 4011 1523 4075 Ne·

346 4140 401 4181 mo
415 4133 543 4199 puteat
558 4127 709 4202 dicere,
728 4122 922 4183 Dominus
937 4123 1057 4183 Jesus
1072 4125 1153 4182 nisi
1169 4127 1209 4182 in
1225 4119 1392 4199 Spiritu
1407 4123 1458 4204 S„
1473 4120 1523 4187 ie

346 4250 440 4293 uemo
457 4242 565 4314 potest
579 4229 737 4314 profiteri,
754 4231 865 4292 lesum
882 4250 956 4294 esse
972 4228 1125 4293 Messium
1141 4249 1180 4292 ac
1195 4227 1255 4291 Dei
1270 4228 1403 4305 Filium,
1433 4231 1523 4294 Dum

346 4361 420 4402 uum
446 4350 609 4414 nostrum,
631 4339 692 4403 nisi
715 4337 819 4426 gratia
837 4337 975 4423 Spiritus
993 4341 1026 4404 S.
1044 4340 1170 4424 adjutus
1183 4343 1221 4420 ⁴).
1238 4376 1283 4387 —
1300 4340 1462 4405 Similiter
1474 4360 1523 4402 arr·

347 4462 408 4512 tem
423 4461 456 4512 et
470 4450 656 4528 Spiritm
672 4454 837 4530 adjuvat
850 4454 1130 4525 infirmitatem
1144 4462 1341 4514 nostrum.-
1359 4473 1435 4515 nant
1449 4452 1524 4530 quit

347 4579 518 4640 oremus,
551 4566 637 4623 siout
666 4571 804 4642 oportet,
823 4558 842 4624 i.
860 4579 887 4622 e.
906 4559 979 4645 quid
1011 4561 1133 4624 orando
1150 4572 1315 4644 petamus,
1333 4574 1367 4627 et
1382 4557 1521 4648 quomodo

456 4778 482 4856 1)
497 4776 599 4852 Epist.
617 4783 686 4841 177.
706 4801 737 4840 a.
754 4783 783 4840 4.
802 4779 841 4843 Τ.
858 4777 889 4847 2.
906 4802 930 4846 c.
949 4778 1112 4864 623.-·”)
1129 4780 1223 4848 Joan.
1243 4776 1295 4863 15,
1308 4779 1342 4848 5.
1361 4819 1402 4832 -
1421 4779 1444 4873 ⁸)
1458 4772 1517 4840 Ptit

350 4864 380 4943 2,
399 4865 451 4939 13,
467 4903 510 4915 -
528 4866 554 4952 ⁴)
574 4865 604 4938 1.
622 4869 691 4933 Cor.
711 4867 761 4949 12,
778 4868 809 4933 3.
