3775 5625
1414 423 1480 491 303

326 593 428 650 onia
439 589 778 670 stuntutriusqus
794 596 983 670 utraque,
1001 589 1166 651 Domino
1183 588 1356 651 serviles
1380 593 1480 652 cili·

326 716 347 757 e
384 705 625 771 assumente,
664 704 699 760 et
731 718 846 760 seruo
882 700 1089 760 Domintco
1129 703 1278 760 honore
1314 700 1480 779 alorifi·

328 808 426 887 w).
446 808 550 871 Porro
562 805 734 891 Cyrillus
749 808 884 887 Aion)
902 819 934 872 et
947 809 1120 872 loannes
1133 807 1413 882 Damascum,
1429 808 1482 893 qui

326 927 400 980 iet:
433 918 586 997 Verium,
605 922 682 1001 quia
697 923 803 999 ipsiu
818 927 908 998 sunt,
927 940 1012 1001 quae
1026 926 1163 981 sanctae
1178 922 1252 996 uus
1267 925 1380 982 carnis
1395 926 1482 991 sunt,

326 1068 332 1092 .
356 1047 463 1109 qnae
478 1033 721 1090 humanitati
738 1034 996 1103 conueniunt,
1019 1031 1097 1090 sili
1118 1029 1312 1102 uindicat,
1334 1034 1480 1090 etnicis·

326 1153 346 1196 ι
367 1143 503 1216 carni,
531 1158 632 1219 quae
653 1159 728 1200 sua
743 1146 853 1212 sunt,
874 1144 1072 1219 impertit;
1087 1138 1146 1199 illo
1163 1143 1317 1200 nimirum
1333 1138 1483 1201 alternae

326 1252 598 1309 mmmcadonic
613 1250 720 1327 modo,
739 1250 779 1309 ol
796 1255 943 1311 stowam
958 1254 1044 1310 inter
1059 1267 1096 1308 se
1107 1253 1255 1328 partium
1270 1255 1481 1311 commeatio·

326 1372 373 1430 ιι,
389 1362 596 1420 ‘untonemce
610 1363 851 1439 hypostaticam
861 1360 899 1436 ι).
939 1356 1089 1421 Necnon
1105 1353 1382 1435 Ambrosius⁴),
1413 1358 1480 1419 Au·

326 1462 529 1545 ticinum,
561 1467 638 1531 Leo
670 1465 745 1549 M.⁸)
777 1477 810 1530 et
824 1464 1001 1553 Vigilius
1020 1464 1263 1549 'tapsensiQ
1286 1464 1339 1551 qui
1355 1464 1481 1531 scribit:

326 1578 381 1637 nia
396 1582 481 1637 enim
501 1578 644 1640 Verium
660 1598 733 1639 cum
749 1598 849 1639 carne
864 1582 912 1639 ita
928 1585 980 1639 est
993 1577 1217 1656 inexplicabili
1232 1579 1327 1637 modo
1345 1580 1481 1647 unitum,

326 1686 448 1763 '‘ipsum
470 1687 611 1749 Verbum
629 1708 708 1749 caro
727 1688 875 1766 dicatur,
905 1688 983 1748 licet
995 1707 1061 1749 non
1076 1691 1123 1748 sit
1136 1705 1234 1765 cero,
1257 1690 1335 1767 qula
1350 1690 1485 1750 nonest

343 1813 474 1857 carnem
490 1804 666 1873 mutatum·
683 1805 716 1860 et
730 1818 823 1859 caro
841 1798 972 1858 dicotur
988 1797 1097 1876 Beue,
1126 1796 1203 1858 licet
1215 1816 1282 1860 non
1297 1801 1392 1859 sitin
1408 1796 1481 1857 dei-

401 2033 428 2104 ¹i
446 2034 532 2097 Oont.
548 2037 678 2096 Eunom.
699 2036 752 2097 Or.
769 2039 799 2099 4.
817 2032 897 2117 Opp.
914 2034 953 2097 T.
970 2033 1001 2097 2.
1018 2054 1049 2114 p.
1066 2030 1132 2096 589
1150 2056 1174 2097 s.
1199 2032 1244 2095 cf.
1264 2034 1348 2095 Oont.
1365 2032 1481 2110 Apolli-

327 2137 357 2183 τ.
372 2124 475 2199 Epist.
487 2128 529 2185 ad
543 2126 696 2203 tlieoploil.
714 2127 753 2189 T.
766 2124 799 2190 2.
816 2148 846 2208 p.
857 2121 923 2188 265
944 2146 969 2186 s.
987 2161 1029 2170 —
1049 2124 1075 2203 ¹)
1089 2128 1140 2185 De
1159 2132 1242 2189 recta
1258 2124 1293 2184 in
1306 2126 1412 2185 Jemm
1422 2124 1481 2201 fid.

326 2217 440 2279 nodos.
458 2219 537 2293 Imp.
549 2237 638 2293 porr.
656 2238 681 2278 c.
698 2220 749 2278 37.
774 2216 909 2291 Monoi,
928 2216 1005 2277 Coll.
1024 2215 1114 2276 Oono.
1133 2218 1170 2280 T.
1188 2215 1219 2280 4.
1237 2236 1262 2277 c.
1280 2212 1355 2280 672.
1376 2215 1484 2277 Videre

327 2306 393 2366 iem
425 2313 477 2381 est,
508 2308 561 2367 nti
596 2310 724 2371 Verbum
754 2307 912 2368 divinae
934 2305 1100 2366 actionis
1119 2307 1282 2385 oloriam
1298 2306 1483 2382 propriae

330 2396 404 2455 rm·
425 2398 639 2475 larqiotur:
672 2404 778 2459 contra
802 2418 926 2459 rursum
945 2396 999 2457 ubi
1014 2416 1105 2473 quoe
1121 2396 1252 2459 cornis
1268 2403 1366 2469 sunt,
1387 2397 1427 2456 in
1447 2416 1483 2455 se

326 2488 521 2565 znsferut,
555 2510 590 2549 ac
620 2496 745 2570 propter
768 2487 1007 2565 dispensationis
1022 2486 1163 2550 unionem
1174 2488 1323 2566 propriae
1339 2490 1482 2563 quodom-

328 2576 720 2642 donaturaetribuat.
753 2615 795 2626 -
829 2583 857 2659 ³)
873 2583 922 2641 De
929 2578 989 2655 fid.
1007 2581 1084 2643 ortlo.
1101 2580 1120 2642 l.
1136 2584 1165 2643 3.
1183 2601 1207 2643 c.
1225 2582 1275 2640 13.
1299 2576 1378 2659 opp.
1395 2579 1433 2640 T.
1452 2576 1482 2643 1.

326 2656 464 2730 tonof.
482 2690 506 2732 c.
524 2674 553 2733 4.
570 2691 595 2731 e.
614 2674 664 2737 15.
681 2693 711 2753 p.
729 2668 795 2734 209
812 2692 837 2735 s.
854 2668 974 2736 23513.
991 2704 1032 2714 -
1051 2670 1076 2749 ⁴)
1093 2671 1209 2749 Defid.
1226 2672 1245 2733 l.
1262 2674 1291 2734 2.
1308 2690 1333 2732 e.
1352 2672 1481 2732 roms.

327 2774 371 2836 p.
390 2760 429 2824 T.
446 2754 519 2826 2.ὀ.
536 2758 613 2826 481.
650 2764 735 2825 Unde
750 2762 835 2834 illud,
854 2765 935 2840 quod
950 2763 1056 2822 lectum
1076 2768 1129 2834 est,
1156 2761 1352 2825 Dominum
1374 2763 1482 2840 maje-

326 2851 407 2911 ctis
432 2853 665 2932 crucifiaeum
692 2874 783 2925 esse,
804 2875 865 2915 non
890 2853 981 2932 quasi
1000 2852 1035 2912 in
1055 2856 1212 2934 majestate
1232 2873 1289 2913 sua
1305 2851 1483 2929 crumflmom

326 2939 444 3005 bonus:
478 2948 532 3004 sed
555 2945 628 3021 quio
656 2945 735 3005 idem
754 2947 859 3018 Deus,
891 2946 972 3006 idem
1002 2946 1099 3016 homo,
1132 2980 1174 2990 —
1205 2947 1297 3006 Jesus
1329 2943 1483 3015 C'liristus,

326 3034 480 3094 >minus
495 3036 708 3114 majestatis
724 3036 839 3097 dicitur
859 3034 1101 3114 crucifiuus;
1124 3035 1198 3112 quia
1219 3053 1343 3095 consors
1367 3033 1482 3094 utrius·

326 3135 334 3172 ³
355 3131 508 3202 naturae,
529 3126 564 3187 id
584 3134 628 3187 est
642 3130 789 3187 humanae
803 3135 892 3204 atque
908 3127 1042 3197 divinoe,
1067 3125 1102 3185 in
1116 3134 1230 3208 notura
1245 3123 1376 3187 hominis
1392 3124 1486 3185 subiit

326 3216 481 3298 ⁸8ionem3
512 3223 547 3277 ut
574 3218 737 3278 indiscrete
768 3224 796 3278 et
824 3218 1008 3279 Dominus
1033 3217 1248 3296 majestatis
1270 3216 1390 3276 dicutur
1409 3235 1482 3289 esse,

326 3299 343 3357 ἱ
356 3327 507 3383 passus
523 3315 589 3391 est,
614 3317 642 3369 et
656 3308 785 3368 Filius
801 3309 981 3383 hominis,
997 3308 1077 3367 sicut
1090 3309 1240 3385 scro'rotum
1255 3315 1313 3379 est,
1335 3306 1403 3383 qui
1425 3309 1481 3367 de-

326 3398 447 3459 mois
462 3402 503 3458 de
518 3402 629 3461 coelo.
646 3435 690 3446 -
707 3399 732 3480 ³)
751 3400 836 3463 Oont.
853 3420 941 3461 serm.
959 3398 1068 3458 Arion.
1086 3420 1111 3459 c.
1125 3403 1155 3463 8.
1167 3398 1247 3481 opp.
1265 3398 1303 3460 T.
1320 3393 1351 3459 8.
1369 3418 1394 3460 c.
1405 3394 1480 3459 629.

353 3489 475 3551 Prinit.
501 3492 521 3553 l.
543 3495 572 3553 l.
597 3512 622 3553 c.
648 3494 697 3553 13.
715 3511 745 3553 n.
761 3487 814 3551 28.
845 3491 891 3553 Ib.
911 3512 938 3551 c.
958 3487 1020 3552 767
1038 3510 1064 3554 s.
1080 3493 1213 3566 Propter
1233 3490 1323 3550 istam
1339 3488 1483 3548 unitatem

326 3591 438 3640 Bonae
453 3580 488 3639 in
501 3587 629 3657 unoque
644 3589 756 3642 notura
771 3581 1010 3660 intelligendam,
1032 3586 1061 3640 et
1078 3581 1208 3642 Filius
1224 3579 1368 3641 homini
1374 3599 1389 3640 s
1407 3578 1482 3639 dioi-

372 3672 612 3733 descendisse
643 3676 684 3733 de
716 3672 852 3748 coelis,
884 3672 1022 3750 qommvis
1047 3672 1088 3731 sit
1111 3692 1213 3745 euea,
1237 3692 1313 3749 quae
1340 3671 1376 3730 in
1401 3677 1483 3731 nmo

326 3769 404 3844 ἀί,
426 3762 738 3840 rodmundum
765 3770 794 3823 et
812 3764 941 3825 Filius
972 3762 1043 3822 Dei
1074 3763 1189 3824 dicitnr
1212 3762 1431 3841 crucifissus
1452 3769 1484 3822 et

339 3854 477 3928 ultus,
494 3855 633 3931 quamuis
653 3859 725 3916 haec
741 3876 802 3915 non
823 3855 858 3915 in
878 3854 1035 3916 diuinitate
1058 3854 1145 3930 ipsa,
1166 3875 1226 3932 quo
1249 3853 1483 3930 munigenitus

326 3943 385 4003 m·
408 3951 597 4017 coaeternus,
623 3949 677 4006 sed
698 3946 733 4004 in
753 3953 880 4007 naturae
896 3949 1044 4006 humanae
1064 3945 1107 4005 sit
1120 3945 1296 4022 infirmitate
1306 3963 1481 4020 perpessus.

326 4031 381 4110 ⁸]
396 4035 498 4111 Epist.
514 4041 564 4099 24.
581 4041 622 4096 od
636 4036 779 4102 Florian.
796 4058 822 4105 c.
839 4040 868 4099 5.
886 4035 965 4119 Opp.
987 4059 1018 4118 p.
1036 4033 1112 4098 244.
1143 4038 1276 4114 Propter
1290 4037 1368 4094 nanc
1383 4035 1481 4094 unito-

364 4146 523 4202 personoe
549 4128 582 4187 in
605 4136 734 4204 utroque
748 4135 861 4188 nutura
875 4128 1120 4210 intelliyendom,
1137 4134 1165 4186 et
1177 4125 1306 4186 Filius
1321 4125 1483 4186 hominis

326 4211 405 4277 bor
435 4219 680 4280 descendisse
711 4221 753 4278 de
783 4221 913 4293 coelo;
945 4240 1013 4280 cum
1027 4217 1155 4278 Filius
1179 4216 1250 4277 Dei
1272 4236 1416 4277 carnem
1438 4221 1482 4277 de

326 4298 524 4400 Phaine,
542 4313 581 4369 de
598 4330 668 4386 qna
684 4316 738 4369 est
751 4317 875 4394 notus,
892 4308 1127 4372 assumserit.
1165 4310 1209 4368 Et
1221 4327 1340 4382 rursus,
1355 4307 1482 4368 Filius

326 4427 333 4438 ·
391 4401 614 4480 crucifissus
641 4399 810 4463 diciturne
826 4404 1017 4479 sepultus,
1033 4420 1100 4461 curn
1115 4403 1187 4460 liaeo
1201 4398 1312 4460 nonin
1327 4398 1483 4459 diuinitate

326 4498 375 4564 ²,
392 4510 451 4566 quo
471 4492 651 4570 Uniyenilus
673 4492 927 4568 emmunpiternus
959 4498 987 4552 et
1016 4489 1284 4552 consubstantialis
1315 4497 1360 4550 est
1382 4489 1483 4564 Patri,

331 4574 397 4638 in
410 4591 537 4644 naturae
552 4586 700 4644 humanae
715 4582 891 4660 infimitate
905 4583 949 4642 sit
957 4602 1084 4665 possus.
1113 4584 1198 4642 Unde
1213 4580 1482 4658 etuniqenitum

341 4665 436 4734 ium
451 4675 526 4735 Dei
541 4674 777 4755 crucifioeum
793 4680 826 4734 et
839 4676 1045 4751 sepultum,
1071 4692 1172 4733 omnes
1188 4672 1276 4734 etiam
1292 4672 1326 4732 in
1341 4672 1482 4751 tomulo

326 4748 474 4839 fficium,
491 4770 653 4828 secundum
662 4766 741 4828 illud
751 4765 908 4844 Apostoli:
926 4765 984 4850 „Si
999 4762 1077 4826 enim
1093 4764 1308 4842 ooqnooissent,
1325 4782 1479 4843 nimquam

328 4854 496 4920 ’ninum
511 4857 724 4940 mejestatis
740 4855 1067 4938 crucifinissent.”
1087 4855 1139 4919 Et.
1157 4856 1196 4920 ol.
