3775 5625
697 750 723 830 5·
740 742 810 815 68.
827 744 1046 816 christus
1063 744 1306 816 Sacerdos.

517 948 678 1014 Christum
709 948 821 1011 desum
841 968 954 1010 verum
971 948 1181 1011 Sacerdotem
1197 969 1288 1023 esse,
1319 962 1353 1013 et
1375 949 1499 1036 quidam
1514 950 1591 1034 ideo,

408 1059 558 1148 quoniam
590 1056 798 1141 semetipsum
831 1070 991 1142 tamquam
1015 1057 1211 1142 piacularem
1232 1058 1395 1124 victimam
1417 1059 1449 1123 iu
1466 1073 1583 1129 morton

410 1169 496 1234 dedit
510 1170 550 1233 ad
575 1181 709 1252 peccata
725 1179 837 1231 nostra
853 1167 1021 1251 expianda,
1037 1168 1077 1232 ad
1088 1188 1245 1252 expressa
1260 1167 1335 1232 fidei
1347 1168 1525 1234 Catholicae
1538 1172 1578 1234 do·

410 1292 519 1368 gmata
533 1276 681 1362 pertinet.

519 1390 686 1449 Hostiliter
701 1390 814 1467 dogma
830 1388 888 1447 boc
903 1397 1031 1464 praetor
1048 1407 1169 1460 omncs,
1191 1389 1242 1467 qui
1263 1389 1389 1450 cbristo
1412 1389 1533 1450 Domino
1546 1391 1578 1449 di·
1660 1405 1661 1410 ’

320 1555 323 1561 ,
411 1502 573 1561 visitatam
605 1499 821 1567 detrahentes,
852 1499 985 1574 pretium
1008 1499 1253 1559 satisfactorium
1269 1502 1363 1559 morti
1384 1501 1451 1576 ejus
1466 1499 1580 1560 tribuero

413 1612 528 1670 nullum
559 1616 721 1685 poterant,
745 1616 777 1664 ut
794 1616 883 1664 crant
900 1607 1100 1676 Gnostici,
1116 1607 1344 1668 Pbotiniani
1365 1618 1397 1667 et
1412 1608 1547 1678 Ariani,
1559 1618 1583 1666 ct

414 1719 608 1779 recentiores
628 1716 891 1786 Pantbcistae,
925 1718 1087 1794 quiquam
1109 1720 1225 1777 nullum
1250 1729 1413 1794 peccatum
1436 1719 1583 1787 admittam,

416 1829 508 1887 otiam
540 1828 654 1885 nullam
685 1845 741 1902 per
762 1834 891 1884 mortem
914 1826 1033 1885 (lhristi
1053 1836 1252 1903 pcccatorum
1269 1828 1483 1888 liberationem
1499 1827 1584 1886 admit·

416 1948 484 1997 tero
514 1945 661 2015 possunt,
694 1936 877 1994 invaserunt
908 1952 992 1994 saec.
1040 1936 1080 1996 V.
1118 1936 1345 2015 Pelagiani,
1378 1935 1585 2014 contendentes,

418 2046 577 2107 christum
593 2045 624 2103 iu
641 2045 785 2103 mundum
802 2045 992 2102 solummodo
1007 2044 1144 2114 venisse,
1161 2055 1195 2103 ut
1210 2044 1292 2104 viam
1303 2046 1414 2105 salutis
1426 2046 1586 2105 nobismor-

418 2150 547 2227 straret,
562 2154 673 2229 partim
690 2153 860 2213 doctrinam
877 2162 1018 2213 sanctam
1034 2154 1260 2235 praedicando,
1277 2155 1389 2230 partim
1405 2153 1587 2232 praestantis·

420 2265 508 2324 simis
528 2263 676 2322 virtutum
694 2263 843 2338 exemplis
867 2263 1060 2339 praeeundo,
1093 2280 1284 2340 nequaquam
1301 2274 1419 2337 autem,
1435 2273 1470 2323 ut
1485 2281 1537 2322 uos
1549 2280 1590 2339 par

420 2384 551 2434 mortem
569 2390 657 2432 suam
674 2390 692 2431 a
707 2353 847 2449 peccatis
863 2372 1029 2445 liberaret,
1052 2391 1143 2449 quum
1158 2372 1264 2454 homo,
1280 2383 1373 2449 prout
1389 2373 1457 2450 ipse
1475 2373 1530 2432 sibi
1542 2381 1592 2431 tau·
1657 2393 1661 2400 ¹

421 2494 485 2543 tam
505 2483 663 2560 peccando
688 2484 808 2558 culpam
826 2482 1007 2562 contrahat,
1038 2483 1081 2540 ita
1105 2500 1224 2559 quoque
1249 2501 1283 2540 se
1307 2483 1374 2559 ipsa
1392 2484 1429 2542 ab
1447 2483 1500 2541 illo
1523 2499 1597 2558 expe·

422 2593 488 2652 dire
505 2594 619 2651 valeat.
644 2593 727 2650 ldom
745 2601 911 2649 senserunt
927 2591 1205 2668 Abaelardus¹)
1224 2611 1309 2652 saec.
1325 2593 1405 2672 xit,
1423 2601 1515 2671 atque
1532 2609 1602 2661 saec.

423 2704 507 2763 XVI.
526 2701 738 2772 sociniani,
756 2702 807 2777 qui
823 2702 1026 2775 asserebant,
1059 2700 1219 2761 Christum
1240 2702 1396 2761 homiuum
1420 2701 1605 2761 salvatorem

424 2830 495 2872 essa
520 2813 669 2870 duntaxat
684 2812 851 2887 praeconio
870 2821 901 2870 et
917 2812 1062 2891 consilio,
1087 2828 1145 2889 quo
1161 2809 1241 2870 viam
1266 2812 1378 2871 salutis
1394 2812 1489 2872 uobis
1506 2830 1608 2872 auuun·

424 2923 523 2996 tiavit,
541 2922 625 2980 etad
642 2939 709 2980 cam
726 2938 783 2980 nos
801 2922 984 2980 cohortatus
1002 2931 1059 2995 est,
1075 2932 1166 2999 atque
1180 2924 1330 2998 exemplo,
1347 2940 1406 2999 quo
1424 2923 1518 2981 nobis
1532 2940 1611 3000 prac-

424 3032 519 3111 luxit,
549 3049 609 3089 nou
627 3039 728 3088 autem
746 3048 856 3106 opere,
888 3030 999 3089 merito
1018 3040 1049 3090 et
1066 3031 1207 3092 efficacia
1225 3044 1325 3110 genus
1347 3031 1520 3091 humanum
1535 3050 1614 3109 repa·

426 3142 538 3210 rando;
565 3159 655 3217 quum
672 3139 792 3216 quidem
809 3140 888 3197 bono
906 3149 936 3198 et
953 3141 1111 3199 commodo
1127 3151 1251 3214 nostro,
1283 3150 1318 3199 ut
1339 3138 1495 3201 videlicet
1511 3142 1617 3202 doctri·

426 3269 495 3310 nam
528 3269 614 3309 suam
648 3249 876 3308 sanctissimam
902 3251 1117 3323 confirmaret,
1150 3251 1320 3329 etiosigne
1336 3246 1510 3326 patientiae
1528 3272 1619 3312 exom-

426 3363 509 3438 plum
525 3361 614 3419 uobis
631 3360 832 3439 relinqueret,
848 3377 908 3417 non
926 3369 1028 3418 autem
1045 3360 1198 3418 hominnm
1215 3362 1283 3420 loco
1301 3378 1338 3421 ac
1354 3360 1438 3441 vica,
1456 3380 1620 3438 perversu

428 3472 477 3530 sui
493 3472 524 3528 in
543 3471 642 3528 nostri
657 3471 759 3529 locum
776 3470 1038 3542 substitutionem,
1056 3480 1195 3529 mortuus
1213 3471 1272 3550 sit,
1294 3480 1324 3529 et
1341 3470 1388 3530 sic
1405 3472 1502 3530 nobis
1518 3489 1619 3550 pecca·

428 3591 530 3640 torum
548 3579 763 3637 remissionem
787 3598 823 3638 ac
846 3598 913 3638 cum
935 3581 1003 3639 Deo
1027 3580 1309 3641 reconciliationem
1325 3582 1558 3656 promeruerit,
1578 3600 1618 3637 ve·

429 3706 498 3746 rum
523 3687 635 3766 potius,
659 3687 799 3762 partibus
825 3689 884 3746 sibi
901 3707 918 3747 a
933 3690 1001 3748 Deo
1018 3690 1172 3764 impositis
1190 3690 1375 3748 adsalutem
1398 3700 1545 3750 nostram
1560 3708 1618 3766 pro·

431 3796 599 3856 curandam
617 3796 758 3870 expletis,
776 3797 878 3875 gratis
896 3798 933 3855 ab
951 3797 1017 3873 ipso
1035 3798 1203 3856 obtinuerit
1219 3805 1424 3873 peccatorum
1452 3808 1617 3858 nostrorum

431 3905 700 3979 relaxationem2).
742 3905 826 3980 Quae
852 3916 885 3964 ut
910 3907 1033 3966 facilius
1051 3916 1206 3986 tueantur,
1223 3908 1343 3979 docent,
1356 3906 1518 3981 justitiam
1534 3907 1614 3967 vindi·

325 4087 326 4091 Ἰ
433 4034 499 4074 cam
517 4017 553 4073 ad
571 4024 713 4074 naturam
737 4016 798 4074 Dei
814 4015 1020 4091 pertinentem
1044 4026 1076 4074 et
1092 4017 1122 4074 ei
1138 4016 1350 4076 necessariam
1367 4015 1450 4076 haud
1469 4015 1612 4090 esse,scd

434 4143 504 4183 esse
521 4134 638 4184 tantum
655 4124 834 4183 liberrimae
851 4126 1018 4183 voluntatis
1037 4126 1103 4200 ejus
1121 4128 1276 4193 effectum,
1294 4100 1420 4201 quaein
1439 4126 1507 4204 ipso
1532 4124 1610 4202 possit

433 4234 484 4292 vel
501 4234 610 4292 adesso
626 4235 676 4292 vel
693 4234 814 4292 abesse.
841 4233 957 4308 Quibus
976 4235 1136 4292 erroribus
1154 4235 1307 4293 calculum
1329 4252 1452 4312 quoque
1475 4254 1558 4294 suum
1571 4232 1607 4290 ad·

429 4342 576 4417 jecerunt
610 4344 907 4419 Anabaptistae,
934 4343 1141 4418 Quackeri,
1165 4344 1427 4403 Methodistae
1446 4343 1605 4405 acRatio·

435 4452 606 4510 oalistae
624 4471 739 4511 omncs.
763 4452 844 4513 Huic
862 4452 1033 4511 sententiae
1050 4469 1142 4529 porro
1170 4452 1271 4511 altinis
1289 4462 1337 4510 ost
1354 4453 1604 4515 doctrinascbolu

438 4593 635 4608 ᾔ

548 4671 575 4748 ¹)
594 4668 638 4728 Ol.
663 4668 769 4729 Oonc.
792 4667 925 4728 Senon.
950 4689 976 4728 a.
1004 4665 1101 4732 1140.
1133 4669 1266 4740 Mansi,
1300 4670 1489 4734 Ooll.Oooo.
1519 4670 1551 4730 Τ.
1565 4662 1602 4728 21.

439 4781 463 4822 c.
481 4758 557 4823 568.
573 4797 618 4806 -
635 4759 666 4834 ²)
684 4759 729 4820 (tf.
746 4760 880 4833 Faust,
899 4759 1020 4819 Sosin.
1047 4763 1095 4820 Dc
1109 4781 1182 4820 ocra
1196 4760 1283 4838 reliq.
1302 4763 1321 4820 l.
1340 4762 1370 4821 5.
1388 4782 1414 4824 o.
1432 4766 1484 4823 22.
1500 4760 1541 4822 od.
1554 4759 1601 4819 Ra·

440 4873 507 4913 cov.
523 4850 554 4915 4.
570 4873 604 4934 p.
620 4848 811 4916 570-577.
829 4887 870 4898 -
887 4855 934 4913 De
951 4852 1023 4914 Otr.
1041 4859 1149 4914 servat.
1168 4855 1187 4915 l.
1205 4855 1234 4914 1.
1252 4873 1276 4915 o.
1295 4856 1325 4915 1.
1343 4854 1382 4915 Τ.
1399 4846 1601 4938 2.p.204·-
