3775 5625
438 412 506 485 506

432 585 564 666 παρ’).
596 586 698 671 Atque
731 581 954 651 Concilium
1006 584 1306 652 Arausicanum:
1334 589 1467 670 (Dens)
1490 592 1608 667 Manet

435 718 599 762 amorem
614 702 679 760 ani
691 702 809 777 prins
824 702 1022 779 inspirat,
1040 711 1079 761 nt
1090 711 1123 761 et
1136 701 1297 778 Baptismi
1312 699 1533 764 Sacramenta
1545 705 1610 777 fite·

435 815 510 873 liter
540 813 746 889 requiramus
755 813 794 887 ²).
830 807 884 870 Ex
915 806 1066 871 charitate
1099 819 1204 871 autem
1235 807 1317 871 ultro
1350 809 1443 894 quasi
1476 810 1611 898 gignitur,

434 939 527 1003 quam
543 918 662 1003 pariter
678 917 895 982 necessariam
911 937 986 982 esse
1002 919 1041 981 ad
1052 917 1208 1002 justitiam
1227 918 1431 983 obtinendam
1450 920 1613 986 Concilium

436 1027 657 1092 Tridentinnm
674 1029 828 1103 declarat,

542 1137 574 1201 4.
600 1137 805 1212 contritio,
827 1158 887 1202 seu
904 1139 997 1201 clolor
1013 1159 1052 1201 ac
1066 1137 1235 1203 detestatio
1252 1138 1393 1222 peccati,
1418 1161 1494 1205 cum
1509 1162 1613 1226 propo·

433 1248 495 1313 sito
512 1268 628 1311 novam
647 1246 743 1312 vitam
759 1246 946 1311 instituendi
963 1260 994 1312 et
1010 1248 1155 1312 mandata
1173 1246 1277 1317 divina
1293 1249 1460 1325 servandi,
1485 1252 1616 1337 adeoque

433 1357 528 1421 etiam
559 1356 739 1441 speciatim,
771 1379 865 1442 quum
886 1356 917 1420 id
939 1357 979 1421 ad
996 1358 1130 1422 salutem
1147 1378 1187 1421 ex
1204 1357 1416 1443 dispositione
1452 1359 1555 1424 divina
1583 1360 1616 1425 sit

434 1466 667 1541 necessarium,
685 1470 893 1532 Sacramenta
909 1466 1116 1551 percipiendi.
1148 1468 1196 1531 De
1214 1470 1305 1553 cnjus
1321 1469 1518 1535 necessitate
1535 1492 1617 1556 quam

433 1576 568 1662 plurima
583 1590 712 1642 exstant
728 1582 763 1641 S.
781 1576 1019 1662 scripturae
1043 1576 1235 1642 testimonia.
1270 1579 1481 1654 Qniescite
1511 1604 1617 1661 apere

430 1709 634 1769 perverse,
661 1686 703 1749 ait
726 1685 871 1761 lsaias,
902 1693 1046 1750 discite
1078 1690 1449 1762 benefacere—Si
1470 1694 1618 1765 fuerint

431 1810 594 1878 peecata
609 1810 743 1861 cestra
748 1845 761 1880 ,
778 1808 824 1860 nt
837 1803 1036 1861 coccinum
1042 1845 1055 1880 ,
1073 1803 1185 1876 qnasi
1200 1803 1271 1860 nia
1287 1802 1576 1865 dealbabuntur
1586 1802 1615 1880 ³).

432 1885 638 1969 Eiechiel:
657 1907 703 1970 Si
721 1918 828 1970 antem
844 1912 988 1986 impias
1003 1912 1131 1986 aperit
1142 1912 1425 1985 paenitentiam
1441 1917 1488 1971 ab
1506 1917 1616 1974 omni-

433 2021 503 2079 lns
523 2022 699 2095 pcccatis
715 2022 820 2098 anis,
839 2038 922 2097 anae
938 2029 1089 2098 operatus
1105 2028 1166 2098 est,
1183 2029 1221 2079 et
1234 2024 1477 2083 custodierit
1493 2027 1616 2084 amnia

430 2138 651 2206 praecepta
673 2146 773 2201 mea,
790 2138 823 2191 et
834 2129 1123 2207 feceritjndicinm
1140 2127 1239 2211 (quod
1250 2127 1373 2210 justum
1387 2131 1465 2207 est),
1481 2136 1616 2211 etjnsti·

433 2240 529 2298 nam:
555 2240 643 2298 vita
665 2240 788 2317 vivet,
814 2248 950 2300 etnon
972 2234 1219 2315 morietnr⁴).
1254 2235 1490 2302 Zacharias:
1526 2241 1616 2304 Oan-

432 2349 637 2408 certimini
657 2354 705 2408 ad
718 2366 790 2427 me,
808 2350 857 2409 ait
870 2348 1031 2409 Dominus
1046 2351 1266 2409 eaeroiraam:
1283 2358 1322 2410 et
1340 2361 1563 2414 convertar
1580 2359 1619 2413 at

432 2475 517 2535 cos,
542 2459 623 2517 dicit
634 2455 796 2518 Dominus
811 2459 1016 2518 eaeraitnnm
1027 2459 1065 2533 ⁵).
1098 2453 1279 2519 Christus
1302 2455 1508 2523 Dominus:
1533 2462 1618 2524 Nisi

429 2568 713 2648 poenitentiam
737 2568 988 2646 habueritis,
1015 2584 1145 2627 omnes
1170 2569 1357 2629 similiter
1380 2569 1617 2647 peribitis‘).

435 2789 595 2846 leantur
615 2794 781 2862 peccata
803 2785 984 2861 castrat).
1016 2782 1059 2845 Et
1080 2782 1239 2846 Paulus:
1267 2783 1360 2859 Quae
1382 2796 1494 2850 antem
1510 2809 1618 2852 aecan-

430 2899 507 2955 dnm
522 2894 639 2974 Deum,
657 2891 677 2955 i.
697 2914 723 2955 e.
740 2893 810 2957 Deo
837 2892 983 2976 placens,
1011 2913 1068 2956 sen
1093 2905 1226 2976 propter
1248 2893 1351 2957 Deum
1368 2893 1547 2973 offensum,
1563 2905 1617 2962 tri·

432 3006 523 3064 stitia
538 3013 598 3084 est,
614 3007 901 3081 paenitentiam
924 3007 966 3064 in
989 3008 1158 3065 salntem
1178 3007 1375 3085 stabilem,
1393 2999 1616 3086 ἀμεταμέλητον,

432 3108 452 3173 i.
468 3129 495 3172 e.
513 3111 603 3194 cujus
620 3109 780 3174 neminem
796 3109 955 3194 poenitet,
986 3123 1143 3190 operatur
1155 3109 1192 3190 ⁸).
1225 3109 1259 3173 si
1276 3123 1380 3174 autem
1397 3126 1537 3197 propter
1552 3136 1616 3200 poe·

432 3218 594 3283 nitentiam
625 3232 719 3305 atque
750 3219 996 3284 conversionem
1021 3220 1061 3283 ad
1082 3220 1199 3283 bonam
1216 3219 1342 3307 frugem
1357 3235 1518 3304 peccator
1534 3224 1616 3288 vitan

433 3327 556 3392 animae
589 3328 808 3414 consequitur,
824 3329 912 3392 Deus
930 3329 970 3392 ad
987 3349 1059 3393 eum
1075 3328 1288 3401 convertitur;
1312 3349 1414 3413 porro
1433 3331 1461 3394 si
1480 3334 1573 3398 dolor
1586 3334 1616 3395 de

432 3437 576 3522 peccatis
599 3451 733 3522 propter
754 3439 857 3503 Deum
878 3450 1049 3522 susceptus
1066 3437 1294 3522 poenitentiam
1310 3437 1342 3501 in
1359 3441 1500 3506 salutem
1517 3462 1614 3528 operr-

431 3559 497 3620 tur3
514 3558 608 3632 atque
624 3547 662 3621 si,
679 3547 732 3633 qui
748 3547 976 3631 poenitentiam
993 3568 1057 3611 non
1073 3559 1183 3634 agunt,
1198 3560 1345 3632 pereunt:
1363 3554 1533 3634 quomodo
1548 3551 1615 3616 fides

433 3657 502 3719 sola
512 3654 689 3739 justificat?
705 3668 759 3719 ant
774 3658 933 3741 quomodo
950 3655 1147 3740 poenitentia
1162 3678 1227 3719 non
1238 3656 1422 3741 justificat?
1444 3661 1496 3725 De
1519 3682 1576 3747 qua
1588 3679 1615 3722 re

432 3762 547 3828 librum
574 3763 733 3851 integrum
760 3765 954 3850 conscripsit
980 3765 1237 3852 Augustinus,
1265 3765 1317 3851 qni
1343 3766 1550 3834 inscribitur:
1578 3771 1617 3831 lie

430 3878 505 3956 fiete,
523 3886 554 3938 et
570 3880 729 3953 operiens.
754 3877 788 3938 ln
806 3896 868 3961 quo
889 3874 1006 3940 refellit
1036 3895 1181 3939 errorem
1212 3896 1339 3950 eornm,
1372 3876 1426 3962 qui
1460 3879 1615 3944 docebant

433 3984 644 4048 admittendos
666 4004 739 4047 esse
760 3983 905 4047 homines
923 3985 962 4047 ad
978 3983 1189 4067 Baptismum,
1213 3983 1339 4049 etiamsi
1354 3984 1454 4050 vitam
1472 4000 1506 4051 et
1523 4006 1615 4051 mores

433 4095 603 4158 emendare
625 4114 688 4156 nou
708 4095 834 4157 vellent.
865 4094 949 4157 Esse
966 4105 1070 4157 antem
1088 4093 1254 4177 speciatim
1269 4095 1475 4179 propositum
1493 4118 1532 4161 ac
1547 4093 1613 4159 desi·

434 4201 555 4265 derium
587 4202 787 4267 Sacramenti
810 4203 932 4286 reipsa
954 4202 1151 4286 percipiendi
1182 4203 1418 4279 necessarium,
1436 4226 1482 4269 ex
1496 4207 1564 4291 ipsa
1579 4202 1614 4267 rei

435 4323 548 4374 natura
579 4311 669 4376 facile
701 4311 896 4399 intelligitur.
930 4311 1091 4397 Scriptum
1109 4323 1159 4376 cst
1175 4312 1274 4376 enim:
1306 4315 1386 4376 Nisi
1405 4322 1481 4393 qais
1498 4328 1614 4379 renata

435 4486 649 4496 ——-—-—-

540 4589 568 4662 ¹)
586 4590 634 4646 De
661 4585 770 4647 Trinit.
797 4589 816 4647 l.
834 4590 883 4649 15.
910 4608 934 4646 c.
953 4591 1001 4647 18.
1027 4608 1056 4647 n.
1084 4590 1134 4646 32.
1167 4587 1205 4650 T.
1222 4584 1251 4648 8.
1278 4607 1302 4649 c.
1320 4583 1399 4650 990.
1416 4625 1461 4635 -
1480 4586 1510 4676 ²)
1527 4591 1558 4651 0.
1575 4589 1612 4648 25.

433 4679 565 4746 Mami,
585 4679 659 4738 Call.
679 4678 769 4737 Cone.
786 4679 824 4737 Τ.
844 4675 872 4739 8.
892 4700 916 4738 c.
935 4673 1011 4741 718.
1027 4713 1071 4723 -
1091 4673 1116 4759 ³)
1132 4678 1173 4736 Is.
1194 4675 1225 4748 l,
1245 4675 1390 4739 16-18.
1408 4717 1450 4725 —
1470 4681 1499 4760 ⁴)
1518 4679 1610 4740 uzal

436 4765 488 4841 18,
498 4766 551 4830 21.
569 4766 613 4830 Of.
625 4764 676 4843 18,
688 4766 741 4829 27.
759 4804 802 4812 -
820 4768 845 4847 ⁵)
863 4768 953 4828 Zach.
969 4765 1038 4841 1,3.
1055 4804 1096 4814 -
1117 4766 1141 4844 6)
1150 4770 1224 4829 Luc.
1237 4766 1287 4839 13,
1299 4767 1329 4831 3.
1346 4805 1392 4815 -
1411 4775 1438 4851 ⁷)
1449 4771 1521 4835 Act.
1532 4770 1560 4844 3,
1571 4766 1609 4830 19.

435 4894 478 4907 -
494 4862 521 4938 ⁸)
539 4857 570 4924 2.
589 4858 658 4921 Cor.
678 4857 707 4936 7,
726 4857 776 4922 10.
795 4858 841 4921 cf.
857 4859 965 4921 Matth.
982 4858 1014 4943 4,
1033 4857 1084 4922 17.
1101 4859 1196 4921 Marc.
1213 4857 1244 4936 6,
1262 4857 1315 4926 12.
1332 4856 1484 4951 Βααξῖ4,
1499 4860 1551 4928 47.
