3775 5625
416 397 489 455 hum
506 396 541 453 so
558 411 630 453 osse
645 394 790 464 affirmat,
809 413 826 452 a
842 392 953 452 minori
970 393 1007 451 ad
1023 392 1122 467 majus
1150 402 1389 471 argumentans:
1416 394 1523 467 stitit,
1540 395 1600 473 qu‘n

417 504 492 564 nihil
506 505 592 581 plus,
619 522 707 580 quam
732 504 871 562 hominos
892 512 996 572 erant,
1022 512 1147 580 propter
1169 504 1424 563 communicatum
1442 523 1508 565 eum
1520 506 1605 581 ipsis

418 632 591 673 sermonem
607 614 682 684 Dei,
706 613 747 671 dii
765 622 929 679 vocantur,
954 612 1054 670 divina
1076 612 1163 687 quasi
1186 614 1369 672 auctoritate
1387 614 1528 689 praediti,
1542 633 1648 671 ne—

418 742 476 801 que
501 723 623 782 irritum
649 722 735 780 reddi
758 731 859 797 potest
880 723 1065 797 Scripturas
1086 740 1196 780 sacrae
1219 724 1357 781 allatum:
1385 725 1479 781 multo
1500 725 1661 802 magia

419 852 495 913 ego,
512 851 599 909 quem
625 833 734 902 Pater,
758 840 861 906 utpote
878 850 984 890 verum
1003 849 1038 890 ae
1056 832 1227 889 naturalem
1250 832 1315 906 ejus
1337 833 1462 902 Filium,
1485 840 1664 890 muner-⁴

417 942 575 1002 Messiano
590 951 822 1009 consecratum,
840 941 875 999 ad
892 942 1030 999 homines
1047 942 1211 1018 ablegavit,
1228 943 1313 999 Dens
1331 942 1398 999 sine
1414 942 1637 1018 blaspheml=

420 1052 525 1111 vocari
555 1067 689 1125 possum.
722 1052 788 1107 llon
809 1050 906 1108 solum
933 1060 1033 1107 sutem
1066 1049 1339 1108 denominationem
1360 1049 1430 1108 Filii
1452 1051 1526 1121 Dei,
1545 1069 1597 1109 se·
1655 1095 1664 1114 ,

418 1177 484 1218 rem
508 1160 604 1236 ipsam
629 1158 688 1216 sibi
711 1158 900 1227 vindicasse,
925 1178 963 1217 ex
979 1159 1083 1216 verbis
1102 1177 1171 1216 mox
1186 1159 1417 1234 insequentibus
1436 1168 1533 1235 patet,
1548 1162 1664 1230 ulz]

419 1271 462 1329 alt
479 1268 672 1328 Ohrlstus:
700 1265 786 1339 Ouio
810 1267 941 1327 Pater
967 1271 1008 1326 in
1032 1286 1087 1326 me
1110 1278 1187 1345 est,
1210 1277 1248 1327 et
1268 1286 1340 1343 eqo
1364 1271 1405 1326 in
1421 1269 1664 1353 ΡαινεῑΞ

420 1378 505 1454 Quod
521 1377 615 1455 probe
633 1377 851 1435 intellexerunt
872 1376 998 1455 autaei,
1021 1378 1099 1435 unde
1116 1386 1147 1435 et
1163 1378 1260 1435 denuo
1275 1376 1386 1436 desum
1403 1378 1663 1456 eompreheQ,

419 1489 493 1546 dero
510 1488 674 1545 voluerunt
684 1490 724 1559 ²).

654 1716 689 1806 ς.
715 1714 782 1786 52.
806 1714 1024 1785 christus
1048 1730 1192 1785 verus
1216 1716 1364 1787 homo.

527 1923 752 1985 Verumtamen
770 1919 801 1984 id
817 1922 899 1985 haud
920 1922 1113 1994 sufficiebat,
1139 1932 1172 1983 ut
1196 1921 1343 1986 Salvator
1370 1935 1483 1988 noster
1507 1946 1633 1992 ver-us

419 2033 507 2096 Deus
524 2043 627 2103 esset;
653 2029 724 2105 sed,
741 2042 775 2094 ut
791 2030 984 2103 satisfactio,
1001 2051 1079 2116 quae
1106 2050 1163 2114 per
1178 2028 1282 2114 ipsum
1299 2031 1369 2095 lieri
1385 2034 1536 2107 debebat,
1561 2047 1628 2098 at-

421 2162 479 2227 que
500 2141 533 2205 in
553 2162 591 2205 ea
613 2139 708 2206 situm
729 2140 875 2218 meritum
901 2140 1032 2227 generis
1053 2139 1180 2203 humani
1202 2153 1304 2223 esset,
1335 2142 1405 2226 ipse
1429 2155 1464 2207 ut
1485 2163 1526 2206 ex
1541 2144 1627 2207 luoc

420 2252 624 2335 procederet,
641 2270 699 2313 seu
715 2270 811 2313 verus
827 2250 922 2312 homo
940 2271 1001 2313 una
1018 2249 1199 2324 exsisteret,
1216 2270 1385 2315 necessum
1401 2264 1480 2315 erat.

530 2361 785 2437 Quemadmodum
803 2371 902 2420 autem
921 2362 1121 2430 exstiterunt,
1140 2362 1190 2438 qui
1207 2362 1363 2421 Christum
1381 2382 1488 2423 verum
1505 2365 1626 2422 Deum

422 2491 491 2531 esse
509 2481 672 2550 negarent,
688 2471 733 2530 ita
750 2472 873 2529 luerunt
889 2471 956 2543 alii,
974 2472 1070 2547 quiin
1087 2472 1257 2548 oppositum
1275 2473 1445 2531 dementiae
1463 2489 1625 2531 errorem

420 2581 573 2658 prolapsi,
600 2581 755 2639 Christum
776 2599 881 2638 verum
902 2580 1053 2638 hominem
1071 2599 1156 2648 esse,
1180 2581 1401 2642 inficiarentur.
1426 2585 1468 2640 ltt
1484 2582 1624 2658 quidem

422 2690 473 2749 alii
490 2690 606 2749 christi
623 2708 746 2750 carnem
769 2690 912 2768 adgressi
934 2691 1170 2757 contendebant,
1197 2691 1304 2749 Filium
1325 2692 1385 2749 Dei
1401 2710 1460 2749 non
1486 2706 1623 2751 assum·

422 2800 502 2859 sisse
519 2819 625 2859 veram
643 2811 781 2859 naturam
797 2799 974 2870 humanam,
997 2800 1050 2858 sed
1067 2800 1161 2858 solam
1180 2801 1319 2876 corporis
1336 2802 1487 2878 speeiem,
1509 2795 1622 2862 homi·

421 2930 489 2970 nem
507 2907 536 2966 tv
557 2899 676 2983 δοκήσει
691 2919 807 2969 tantum
828 2909 940 2979 luisse,
966 2910 1256 2970 Phantasiastae
1281 2930 1336 2970 seu
1362 2913 1532 2972 Docetae
1566 2905 1619 2966 id·

422 3022 506 3082 eirco
530 3021 613 3080 dieti.
645 3021 740 3079 'l'oles
763 3028 851 3079 erant
875 3020 1052 3092 Cerdo³),
1084 3015 1344 3091 Basilidos⁴),
1373 3013 1614 3085 Marcion⁵)·

421 3131 591 3206 Praecipue
614 3148 688 3187 vero
712 3125 851 3188 errorem
873 3129 953 3186 hunc
979 3129 1102 3187 saeculo
1125 3130 1178 3189 lll.
1200 3129 1292 3207 longe
1315 3131 1436 3206 lateque
1452 3140 1611 3206 propagi-

421 3250 493 3300 rnut
513 3239 742 3307 Manichaei,
764 3257 882 3297 omnem
900 3238 1058 3296 materiam
1076 3237 1216 3294 vitiosam
1235 3247 1414 3306 censentes,
1432 3258 1491 3315 qua
1506 3237 1608 3317 igitur

420 3350 480 3408 Dei
496 3349 623 3418 Filium,
648 3366 735 3423 quem
752 3347 822 3406 boni
838 3347 981 3423 principii
1006 3347 1107 3418 filium
1119 3347 1359 3422 profitebantur,
1383 3348 1605 3407 circumdatum

423 3477 508 3527 esse,
531 3458 692 3516 admittere
713 3456 790 3515 haud
813 3466 972 3532 poterant,
995 3466 1025 3514 et
1048 3457 1148 3515 serius
1169 3456 1513 3537 Priscillianistae‚
1537 3451 1602 3512 itto-

423 3587 490 3626 rum
507 3567 624 3626 surculi
635 3571 727 3638 ⁶).—
738 3566 800 3625 Alii
816 3567 928 3624 iterum
945 3567 1158 3633 assumebant,
1175 3568 1284 3623 desum
1303 3565 1459 3626 Christum
1476 3586 1533 3625 non
1554 3561 1599 3618 lli·
1620 3603 1624 3610 -

422 3677 527 3736 buisae
544 3694 656 3752 eorpus
674 3696 712 3735 ex
729 3676 901 3735 substantia
917 3676 1025 3736 matris
1042 3693 1115 3734 suae
1132 3676 1307 3743 formatum,
1325 3676 1379 3735 sed
1390 3677 1530 3736 eoeleste
1552 3663 1597 3726 ⁸¹¹⁶·

423 3787 517 3862 quod,
535 3805 573 3844 ex
589 3785 720 3845 materia
741 3789 833 3844 aerea
853 3788 902 3844 vel
919 3786 1041 3844 siderea
1058 3787 1237 3852 conflatum,
1255 3785 1332 3861 quod
1350 3804 1405 3861 per
1421 3788 1457 3846 B.
1472 3779 1597 3843 Marisa
1660 3835 1663 3871 ι

423 3895 479 3964 V„
496 3897 580 3955 velut
597 3914 675 3972 aqua
691 3915 745 3971 per
771 3898 907 3956 canalem
927 3906 981 3955 aut
1008 3897 1126 3964 tubum,
1158 3895 1334 3967 transierit,
1367 3905 1400 3954 ut
1430 3880 1595 3953 Valenti·
1660 3923 1663 3951 ι

534 4090 557 4178 ¹)
574 4092 664 4156 Joan.
685 4092 736 4168 10,
753 4091 805 4158 38.
823 4129 865 4140 -
880 4094 905 4174 ²)
922 4094 1014 4155 Joan.
1033 4090 1084 4167 10,
1103 4090 1156 4155 39.
1173 4091 1218 4155 (li.
1236 4091 1373 4160 Maron.
1389 4093 1545 4154 Divinitas
1559 4080 1595 4141 D·
1662 4108 1664 4126 ¹

423 4190 495 4249 sod.
507 4187 580 4248 Olor.
590 4187 755 4265 manifesto
770 4186 804 4245 in
819 4185 931 4264 Seript.
948 4193 976 4244 et
993 4185 1109 4246 Tradit.
1125 4185 1195 4245 Par.
1211 4181 1307 4246 1746.
1324 4221 1368 4231 -
1386 4185 1412 4264 ³)
1431 4184 1473 4246 cf.
1490 4180 1594 4243 Theo·
1662 4196 1663 4206 ¹

424 4280 498 4340 dor.
516 4279 560 4338 Η.
572 4279 602 4356 f.
620 4280 639 4339 l.
657 4280 686 4342 5.
704 4298 727 4340 o.
745 4280 794 4339 11.
813 4274 891 4357 Opp.
909 4278 948 4338 Τ.
965 4275 995 4337 4.
1012 4297 1041 4355 p.
1059 4272 1189 4336 287-
1206 4279 1234 4353 ⁴)
1253 4275 1298 4336 cf.
1315 4277 1411 4337 iren.
1429 4273 1594 4337 Uentidii·

425 4373 444 4432 l.
462 4376 490 4430 1.
509 4390 532 4430 c.
550 4372 599 4430 24.
616 4390 645 4430 n.
661 4373 690 4430 4.
707 4390 735 4449 p.
755 4365 827 4430 101.
846 4366 1028 4447 Epiphan.
1046 4369 1139 4426 Haer.
1157 4371 1206 4428 24.
1222 4387 1252 4428 n.
1268 4371 1297 4428 3.
1317 4365 1396 4448 Opp.
1414 4368 1453 4427 T.
1471 4345 1595 4443 1.p.70·

426 4496 466 4506 -
489 4458 512 4540 ⁶)
532 4457 577 4520 Of.
594 4459 770 4524 Philostr.
802 4461 894 4519 Haec.
918 4461 966 4516 27.
990 4455 1163 4518 Galland.
1180 4461 1219 4519 B.
1235 4459 1303 4519 ΡΡ.
1321 4459 1359 4521 Τ.
1377 4455 1407 4522 7.
1423 4479 1452 4537 p.
1468 4450 1538 4517 487.
1554 4467 1597 4486 ‘

428 4549 452 4631 ⁶)
469 4551 513 4612 ef.
530 4551 679 4628 attempt.
696 4550 862 4610 amaros.
878 4549 1037 4624 aztommq.
1052 4551 1133 4627 usp.
1150 4552 1192 4608 aa
1206 4548 1386 4610 namra.
1397 4523 1601 4610 aenio&

425 4645 464 4705 B.
480 4645 551 4704 ΡΡ.
568 4643 606 4703 Τ.
625 4639 653 4704 7.
669 4662 699 4724 p.
714 4637 795 4702 543:
808 4639 911 4724 ῧτίᾳ,
929 4639 1143 4724 depectentes.
1158 4637 1190 4703 3.
1207 4638 1249 4705 a.
1266 4637 1299 4703 2.
1316 4639 1354 4703 tt.
1371 4660 1401 4720 p.
1422 4633 1492 4703 165.
