3775 5625
1405 361 1470 434 bot

316 714 353 809 ξ.
376 712 472 787 lat.
494 714 725 788 ltleremur
748 708 886 786 bonis
910 712 1134 801 operibus
1158 651 1453 800 augmentum

315 826 509 914 gratiae,
527 824 799 897 felicitatem
816 825 1067 905 aeternam,
1083 820 1284 909 ejusque
1302 820 1453 894 inere·

776 927 993 1004 melitum.

398 1140 620 1206 Definitionum
649 1142 813 1206 solennem
835 1137 995 1226 dogmatis
1012 1117 1105 1223 hujus
1131 1160 1150 1203 a
1178 1139 1291 1205 Corra.
1320 1139 1476 1204 Triden-

294 1249 375 1314 tino
391 1251 508 1315 lactam
524 1270 622 1336 supra
633 1250 700 1333 jam
717 1246 877 1312 attulimus
887 1252 925 1326 ¹).

398 1359 547 1424 Necnon
562 1358 679 1423 ibidem
695 1368 762 1421 tum
778 1376 817 1420 ex
835 1358 894 1421 SS.
911 1354 1075 1420 Litteris
1097 1368 1164 1420 tum
1179 1378 1222 1421 ex
1238 1357 1478 1433 Traditione,

294 1466 482 1531 mererinos
494 1467 646 1552 operibus
656 1466 755 1552 justis
767 1465 862 1529 vitam
880 1476 1042 1529 aeternam
1059 1466 1357 1533 demonstravimus.
1375 1466 1478 1532 Testi-

295 1576 410 1641 mouiis
427 1576 561 1642 laudatis
581 1576 653 1642 addi
669 1588 805 1662 possunt
818 1576 918 1639 uerba
935 1573 1083 1639 Christi
1104 1576 1276 1642 Domini:
1296 1578 1344 1642 in
1363 1584 1479 1663 amnia,

295 1692 352 1765 qui
368 1690 541 1767 reliquerit
555 1696 693 1768 murum,
711 1694 763 1749 cet
775 1690 913 1762 fratrea,
937 1697 996 1748 aut
1010 1706 1159 1768 sorores,
1185 1699 1243 1750 aut
1254 1700 1398 1770 patrem,
1424 1698 1484 1752 aut

294 1808 441 1878 matrem,
467 1810 687 1873 antenorem,
713 1809 771 1859 aut
783 1800 881 1873 filios,
899 1807 958 1859 aut
971 1817 1069 1874 aare:
1081 1808 1218 1875 propter
1232 1818 1349 1861 nomen
1363 1818 1479 1879 meum,

296 1913 480 1985 centuplum
510 1911 663 1988 accipiet,
697 1916 734 1968 et
760 1911 879 1967 citam
905 1916 1110 1968 aeternam
1134 1910 1412 1987 possideant).
1444 1907 1482 1970 A.

295 2011 419 2077 Pauli:
447 2013 514 2089 Oui
533 2020 674 2077 seminat
692 2020 727 2076 in
748 2018 885 2094 spiritu,
911 2020 950 2075 de
966 2018 1085 2100 spiritu
1100 2026 1193 2078 metet
1213 2020 1254 2076 ni
1262 2027 1335 2079 tam
1354 2028 1483 2079 aeter·

294 2143 384 2186 uam
401 2127 439 2202 ⁸).
487 2123 543 2188 Et:
573 2124 794 2203 Quodcunque
818 2125 953 2202 facitis,
985 2143 1028 2185 ec
1056 2128 1163 2185 animo
1193 2131 1371 2204 operamini
1401 2129 1484 2188 sicut

295 2233 455 2314 Domina,
488 2244 521 2297 et
540 2253 607 2295 non
628 2237 825 2304 bominibus,
847 2236 983 2294 emme
991 2277 1003 2311 ,
1029 2240 1116 2310 quod
1130 2253 1151 2293 a
1165 2234 1304 2296 Domino
1321 2238 1486 2313 accipietis

295 2346 605 2404 retributionem
635 2346 905 2404 baereditatis
923 2339 960 2418 ⁴).
998 2340 1089 2427 Ergo
1110 2339 1214 2427 gloria
1236 2352 1379 2417 aeterna,
1404 2362 1485 2428 qliae

296 2448 392 2513 nobis
408 2450 541 2514 debetur
551 2452 625 2534 jure
641 2448 871 2523 haereditario,
895 2448 1089 2513 retribuetur
1112 2448 1207 2513 adam
1223 2452 1298 2534 jure
1313 2450 1483 2526 mercedis.

400 2559 521 2645 Augcri
537 2570 642 2623 autem
657 2557 793 2646 gratiam
805 2555 1034 2642 justificantem
1042 2557 1074 2622 in
1086 2557 1185 2642 justis
1200 2579 1259 2643 per
1275 2560 1360 2625 bona
1375 2579 1484 2645 opera,

298 2667 392 2731 docet
406 2666 521 2731 iterum
537 2669 719 2733 Salvator
740 2668 824 2753 ipse,
854 2688 926 2731 cum
948 2666 1005 2731 ait:
1033 2667 1166 2732 Omnem
1181 2672 1404 2752 (palmitem),
1432 2675 1487 2750 aui

295 2780 545 2861 fertfructum,
560 2784 867 2859 paraciiteam,
894 2790 938 2841 at
954 2780 1134 2853 fructum
1154 2786 1248 2858 plue
1269 2781 1433 2856 afferat
1448 2783 1485 2860 5).

296 2886 340 2948 Et
371 2885 460 2949 alibi:
495 2886 592 2950 Omni
622 2892 752 2951 babenti
782 2892 964 2964 dabitur,
997 2897 1034 2949 et
1063 2889 1283 2951 abundabit
1300 2891 1337 2966 θ).
1383 2890 1486 2974 Atque

301 2996 518 3079 Apostolus
542 2995 706 3060 scribens:
744 2999 916 3058 Veritatem
941 3006 1048 3057 autem
1071 2997 1232 3070 facientes
1255 3001 1290 3058 in
1317 3000 1486 3074 charitate,

302 3125 527 3167 crescamus
555 3111 596 3168 in
624 3111 697 3168 itte
723 3126 795 3182 per
823 3108 973 3185 omnia,
1006 3109 1063 3184 qui
1085 3117 1135 3167 eet
1156 3117 1254 3184 caput
1278 3106 1432 3170 Gloriatur
1448 3112 1486 3186 ²).

302 3217 422 3298 Atque:
448 3216 499 3277 De
514 3226 619 3278 cetero
637 3236 714 3293 erqo
722 3262 734 3294 ,
749 3217 894 3295 fratrea,
919 3234 1073 3291 roqamua
1088 3234 1163 3295 cae,
1188 3226 1221 3277 et
1236 3221 1439 3279 obsecramus
1453 3223 1489 3280 in

303 3325 442 3387 Domina
473 3327 572 3398 lecu,
603 3337 640 3388 ut
670 3331 932 3404 quemadmodum
963 3328 1131 3402 accepistis
1147 3344 1166 3385 a
1185 3330 1297 3406 nobie,
1329 3334 1488 3405 quomado

303 3443 522 3511 oporteatne:
537 3440 711 3505 ambulare,
728 3444 762 3496 et
771 3435 902 3512 placere
916 3432 998 3504 Deo,
1015 3437 1062 3493 aia
1077 3445 1110 3495 et
1124 3437 1302 3507 ambuletis,
1318 3447 1355 3498 ut
1369 3441 1489 3499 adan·

303 3548 406 3605 aetia
435 3545 614 3622 mariv).
658 3541 727 3606 Nee
757 3562 822 3606 non
854 3543 888 3605 S.
919 3539 1176 3627 Augustinus:
1210 3544 1340 3625 Restat,
1374 3557 1412 3608 ut
1435 3539 1489 3609 ‘in-

304 3657 503 3734 tcttiqamae,
532 3652 695 3731 &iritum
711 3651 747 3715 S.
765 3655 900 3732 batere,
932 3655 989 3728 aui
1004 3655 1129 3730 diiiqit,
1155 3662 1187 3714 et
1202 3655 1344 3716 babendo
1361 3660 1489 3728 mereri,

304 3773 343 3824 nt
352 3784 374 3839 p
385 3767 448 3825 tue
462 3765 618 3838 babeat,
634 3773 668 3826 et
679 3770 756 3842 ptus
771 3763 915 3824 babendo
930 3767 1007 3840 piae
1022 3765 1137 3839 ditiqat
1154 3761 1188 3838 ο).

293 3915 297 3920 -
410 3871 501 3948 Quod
520 3872 647 3935 tandem
668 3871 779 3936 attinet
799 3871 838 3935 ad
859 3868 1018 3933 felicitatis
1040 3880 1258 3955 augmentum,
1287 3882 1374 3955 patet
1393 3870 1425 3935 id
1448 3890 1490 3937 ex

305 3979 440 4065 reipsa.
486 3979 566 4043 Nam
592 3980 620 4044 si
641 3981 730 4045 Deus
752 3979 878 4044 virtutis
899 3977 1004 4043 studio
1027 3979 1208 4043 mercedem
1228 3989 1279 4042 est
1299 3978 1489 4044 tributurus:

306 4088 378 4174 plus
394 4109 471 4152 sane
490 4088 623 4174 praemii
642 4087 694 4154 ille
716 4101 872 4162 mereim,
896 4086 948 4173 qui
969 4085 1145 4172 impensius
1167 4086 1367 4152 laboraverit.
1401 4089 1491 4166 Quod

307 4209 339 4261 et
366 4196 551 4262 Christus
583 4196 769 4261 Dominus
803 4196 944 4260 enuntiat
972 4194 1081 4260 verbis
1105 4194 1186 4259 illis:
1217 4197 1329 4260 Filiae
1352 4201 1492 4261 bominis
1610 4233 1611 4236 κ

307 4321 465 4370 venturus
480 4320 527 4371 cat
542 4313 579 4369 in
591 4309 701 4386 aleria
716 4310 832 4370 Patria
848 4327 911 4365 -.·
928 4318 961 4370 et
975 4317 1051 4369 tunc
1066 4313 1199 4369 reddet
1211 4311 1423 4386 unicuique
1439 4329 1490 4370 ee·

421 4528 443 4608 ¹)
468 4526 513 4589 cf.
529 4526 611 4588 Sese.
629 4530 657 4591 6.
675 4548 739 4590 can.
756 4531 806 4588 24.
833 4563 874 4572 —
901 4523 928 4613 ²)
946 4526 1054 4592 Matth.
1073 4522 1123 4597 19,
1141 4522 1194 4587 29.
1219 4561 1262 4573 -
1285 4526 1310 4606 8)
1328 4524 1397 4587 Gal.
1414 4521 1444 4600 6,
1461 4520 1491 4589 8.

310 4655 351 4664 -
371 4616 398 4696 ⁴)
416 4614 531 4689 (loli),
549 4615 692 4685 23-24.
724 4654 768 4663 -
802 4617 830 4698 ⁶)
846 4617 937 4679 Joau.
959 4614 1009 4700 15,
1025 4615 1057 4683 2.
1088 4648 1132 4663 —-
1164 4613 1418 4698 ⁶)Luc.19,26.
1449 4651 1491 4664 ·-

314 4711 338 4789 7)
356 4706 517 4790 Ephes.4‚
535 4707 586 4772 15.
619 4747 660 4755 -
696 4709 774 4786 ε)1.
791 4710 900 4776 Thess.
916 4706 949 4792 4,
968 4708 996 4771 1.
1014 4707 1059 4771 cf.
1076 4705 1107 4770 2.
1130 4705 1200 4773 Gor.
1223 4704 1252 4786 l,
1271 4708 1301 4771 l.
1335 4743 1375 4755 -
1410 4707 1436 4790 ⁹)
1453 4710 1494 4775 In

310 4802 402 4865 Joan.
419 4808 456 4862 tr.
475 4803 522 4864 74.
538 4821 568 4865 n.
586 4805 616 4866 2.
640 4800 719 4884 Opp.
736 4801 775 4864 T.
792 4797 823 4866 3.
839 4801 877 4864 P.
894 4797 926 4870 2.
942 4821 968 4863 c.
987 4796 1064 4865 691.
