3775 5625
1506 444 1551 513 69

347 606 437 667 sario
462 607 663 675 aberrarunt3
688 622 779 682 quum
801 604 943 665 doctriua
965 605 1042 665 haec
1069 626 1137 667 cum
1159 607 1300 668 doctriua
1322 610 1357 668 de
1374 610 1436 670 illis
1453 614 1548 672 relius

346 716 504 776 indivulso
520 733 600 773 nexu
618 714 797 778 cohaereat.

456 825 675 903 Pelagiani,
692 825 893 884 Sociniani
915 834 947 883 et
967 826 1203 899 Arminiaui,
1226 828 1336 904 quihus
1360 831 1550 893 Rationa-

346 935 469 995 listae
491 934 728 1010 adstipulantur,
749 934 780 992 in
803 936 1077 1011 protoparentihus
1100 938 1215 995 nullum
1235 936 1345 997 donum
1368 952 1550 1016 supernatu-

347 1046 427 1114 rale,
454 1043 510 1103 sed
531 1052 650 1102 tantum
674 1044 840 1104 facultates
864 1046 1023 1104 naturales
1046 1056 1236 1124 agnoscunt3
1261 1047 1350 1120 unde,
1372 1067 1441 1109 cum
1457 1053 1551 1113 simul

348 1153 612 1222 animadvertant,
636 1152 712 1211 nihil
732 1153 763 1211 in
785 1153 906 1212 homine
927 1173 1008 1215 nunc
1031 1156 1221 1226 desiderari,
1250 1157 1329 1233 quod
1352 1158 1387 1217 ad
1410 1169 1551 1221 naturam

347 1263 511 1323 humanam
533 1262 779 1322 constituendam
803 1263 943 1321 absolute
965 1264 1163 1340 requiratur,
1191 1266 1395 1337 contendunt,
1418 1270 1549 1344 primum

347 1372 503 1432 homiuem
527 1373 618 1429 talem
641 1371 739 1429 luisse
762 1371 927 1442 conditum,
953 1374 1050 1449 qualis
1072 1391 1152 1432 nuuc
1176 1374 1336 1443 nascitur,
1362 1393 1485 1453 nempe,
1512 1397 1551 1438 ex

348 1499 458 1541 eorum
475 1481 638 1560 sententia,
655 1480 722 1538 siue
740 1482 844 1559 gratia
862 1490 893 1539 et
908 1492 1049 1557 peccato,
1072 1492 1163 1560 atque
1184 1484 1270 1541 illum
1287 1501 1405 1560 quoque
1424 1488 1549 1547 moritu·

347 1610 418 1651 rum
445 1591 555 1660 fuisse3
577 1591 700 1649 etiamsi
723 1608 782 1649 non
804 1602 985 1667 peccasset;
1016 1602 1049 1651 ut
1070 1593 1140 1651 inde
1164 1592 1314 1662 inferant,
1340 1595 1455 1653 nullum
1479 1610 1550 1655 esse

346 1708 512 1779 peccatum
528 1697 672 1777 originis,
688 1700 802 1758 nullam
818 1699 943 1776 proprie
961 1700 1073 1760 dictam
1090 1701 1312 1759 redemtionem
1329 1711 1360 1760 et
1377 1704 1549 1778 reparatio·

347 1829 429 1878 uem,
447 1809 621 1884 nullamque
638 1809 760 1887 gratiae
778 1808 898 1868 divinae
916 1806 1180 1887 necessitatem¹).

454 1921 481 1976 lt
500 1918 658 1978 contrario
679 1918 898 1977 Lutherani
920 1929 951 1977 et
974 1919 1208 1988 calviniani,
1230 1919 1412 1995 quibuscum
1433 1920 1551 1980 iaciunt

347 2028 617 2100 Jauseniatae,
644 2028 808 2086 admittunt
836 2028 972 2104 quidem,
998 2027 1152 2087 hominem
1182 2028 1313 2103 primum
1339 2030 1433 2107 longe
1457 2030 1550 2089 alium

349 2139 460 2206 luisse,
479 2154 569 2214 quam
587 2154 653 2205 uos,
679 2138 730 2213 qui
746 2138 783 2196 ah
801 2156 837 2195 co
854 2138 1010 2216 originem
1027 2138 1177 2207 ducimus,
1196 2148 1245 2196 ast
1261 2146 1376 2196 statum
1392 2139 1489 2210 illum,
1513 2141 1544 2198 iu
1564 2198 1572 2210 ,
1607 2199 1610 2203 ,

348 2266 405 2326 quo
428 2255 668 2324 protoparentes
690 2248 850 2307 constituti
872 2256 975 2319 erant,
1002 2247 1100 2305 eidem
1123 2247 1256 2305 debitum
1283 2246 1395 2320 luisse,
1422 2257 1548 2307 conten·

348 2356 432 2426 dunt,
450 2372 487 2415 ac
504 2357 674 2415 naturalem
682 2376 691 2425 ;
715 2357 792 2415 unde
817 2357 925 2415 deinde
951 2357 1112 2435 colligunt,
1135 2374 1226 2432 quum
1249 2374 1304 2431 per
1321 2357 1440 2433 lapsum
1454 2358 1548 2434 primi

347 2465 482 2525 hominis
497 2464 587 2523 homo
604 2465 740 2525 deterior
757 2469 887 2525 effectus
904 2466 956 2534 sit,
966 2465 1126 2524 humanam
1145 2474 1286 2524 naturam
1303 2466 1400 2524 libero
1418 2466 1548 2526 arbitrio

343 2585 438 2653 atque
455 2574 579 2633 ratione
596 2575 693 2652 quoad
710 2575 884 2652 spiritualia
899 2576 1078 2635 destitutam
1095 2594 1177 2646 esse,
1202 2576 1545 2652 concupiscentiamque

343 2703 458 2744 nerum
475 2694 637 2761 peccatum
654 2702 737 2755 ease,
754 2685 873 2760 aliaque
891 2684 1041 2759 ejusmodi
1051 2682 1090 2756 ²).

453 2788 620 2855 Catholica
634 2789 756 2855 veritas
773 2802 890 2865 autem,
913 2811 994 2876 quae
1015 2787 1120 2854 media
1136 2788 1295 2865 consistit,
1313 2791 1419 2865 docet,
1435 2802 1547 2875 proto·

320 2911 502 2986 parentes
522 2910 594 2963 aute
611 2900 736 2984 lapsum
751 2897 868 2984 triplici
885 2900 982 2973 dono,
999 2920 1058 2964 seu
1073 2897 1206 2986 gratie
1222 2898 1386 2973 animae,
1404 2920 1547 2985 corpo·

320 3008 398 3074 ris
416 3021 516 3094 atque
533 3007 612 3073 loci
629 3020 762 3072 ornatos
779 3006 889 3083 luisse,
910 3008 931 3073 i.
950 3029 976 3073 e.
994 3009 1098 3095 quoad
1121 3007 1260 3073 animam
1284 3006 1385 3072 fuisse
1407 3008 1549 3075 munitos

320 3117 521 3182 sanctitate
537 3129 570 3181 et
581 3117 709 3201 justitia
725 3117 884 3205 originali,
896 3138 955 3183 scu
982 3118 1088 3206 gratie
1104 3116 1336 3192 sancdlicante,
1353 3138 1426 3181 eum
1443 3117 1546 3183 scicn-

455 3319 479 3398 ¹)
496 3317 542 3380 cf.
558 3318 757 3399 Angustia.
777 3323 826 3380 De
845 3326 957 3398 peccat.
980 3320 1056 3397 arip
1080 3340 1104 3379 c.
1124 3323 1173 3380 13.
1199 3340 1229 3380 o.
1254 3322 1303 3380 14.
1329 3317 1409 3398 Opp.
1432 3320 1471 3380 T.
1491 3317 1543 3382 10.

320 3430 375 3470 2.
389 3406 455 3472 258
473 3431 498 3473 s.
515 3412 562 3469 De
577 3412 692 3470 haeres.
706 3431 731 3470 o.
742 3414 793 3472 88.
811 3412 850 3472 Τ.
862 3408 892 3474 8.
909 3431 935 3473 o.
948 3408 1002 3473 26.
1019 3412 1144 3472 Tenet.
1156 3409 1279 3470 Sociu.
1296 3411 1443 3470 Praelcct.
1461 3412 1545 3472 theol.

320 3519 371 3560 τ.
390 3503 418 3560 3.
436 3497 519 3580 Opp.
541 3500 665 3562 Tratr.
681 3502 809 3565 Polou.
826 3503 865 3562 T.
886 3501 914 3564 1.
931 3523 961 3581 p.
978 3498 1054 3565 539.
1087 3499 1283 3571 Smalcius,
1299 3502 1347 3559 De
1362 3518 1422 3559 cer.
1440 3507 1468 3559 et
1481 3507 1544 3563 reat.

320 3589 495 3666 Deifitio.
517 3610 548 3669 p.
567 3586 620 3651 60.
646 3590 739 3653 Phil.
762 3614 780 3653 ε
802 3592 1009 3656 Limborch.
1034 3593 1132 3652 Theoi.
1157 3592 1229 3652 Otr.
1253 3592 1271 3650 l.
1290 3593 1318 3654 2.
1340 3611 1365 3650 c.
1388 3593 1438 3651 24.
1460 3611 1491 3651 rt.
1516 3592 1545 3652 5.

320 3675 394 3740 21
410 3681 538 3751 Wieat,
556 3683 634 3743 Inet.
652 3684 738 3742 theol.
756 3683 870 3743 Eichet.
890 3679 987 3745 1789.
1004 3683 1043 3744 Τ.
1060 3678 1090 3742 5.
1108 3703 1137 3762 p.
1156 3678 1175 3743 6
1194 3703 1270 3746 s.——
1285 3679 1310 3761 ²)
1329 3678 1374 3741 Of.
1391 3681 1543 3742 Luthcr.

320 3765 511 3832 >anement
528 3775 605 3835 odc.
617 3775 646 3834 3.
666 3773 773 3835 Genea.
791 3775 840 3856 qui
856 3775 913 3837 eit:
933 3773 1118 3850 Oripirtolem
1128 3773 1287 3852 justitiam
1303 3791 1366 3832 εεεε
1383 3775 1547 3833 denatura

320 3862 495 3925 reminis.-
516 3883 552 3922 eo
575 3871 673 3924 autem
696 3865 812 3925 amissa
832 3885 888 3943 per
906 3871 1063 3942 peccatam
1081 3883 1143 3923 noo
1162 3863 1314 3924 manticae
1329 3862 1490 3942 inteyram,
1513 3871 1548 3923 at

320 3942 531 4014 Jetolaertrt
553 3953 694 4020 delirant.
720 3957 761 4016 Et
780 3957 873 4035 paulo
897 3965 981 4016 ente:
1006 3955 1107 4026 Quare
1123 3962 1300 4028 statuamus,
1313 3953 1471 4032 justitiam
1485 3973 1547 4013 ooo

320 4033 444 4104 ‘uuae
461 4047 614 4120 quoddam
630 4049 750 4120 donam,
773 4050 855 4122 qood
877 4049 914 4106 ab
931 4054 1018 4108 extra
1034 4048 1192 4120 accederet,
1208 4051 1383 4125 separatum
1398 4066 1417 4104 a
1433 4051 1545 4105 reaturo

320 4134 489 4206 toaleis,
506 4138 559 4195 aad
568 4136 673 4214 falsae
689 4156 755 4195 vere
770 4140 918 4208 namrole,
934 4145 969 4197 ut
983 4145 1094 4197 natura
1105 4138 1191 4196 Adae
1206 4143 1282 4196 coeat
1297 4135 1422 4211 dilipere
1433 4138 1544 4206 Deum,
1628 4177 1630 4182 ·

320 4227 465 4286 wetere
480 4229 557 4298 Deo,
579 4247 740 4303 apooocere
755 4231 870 4302 Deom;
897 4231 970 4288 haec
995 4236 1056 4289 tam
1080 4227 1238 4287 naturalia
1251 4228 1343 4305 foere
1366 4224 1401 4284 iro
1416 4226 1543 4297 Adamo,

320 4321 437 4378 heom
461 4320 601 4377 naturale
620 4325 672 4391 est,
695 4321 776 4394 qood
799 4319 879 4379 aeoli
904 4323 1002 4379 lumen
1022 4317 1182 4397 recipiunt.
1201 4353 1243 4362 —
1266 4315 1410 4377 Calvia.
1438 4315 1543 4380 Instil.

320 4393 346 4453 Γ·
393 4408 416 4464 1.
431 4428 455 4468 c.
474 4409 524 4468 15.
540 4428 571 4468 n.
589 4411 617 4469 8.
642 4409 691 4490 qui
714 4409 812 4484 docet,
833 4430 893 4470 non
913 4411 958 4469 ita
983 4410 1152 4470 naturalem
1172 4427 1235 4467 esee
1257 4406 1374 4467 homini
1386 4406 1545 4485 justitiam

320 4493 537 4568 'ruinalem
555 4518 646 4573 quam
661 4501 801 4559 naturale
818 4509 862 4560 eet
877 4503 973 4574 oculo,
990 4507 1024 4560 ot
1038 4502 1136 4559 lumea
1150 4497 1318 4576 percipiai;
1342 4496 1485 4573 donapari
1500 4503 1543 4556 ta·

320 4595 417 4642 'neit
433 4609 493 4649 oon
514 4594 613 4665 pateat
634 4589 700 4650 eine
722 4590 884 4669 injustitia,
911 4592 1101 4666 aliarumque
1121 4589 1381 4668 imperfectionem
1401 4594 1482 4648 acta.
1501 4623 1543 4632 —

320 4664 428 4765 Sene
446 4681 496 4741 21.
514 4681 564 4744 26.
580 4688 611 4740 et
628 4683 676 4744 78.
695 4702 714 4741 a
728 4681 845 4745 PioV.
862 4683 892 4742 iu
903 4682 1007 4742 Bulla:
1024 4684 1077 4741 Eoo
1093 4679 1240 4751 omnibus,
1258 4689 1289 4740 et
1306 4678 1458 4759 Gregor.
1470 4677 1541 4738 XV.

320 4776 363 4816 [Β
396 4759 520 4830 constit.
536 4771 731 4831 Prooiaionia
746 4780 878 4842 nostrae,
896 4773 994 4837 damn.
1012 4772 1094 4834 Oonf
1115 4773 1240 4851 insuper
1255 4770 1395 4831 Urban.
1406 4769 1495 4830 VIII.
1507 4768 1542 4826 B.

320 4847 378 4907 [n
399 4860 555 4932 eminenti,
572 4870 603 4922 et
620 4861 798 4928 Olemeut.
815 4863 873 4925 XI.
892 4862 1021 4928 Oouetit.
1043 4820 1232 4939 Unlpeor'toe.
