3775 5625
393 440 437 506 36

393 629 454 669 nau
472 610 525 668 ubi
541 610 631 668 dicit:
655 607 734 669 Non
756 618 869 685 reynel
890 620 1058 686 peccatum
1089 613 1128 670 in·
1149 620 1256 671 cestro
1279 616 1409 673 mortali
1435 625 1588 693 corpore,

391 729 430 781 ut
445 722 600 780 obediatis
617 722 985 798 concupiscentiisque,
1003 722 1023 780 i.
1041 740 1068 781 e.
1085 721 1186 799 agite,
1203 732 1237 780 ut
1253 732 1429 797 peceatum,
1447 726 1591 801 quamvis

392 831 467 889 illud
484 830 613 889 durante
631 830 690 890 hac
706 831 770 889 vita
787 832 962 907 exstirpare
979 850 1038 890 non
1056 832 1198 908 possitis,
1219 850 1279 890 ‘non
1298 833 1471 892 dominetur
1487 835 1589 904 vobis,

391 938 470 1016 quod
486 940 538 1014 fit,
555 940 673 1016 quaudo
690 942 749 998 non
768 939 898 998 obeditis
915 941 1035 1016 pravis,
1055 959 1130 1017 quos
1146 941 1177 998 in
1193 941 1282 999 vobis
1300 942 1425 1017 excitat,
1442 944 1591 1006 motibus.

391 1048 493 1122 Simili
509 1050 629 1108 ratione
646 1050 848 1128 intelligenda
865 1060 937 1109 sunt
953 1052 1050 1109 verba
1069 1051 1104 1110 S.
1121 1052 1243 1122 Petri,
1278 1050 1387 1128 quibus
1408 1050 1466 1112 nos
1484 1053 1590 1111 admo·

389 1168 456 1231 net,
475 1161 636 1219 obstinere
651 1179 671 1218 u
688 1159 888 1238 carnotibus,
906 1160 927 1221 i.
945 1178 972 1217 e.
990 1169 1096 1235 aperte
1114 1178 1172 1218 non
1190 1169 1306 1218 tantum
1324 1180 1341 1219 a
1359 1162 1591 1237 corporalibus,

389 1270 443 1327 scd
461 1270 582 1328 omnino
606 1271 643 1328 ab
665 1270 805 1327 omnibus
827 1270 949 1346 pravis,
971 1272 1151 1339 desideriis,
1169 1288 1251 1346 quoe
1266 1273 1410 1331 militant
1429 1278 1592 1332 aduersus

388 1381 541 1456 arsimone,
560 1380 580 1437 i.
599 1397 626 1440 e.
644 1378 795 1438 adversus
816 1379 977 1436 meliorem
999 1379 1066 1452 ejus
1088 1379 1337 1455 persuasionem,
1361 1398 1422 1440 nec·
1440 1399 1500 1440 uon
1519 1380 1590 1455 ejus

388 1489 531 1548 salutem.

423 1601 425 1606 ’
497 1593 528 1656 6.
554 1598 792 1666 Verumtamen,
817 1598 919 1671 ajunt,
947 1598 1160 1673 Symbolum
1184 1600 1482 1659 athanasianum
1514 1618 1590 1659 ver·

386 1707 451 1766 bis:
482 1706 570 1768 Nam
593 1709 680 1766 sicut
700 1710 808 1767 animo
824 1708 1000 1767 rationalis
1015 1716 1048 1768 ct
1062 1726 1139 1767 caro
1163 1726 1250 1769 unas
1272 1718 1322 1769 est
1344 1710 1458 1770 bomo:
1484 1712 1534 1770 ito
1560 1720 1594 1772 et

385 1817 476 1876 Deus
496 1826 529 1877 et
547 1817 752 1877 bomo'unus
771 1826 821 1877 est
844 1814 1011 1896 Olet-istus,
1045 1818 1161 1876 diserte
1184 1820 1337 1892 declarat,
1361 1819 1489 1878 candem
1514 1838 1589 1878 esse

384 1927 567 1985 relationem
589 1928 619 1985 in
642 1927 763 1985 homine
784 1928 917 1985 animam
942 1928 1124 1986 rationalem
1147 1929 1229 1986 inter
1246 1937 1277 1987 et
1294 1948 1423 2005 eorpus,
1441 1947 1521 2005 quae
1540 1938 1592 1989 est

385 2035 467 2095 inter
484 2038 585 2094 Deum
607 2036 747 2094 Verbum
764 2045 795 2094 et
811 2036 965 2094 hominem
988 2036 1019 2094 in
1043 2036 1184 2107 Christo,
1201 2038 1223 2099 i.
1241 2057 1267 2096 e.
1287 2056 1400 2113 corpus
1424 2056 1496 2096 esse
1515 2056 1589 2115 per-

385 2146 517 2216 lectum,
536 2155 568 2203 et
584 2145 715 2204 animam
733 2146 917 2204 rationalem
933 2146 1121 2222 perlectam,
1139 2156 1170 2205 et
1186 2146 1264 2207 hanc
1282 2165 1350 2207 eum
1366 2147 1419 2205 illo
1436 2147 1589 2223 hyposta-

384 2255 446 2315 tice
479 2255 684 2328 conjunctam.
706 2257 811 2313 -At
842 2256 1021 2330 Symbolum
1052 2256 1126 2314 illud
1158 2256 1264 2314 verbis
1296 2256 1429 2315 laudatis
1462 2266 1589 2317 tanturn

384 2365 544 2424 enuntiare
566 2366 653 2435 vult,
667 2383 775 2424 unum
798 2383 870 2424 esse
892 2373 1010 2449 tautum
1035 2364 1209 2436 Christum,
1231 2365 1369 2441 quamvis
1387 2365 1429 2424 sit
1445 2368 1538 2425 Deus
1558 2378 1590 2426 et

382 2474 488 2547 homo,
511 2476 592 2535 sicut
616 2484 665 2534 est
685 2494 777 2534 unus
799 2484 917 2534 tantum
933 2475 1039 2544 homo,
1062 2476 1201 2551 quamvis
1217 2484 1341 2535 constet
1357 2494 1395 2534 ex
1413 2476 1518 2535 anima
1535 2497 1589 2537 ra·

382 2585 489 2644 tienali
510 2595 542 2643 ct
562 2590 709 2662 corpore,
731 2586 832 2662 nilque
854 2586 955 2643 minus
977 2594 1008 2643 et
1030 2585 1071 2642 nil
1092 2586 1176 2661 plus,
1209 2604 1278 2644 nam
1295 2585 1397 2644 unitas
1415 2586 1588 2647 manifeste

382 2696 450 2753 sola
466 2703 515 2753 est
530 2695 611 2753 ratio
633 2695 883 2775 comparationis,
901 2694 1082 2770 ultraquam
1099 2694 1201 2770 itaque
1225 2714 1263 2752 ex
1289 2694 1373 2753 sanis
1395 2694 1587 2754 hermeneu-

382 2804 463 2866 tieae
480 2805 601 2884 regulis
613 2804 786 2864 'similitudo
804 2804 996 2863 extendenda
1012 2804 1244 2881 haudquaquam
1263 2813 1321 2863 est.

389 2940 391 2965 :
472 2911 521 2974 ’7.
540 2914 677 2974 Tandem
695 2916 852 2995 dicunt1),
868 2915 967 2990 ipsum
985 2915 1094 2976 Cone.
1111 2914 1328 2972 Viennenre
1346 2915 1473 2986 docere,
1491 2915 1587 2973 chri-

381 3034 462 3083 stum
479 3042 594 3101 corpus
607 3027 776 3102 possibile,
796 3025 932 3100 adeoque
957 3025 1135 3103 animatum,
1161 3033 1192 3082 et
1208 3024 1338 3083 animam
1354 3024 1587 3084 intellectivam

299 3214 301 3218 μ
381 3152 438 3192 ssu
454 3134 641 3192 rationalem
658 3134 857 3205 conualuisse,
869 3143 966 3209 atque
985 3133 1261 3192 Catachismum
1278 3136 1390 3205 Rom„
1410 3130 1589 3194 Christum

380 3245 514 3302 sumatis
529 3252 595 3303 tum
611 3245 712 3302 animi
729 3252 796 3303 tum
811 3245 962 3317 corporis
977 3245 1148 3301 doloribus
1163 3241 1315 3316 effectum
1325 3246 1446 3314 csse²).
1460 3275 1506 3286 -
1519 3244 1588 3302 Sed

381 3354 489 3412 Cone.
507 3353 727 3410 Viennense
745 3361 862 3427 tanturn
879 3352 969 3421 dicit,
987 3351 1144 3410 Christum
1163 3371 1276 3427 corpus
1292 3351 1485 3431 suscepisse,
1503 3353 1588 3429 quad

380 3472 450 3536 erat
465 3461 621 3540 passionis
635 3474 743 3536 capax,
755 3461 825 3536 quia
842 3461 944 3518 anima
959 3453 1103 3518 rationali
1119 3460 1320 3530 vivificatum,
1334 3459 1459 3518 minime
1478 3471 1589 3521 autem

380 3571 447 3629 sine
481 3571 582 3629 anima
623 3569 769 3627 rationali
805 3588 985 3646 passurum,
1023 3579 1055 3627 et
1090 3569 1234 3628 similiter
1267 3578 1374 3645 aperte
1405 3568 1590 3630 catechi-

380 3669 481 3745 smus
502 3682 601 3741 Rom.
623 3679 660 3735 de
682 3696 812 3754 corpore
836 3698 906 3738 cum
924 3680 1024 3737 anima
1041 3679 1204 3752 conjuncto
1221 3679 1373 3756 loquitur,
1399 3688 1493 3756 atque
1514 3699 1590 3740 eor-

378 3806 437 3865 pus
453 3797 485 3847 et
500 3789 633 3849 animum
651 3788 869 3865 distinguendo
888 3798 950 3847 tam
967 3807 1074 3864 parum
1091 3796 1233 3870 separat,
1250 3806 1343 3865 quam
1360 3806 1417 3846 nos
1435 3789 1591 3864 spiritum

379 3906 412 3956 et
427 3906 561 3957 mentem
578 3897 857 3958 commemorando.
946 3939 949 3943 -

657 4117 692 4210 ἓ.
717 4121 755 4190 b.
779 4119 975 4191 Animae
1000 4119 1294 4208 simplicitas.

390 4390 395 4401 ,
485 4327 600 4397 Anima
615 4327 799 4414 intelligens
816 4338 937 4402 autem,
960 4347 1002 4391 ex
1022 4347 1084 4411 qua
1100 4339 1132 4391 et
1150 4347 1290 4412 corpore
1307 4326 1518 4412 compositus
1537 4343 1593 4396 est

377 4437 489 4512 homo,
506 4457 572 4501 non
588 4448 710 4501 tantum
726 4456 745 4500 a
762 4457 900 4520 corpore
918 4447 971 4500 est
986 4434 1153 4512 distincta,
1178 4437 1236 4500 sed
1252 4448 1284 4501 et
1300 4433 1372 4521 ipsis
1389 4457 1452 4501 sua
1467 4438 1594 4505 natur-i

377 4543 574 4612 coessendi
590 4545 727 4611 diversa.
748 4544 925 4629 Reponitur
941 4565 1021 4609 vero
1038 4544 1210 4610 discrimen
1227 4544 1312 4610 inter
1322 4543 1473 4612 >animam
1489 4561 1594 4637 atque

375 4702 654 4716 ..ι-...-

489 4784 515 4866 1)
533 4783 701 4867 gufrigss
717 4785 738 4848 l,
756 4805 781 4846 e.
797 4805 828 4865 p,
838 4781 912 4846 161.
932 4819 972 4829 -
991 4787 1019 4862 ²)
1037 4786 1112 4846 P.1.
1131 4788 1167 4844 de
1183 4791 1282 4861 quart.
1299 4785 1401 4863 Symb.
1420 4793 1484 4850 art.
1494 4809 1530 4850 n.
1540 4793 1594 4852 13.

374 4877 465 4942 Rom.
484 4873 582 4942 1796.
598 4898 629 4958 p.
646 4873 700 4940 54.
