3775 5625
345 588 453 654 Beue
484 585 765 673 tmpoertltlta
785 585 919 666 Jutet,
947 588 1009 648 red
1026 582 1176 664 sedendo
1202 589 1328 661 monet,
1355 581 1529 663 etfacere,

346 703 436 783 quod
445 707 569 780 poeste,
588 707 621 762 et
630 706 756 780 petere,
771 699 860 779 quod
872 717 937 760 non
949 702 1062 777 pareto
1074 696 1108 773 ¹).
1136 696 1238 778 Atque

440 810 477 873 0.
495 806 713 874 Concilium
727 805 1012 871 Arausicanum
1028 802 1184 867 declarat:
1208 801 1282 863 Hoc
1298 807 1396 863 ettam
1411 821 1532 863 recun-

346 922 424 981 dum
442 921 539 999 fldem
562 917 768 981 Gattotr‘cum
793 920 973 993 credimur,
996 916 1086 997 quod
1104 918 1237 991 accepta
1250 931 1311 991 per
1326 910 1533 991 Baptr'emum

344 1034 455 1105 qratia
472 1048 584 1089 omnes
600 1029 770 1108 baptizati,
792 1027 924 1088 Otrteto
947 1024 1133 1086 auxitiante
1157 1028 1190 1082 et
1208 1027 1416 1100 cooperante,
1434 1039 1534 1101 quoe

347 1138 586 1199 adsalutem
603 1128 996 1216 animaeperttnent,
1016 1136 1280 1212 etpoorlntet
1300 1131 1485 1209 debeant,
1503 1133 1534 1190 rt

343 1248 485 1326 fideliter
501 1247 659 1307 laborare
674 1247 848 1323 volerertut,
868 1244 1131 1323 attrnpteree).

454 1357 495 1417 Ι).
514 1354 656 1417 Tandem
672 1352 702 1416 si
716 1363 892 1435 praecepta
901 1348 1006 1414 divina
1021 1357 1133 1412 essent
1147 1344 1371 1430 impossibilia:
1389 1365 1483 1408 nemo
1495 1345 1535 1411 ad

343 1483 384 1527 ea
403 1461 604 1526 observanda
624 1460 831 1547 obligaretur,
846 1480 886 1525 ac
900 1479 960 1543 per
975 1459 1039 1522 hoc
1053 1467 1226 1546 praecepta
1243 1474 1317 1519 esse
1334 1454 1533 1526 desinerentr
1557 1515 1560 1521 t

346 1591 449 1657 neque
470 1569 550 1657 fingi
568 1582 689 1655 potest,
705 1569 866 1655 quomodo
883 1566 995 1652 aliquis
1010 1577 1123 1650 peccet
1137 1563 1170 1628 in
1187 1584 1242 1638 co,
1263 1564 1347 1649 qnod
1361 1562 1464 1628 vitare
1479 1581 1533 1628 ne·
1607 1563 1613 1593 ¹

346 1679 422 1765 qnit.
460 1681 563 1743 Porro
585 1679 614 1743 ui
635 1680 689 1743 lex
708 1677 815 1742 divina
834 1688 924 1742 esset
949 1672 1173 1759 impossibilis:
1205 1684 1408 1758 seqareretur,
1431 1672 1540 1738 nonn-

346 1788 435 1852 omni
450 1800 586 1871 tyranno
603 1808 677 1853 esse
692 1787 908 1852 *crudeliorem
924 1806 964 1849 ac
979 1782 1168 1857 stultiorem,
1184 1782 1299 1868 quippo
1316 1781 1370 1869 qul
1383 1782 1535 1871 tributum

345 1897 511 1984 exigeret,
543 1898 628 1981 qnod
658 1916 752 1961 nemo
775 1897 902 1961 solvere
919 1905 1046 1980 posset,
1059 1904 1095 1959 et
1111 1894 1201 1979 leges
1218 1891 1331 1974 ferret,
1348 1911 1429 1976 quaa
1444 1912 1463 1956 a
1478 1911 1533 1957 ne'·

347 2006 433 2070 mine
450 2005 617 2070 observari
633 2026 732 2091 posue
748 2004 856 2070 sciret.

527 2277 530 2284 ·
615 2264 641 2345 t.
661 2259 756 2330 126.
772 2262 957 2331 llantur
973 2275 1119 2349 opera
1137 2262 1270 2333 bona.

458 2434 623 2501 Sententia
637 2436 717 2500 haec
725 2435 913 2501 necessario
929 2457 971 2501 ex
981 2437 1186 2520 praecedenti
1197 2435 1414 2523 consequiurr,
1430 2455 1535 2522 quum

348 2545 379 2610 si
396 2564 495 2629 opera
510 2547 596 2610 bona
611 2565 676 2608 non
692 2546 852 2619 darentur,
868 2545 1035 2631 possibilia
1051 2568 1125 2612 esse
1141 2568 1205 2611 non
1216 2558 1360 2632 possent,
1372 2558 1465 2633 atque
1480 2565 1534 2630 pa·

349 2652 445 2729 riter,
477 2653 522 2718 uti
543 2654 610 2729 illa,
631 2675 651 2718 a
675 2652 855 2720 Concilio
877 2654 1114 2721 Tridentino
1132 2668 1244 2722 contm
1263 2673 1409 2721 errorem
1424 2657 1534 2720 Prote·

322 2775 327 2781 “
348 2762 499 2829 stantium
516 2764 809 2853 tamquam'dogma
825 2762 1024 2830 Catholicum
1039 2765 1201 2831 enuntiata
1216 2778 1274 2832 est
1300 2765 1394 2844 Quod
1409 2762 1533 2831 statuit:

349 2874 391 2937 St·
406 2881 497 2958 quie,
520 2881 560 2936 tn
581 2877 762 2958 quotibet
783 2876 881 2937 bono
900 2896 1017 2957 opere
1029 2881 1189 2954 jocatum
1204 2879 1347 2939 saltem
1362 2875 1534 2939 ventali-

349 2992 410 3046 ter
426 3005 595 3079 peccare
609 2988 751 3061 dixeri&
773 2996 832 3046 eut
852 2991 939 3064 quod
953 2987 1194 3049 intolerabilior
1208 2998 1274 3067 eat,
1291 2989 1534 3064 mortaliter,

349 3100 447 3175 atque
480 3095 552 3155 ideo
575 3112 701 3164 poenae
739 3099 894 3154 aeternae
930 3100 1069 3168 merere·
1101 3101 1290 3177 tantumque
1320 3097 1360 3156 ob
1398 3097 1435 3156 td
1469 3115 1537 3157 mn

349 3204 520 3280 detonari,
554 3207 632 3283 quir
657 3202 750 3262 Deus
775 3222 814 3262 ea
839 3221 942 3281 opera
964 3223 1031 3264 non
1053 3208 1193 3284 imputat
1213 3207 1259 3265 ad
1277 3204 1536 3265 damnationem:

350 3333 381 3373 a.
397 3332 424 3372 e.
435 3310 471 3388 ³).
495 3309 567 3374 Non
585 3330 665 3397 ergo
684 3307 790 3373 omnia
811 3307 906 3374 etiam
921 3311 1086 3394 justorum
1102 3332 1202 3396 opera
1217 3323 1351 3395 peccata
1366 3322 1455 3386 sunt,
1478 3310 1536 3374 sod

350 3439 431 3504 quae
462 3419 500 3482 ab
531 3417 612 3503 ipsis
634 3438 734 3503 opera
753 3416 834 3483 liunt
852 3419 918 3507 legi
940 3419 1131 3495 conformia,
1153 3441 1230 3486 vere
1252 3441 1291 3485 ac
1304 3419 1436 3506 proprie
1446 3421 1536 3508 juata

350 3539 434 3594 sunt.
459 3529 547 3606 erae

455 3658 495 3719 A.
511 3653 633 3720 diserta
653 3667 703 3720 est
725 3658 784 3720 SS.
807 3654 1049 3720 Litterarum
1069 3655 1225 3721 doctrina.
1265 3658 1389 3720 Judtca
1408 3678 1475 3738 me,
1494 3651 1538 3721 ait

351 3764 573 3840 Psalmista,
606 3767 762 3846 Domine,
780 3764 959 3829 secundum
980 3771 1192 3845 justitiam
1208 3790 1344 3848 meam,
1368 3776 1401 3830 et
1413 3788 1537 3830 recurr-

352 3876 428 3936 dum
443 3880 715 3937 innocentiam
731 3897 853 3937 meam
870 3870 975 3957 super
987 3898 1037 3939 me
1045 3872 1083 3954 ⁴)ss
1107 3874 1150 3939 Et
1165 3896 1298 3941 rursus:
1315 3870 1365 3940 ll‘t
1378 3877 1540 3961 retribuet

351 3988 428 4045 ment
444 3984 607 4047 Dominus
622 3985 1018 4062 recundumjuetr'ttom
1032 4007 1168 4065 meam,
1186 3994 1220 4048 et
1232 3989 1412 4050 secundum
1423 3991 1537 4068 purt-

352 4098 472 4155 tatem
490 4113 646 4157 manuum
661 4112 811 4156 mearum
824 4097 985 4158 retribuet
1002 4101 1088 4158 milri.
1122 4095 1211 4170 erta
1229 4093 1432 4159 custodiet
1451 4103 1538 4159 otae

352 4204 525 4281 Domini,
543 4223 614 4265 nec
627 4207 742 4284 tmpte
754 4196 901 4303 yeeetl'a
916 4205 995 4266 Deo
1013 4204 1138 4284 Μ’).
1177 4203 1212 4267 In
1229 4224 1294 4290 qno
1309 4216 1445 4290 utroque
1462 4204 1537 4270 loeo

351 4311 451 4375 Vates
466 4309 579 4398 regius
595 4310 741 4376 actiones
757 4331 850 4387 suaa,
870 4310 984 4398 quibus
1001 4310 1171 4379 custodivit
1192 4313 1260 4378 vias
1276 4311 1465 4395 Domini,et
1479 4311 1536 4378 im·

353 4417 403 4503 ple
421 4438 484 4484 non
501 4419 569 4508 egit
583 4419 616 4484 in
633 4419 749 4494 Deum,
760 4417 918 4505 justitiam
938 4420 1007 4486 aive
1023 4420 1238 4487 innocentiam
1254 4443 1292 4487 ac
1302 4406 1471 4507 puritatem
1484 4423 1541 4487 ad·'
1581 4453 1583 4460 ¹

462 4669 486 4761 ¹)
503 4677 553 4737 De
567 4681 629 4739 out.
646 4679 764 4752 etprat.
781 4695 805 4735 r.
821 4674 872 4738 43.
888 4695 919 4741 rr.
934 4676 985 4738 50.
1025 4674 1104 4759 opp.
1122 4676 1159 4742 Τ.
1179 4677 1229 4742 10.
1247 4700 1271 4741 e.
1290 4677 1364 4743 148.
1381 4679 1426 4740 Of.
1445 4700 1470 4739 c.
1487 4678 1537 4740 69:

353 4768 451 4832 rr.83.
482 4788 510 4828 o.
535 4764 598 4830 163
625 4788 648 4829 a.
675 4776 706 4828 et
721 4766 759 4829 nl.
776 4785 800 4826 s.
831 4799 877 4814 -
910 4762 935 4852 ²)
953 4768 989 4831 0.·
1003 4771 1053 4832 25.
1078 4770 1214 4843 Manui,
1247 4765 1537 4834 cotteanum.

354 4881 379 4921 c.
398 4855 472 4920 tlt.
491 4863 579 4936 -⁸)
610 4856 692 4920 Sera·
708 4860 737 4918 6.
753 4862 820 4920 eutr.
836 4856 1074 4942 ddis‘lPa.
1093 4857 1122 4939 7,
1138 4857 1274 4942 9.-⁶)
1306 4860 1358 4926 Ps.
1383 4858 1435 4939 lt,
1451 4856 1493 4926 21
1511 4881 1536 4928 e.

354 4948 401 5015 Of.
420 4946 472 5024 16,
487 4945 541 5015 21.
557 4945 612 5037 25,
629 4946 658 5014 1.
678 4945 754 5025 118,
771 4943 853 5014 121.ι
1513 5005 1517 5011 .
