3775 5625
1474 422 1536 489 461

460 586 515 652 Sic
535 587 654 652 veritas
677 586 855 660 Catholica‚
877 586 1083 650 humilitatem
1099 585 1131 649 in
1146 586 1240 650 nobis
1256 587 1384 662 fovens,
1401 600 1432 651 et
1448 586 1541 652 simul

346 717 410 760 nos
434 699 608 782 desperare
624 718 688 759 non
706 695 832 770 sinens,
852 716 945 782 mam
962 694 1099 759 maxime
1116 694 1253 759 studium
1270 695 1394 760 virtutis
1411 717 1539 781 promo·

346 818 418 880 vet,
440 807 514 869 dtrm
537 804 684 870 doctrina
706 804 955 870 Protestantium
976 825 994 867 e
1018 804 1180 869 contrario
1203 826 1260 890 per
1284 804 1466 891 superbiam
1488 819 1542 871 aut

347 915 623 999 desperationem,
641 935 733 1000 quam
750 914 938 980 necessario
955 913 1075 1001 gignit,
1092 914 1166 978 illud
1182 914 1297 979 evertit
1312 936 1350 980 ac
1366 916 1510 980 destruit.

656 1447 714 1521 De
740 1442 862 1521 indole
877 1450 1027 1545 praticae
1056 1446 1225 1523 actualis.

863 1632 1026 1647 -

563 1728 599 1818 ξ.
625 1728 720 1799 103.
744 1728 880 1799 Notio
904 1728 1084 1815 gratiae
1108 1728 1322 1798 actualis.

457 1905 596 1989 Spiritus
614 1909 647 1971 S.
665 1920 769 1970 autem
786 1928 850 1970 non
867 1918 989 1969 tantum
1011 1919 1144 1990 propter
1160 1905 1274 1970 merita
1290 1904 1467 1970 Salvatoris
1484 1927 1539 1969 no·

348 2010 401 2077 bis
423 2015 564 2078 calorem
585 2015 708 2101 gratiae
732 2013 899 2079 habitualis
920 2013 1071 2089 infundit,
1093 2015 1150 2078 sed
1173 2026 1205 2077 et
1220 2035 1277 2098 per
1293 2014 1450 2079 flammam
1465 2036 1539 2103 gra·

349 2122 413 2186 tiae
437 2122 569 2187 actualis
586 2146 646 2187 nos
663 2123 784 2189 excitat
803 2136 837 2187 et
853 2125 996 2208 adjuvat,
1019 2135 1054 2187 ut
1068 2124 1107 2187 ad
1123 2122 1206 2186 illam
1224 2122 1461 2207 adipiscendam
1478 2124 1540 2187 dis·

345 2251 518 2316 ponamur,
541 2232 625 2296 etin
647 2254 684 2296 ea
705 2253 950 2317 perseveremus
976 2253 1014 2296 ac
1036 2252 1231 2295 crescamus.
1255 2229 1338 2295 Hinc
1358 2231 1432 2295 licet
1455 2246 1539 2297 utra·

345 2360 407 2425 que
424 2361 443 2404 a
459 2362 494 2405 se
511 2340 647 2405 invicem
664 2340 803 2406 differat:
820 2340 949 2405 minime
967 2353 1072 2405 tamen
1087 2340 1160 2404 ideo
1177 2340 1282 2427 gratia
1298 2341 1430 2405 actualis
1447 2363 1538 2426 pror·

345 2470 402 2513 sus
427 2448 542 2534 aliquid
565 2450 648 2514 aliud
664 2473 682 2515 a
698 2451 803 2538 gratia
823 2451 972 2516 habituali
994 2464 1059 2523 est3
1081 2452 1138 2514 sed
1160 2450 1281 2534 potius,
1304 2452 1388 2536 quod
1399 2453 1467 2536 jam
1483 2473 1538 2514 no·

344 2558 430 2622 mine
452 2558 624 2634 indicatur,
641 2582 677 2625 se
694 2562 734 2624 ad
750 2561 832 2625 hano
848 2573 882 2624 ut
898 2573 989 2625 actus
1005 2562 1042 2625 ad
1060 2560 1217 2635 habitum,
1240 2580 1282 2625 ex
1297 2560 1350 2624 illo
1368 2573 1491 2635 ortum,
1509 2574 1541 2624 et

344 2667 431 2731 illurn
452 2690 566 2732 rursus
587 2670 850 2757 progignentem‚
866 2671 975 2743 habet3
1008 2683 1040 2733 et
1064 2670 1138 2733 dum
1161 2670 1267 2756 gratia
1288 2669 1456 2735 habitualis
1478 2691 1539 2733 nos

344 2776 468 2842 habiles
485 2798 522 2842 ac
539 2791 670 2862 paratos
687 2781 727 2844 ad
743 2778 925 2845 salutariter
947 2779 1159 2864 operandum,
1181 2779 1375 2844 credendum
1393 2790 1426 2842 et
1442 2799 1541 2864 opera

345 2887 432 2950 bona
451 2890 652 2975 peragenda,
675 2889 795 2965 reddit,
819 2890 924 2976 gratia
946 2888 1094 2962 actualis,
1115 2901 1149 2951 ut
1169 2909 1284 2953 revera
1307 2889 1491 2963 credamus,
1509 2901 1541 2951 et

344 2998 430 3061 bona
447 3018 546 3081 opera
562 2997 732 3072 faciamus,
749 2997 863 3071 efficit3
889 3010 982 3083 atque
998 2997 1071 3061 ideo
1090 2997 1199 3071 etiam,
1220 3009 1316 3081 prout
1331 2995 1436 3083 gratia
1451 2994 1538 3059 habi·

346 3106 441 3170 tualis
459 3120 491 3169 et
506 3107 699 3172 intellectum
715 3122 748 3172 et
762 3109 956 3171 voluntatem
977 3105 1089 3182 aflicit,
1110 3106 1154 3170 ita
1176 3105 1271 3170 etiam
1287 3105 1391 3194 gratia
1408 3104 1540 3169 actualis

345 3218 384 3280 ad
401 3228 567 3300 utramque
584 3216 705 3281 animae
728 3217 910 3281 facultatem
926 3217 1079 3291 refertur,
1101 3228 1238 3279 mentem
1254 3215 1417 3279 illustrans
1434 3227 1466 3278 et
1481 3236 1536 3277 vo·

346 3327 500 3390 luntatem
516 3348 659 3391 movens.

458 3435 589 3500 Gratia
620 3435 786 3500 actualis
808 3435 927 3521 itaque,
950 3433 1141 3519 quaeetiam
1173 3434 1345 3508 vocatio,
1377 3432 1538 3517 inspira·

346 3544 421 3620 tio,
438 3545 623 3609 auxilium
645 3545 819 3609 divinum
836 3556 984 3619 vocatur,
1001 3565 1044 3608 ea
1060 3544 1192 3631 gratia
1214 3542 1540 3629 supernaturalis

346 3675 390 3719 ac
410 3654 566 3729 interna
587 3668 661 3730 est,
686 3676 755 3739 qua
776 3654 958 3740 Spiritus
981 3657 1014 3718 S.
1046 3665 1210 3718 mentem
1234 3653 1480 3718 illustrando
1506 3665 1542 3716 et

346 3765 586 3829 voluntatem
617 3765 820 3838 movendo,
843 3786 912 3828 nos
936 3765 980 3828 ad
1002 3784 1060 3837 ca,
1085 3766 1243 3848 quacad
1275 3765 1445 3827 salutem
1477 3783 1539 3826 no·

349 3884 474 3938 stram
489 3873 702 3958 pertinent,
720 3874 889 3948 excitat,
906 3887 943 3937 et
958 3873 995 3936 in
1012 3872 1070 3936 eis
1087 3872 1348 3958 perficiendis
1364 3872 1540 3955 adiuvat,

345 3982 404 4046 ita
421 3995 460 4045 ut
476 3982 543 4046 illa
559 3983 794 4067 incipiamus
811 3996 848 4048 et
869 4004 1012 4047 revera
1028 3982 1301 4066 perficiamus,
1323 3994 1386 4045 aut
1402 3981 1541 4045 saltem

345 4091 550 4177 perficere
575 4092 786 4177 possimus.

460 4201 659 4287 Quapropter
683 4203 788 4290 gratia
813 4203 946 4267 actualis
970 4201 1002 4267 in
1025 4203 1327 4270 collustrantem
1344 4220 1375 4270 et
1392 4219 1538 4270 moven-

345 4323 441 4386 tem,
465 4332 565 4395 porro
581 4312 613 4375 in
630 4312 869 4376 excitantem
895 4333 953 4376 seu
973 4313 1231 4398 incipientem
1248 4327 1280 4379 et
1296 4317 1540 4399 adjuvantem

345 4443 408 4487 seu
435 4419 725 4504 perficientem,
751 4435 844 4507 atque
860 4421 892 4484 in
910 4419 1115 4486 efficacem
1133 4436 1165 4487 et
1181 4423 1460 4488 sufficientem
1477 4423 1539 4486 dis·

346 4529 503 4595 cernitur.
537 4530 669 4594 Gratia
701 4532 943 4595 collustrans
975 4530 1183 4608 intellectum,
1210 4555 1366 4598 movens
1397 4534 1538 4597 volunta·

346 4653 415 4704 tem
434 4637 539 4703 afficit.
558 4639 692 4703 Gratia
713 4640 892 4704 excitans
910 4642 948 4704 ad
965 4642 1082 4704 bonum
1100 4643 1239 4706 salutare
1255 4643 1468 4727 incipiendum
1485 4662 1539 4706 ex·

345 4747 443 4822 citat,
469 4761 502 4810 et
522 4749 709 4833 adjuvans
733 4771 792 4813 seu
812 4749 1035 4835 perficiens
1058 4736 1090 4814 in
1114 4750 1167 4815 illo
1190 4737 1385 4836 perficiendo
1402 4753 1537 4836 adjuvat.

347 4855 460 4927 Gratia
490 4857 636 4922 excitans
668 4857 761 4923 etiam
794 4881 966 4944 operans
998 4862 1187 4945 adpellatur,
1206 4861 1354 4947 quoniam
1371 4863 1454 4939 sola,
1471 4861 1539 4930 sine
