3775 5625
350 409 394 482 68

351 582 518 653 ctificante,
539 555 573 640 at
592 599 653 639 nou
675 580 742 640 siue
765 577 879 638 auxilio
902 578 1030 654 quodam
1054 597 1109 636 seu
1131 578 1219 649 dono,
1244 596 1302 655 quo
1317 576 1465 638 immunia
1481 578 1550 638 red·

349 690 476 750 deretur
498 691 535 748 ab
557 689 597 747 iis
618 688 859 757 infirmitatibus,
885 687 995 763 quibua
1012 704 1093 746 nunc
1111 687 1263 762 subjacet.
1294 687 1426 747 Tertius
1442 696 1550 747 natu·

263 790 264 793 '
349 818 417 858 rae
434 799 566 874 lapsae
584 818 654 857 non
671 806 889 873 reparatae,
911 803 973 854 aut
993 813 1063 854 non
1080 797 1331 872 reparandae,
1348 796 1380 855 lu
1397 814 1459 873 quo
1475 796 1549 857 fuis-

349 917 398 967 set
419 906 508 967 homo
531 918 602 983 post
621 918 795 984 peecatum,
820 906 848 963 si
869 907 956 978 Deua
978 924 1017 963 ex
1037 905 1156 965 inlinita
1172 924 1229 964 sua
1246 905 1466 966 misericordia
1482 925 1549 967 eum

349 1035 408 1075 non
425 1016 600 1077 liberasset.
625 1019 672 1076 lta
688 1017 799 1075 saltem
817 1015 953 1073 nonnulli
971 1013 1135 1093 Tlieologi.
1165 1016 1226 1074 Alii
1243 1024 1364 1075 tantum
1380 1015 1419 1075 do
1435 1016 1549 1095 duplici

351 1135 433 1185 statu
452 1135 582 1185 naturae
599 1127 751 1202 possibili,
772 1125 896 1185 scilicet
917 1134 1047 1184 naturae
1073 1144 1169 1200 purae
1190 1134 1222 1183 et
1240 1144 1300 1184 non
1322 1136 1491 1204 reparatae
1506 1128 1548 1186 lo·

347 1244 490 1311 quuntur,
517 1236 568 1312 qui
593 1236 701 1294 deinde
718 1244 832 1293 statum
855 1233 1049 1312 integritatis
1071 1235 1199 1294 eundem
1217 1253 1286 1295 cum
1302 1245 1386 1296 statu
1402 1237 1547 1298 innocen·

348 1344 407 1403 tiae
425 1343 539 1403 hahent
550 1343 587 1417 ¹).
619 1345 704 1404 Unde
725 1346 803 1403 bene
826 1344 1041 1403 attendendum
1064 1354 1123 1413 est,
1146 1363 1196 1415 ne,
1218 1364 1296 1422 quae
1312 1345 1349 1405 de
1365 1345 1546 1426 integritate

346 1464 477 1513 naturae
503 1462 630 1514 nostrae
654 1472 749 1512 sensu
770 1453 829 1513 hoe
850 1452 1005 1521 dicuntur,
1028 1453 1064 1511 de
1086 1453 1271 1532 integritate
1293 1454 1433 1529 ejusdem
1456 1473 1546 1516 sensu

345 1563 398 1622 illo
416 1572 545 1639 accepta
559 1563 787 1641 intelligantur,
803 1570 859 1626 ,aut
873 1560 1024 1624 vicissim.

794 2178 1105 2275 ttttttl.

543 2382 611 2457 Dc
638 2394 777 2456 stateo
801 2384 1346 2458 naturaetnaocentis.

527 2688 564 2779 ξ.
582 2688 646 2757 13.
668 2690 862 2760 Indoles
880 2691 1037 2760 status
1053 2688 1364 2761 innocentiae.
1468 2678 1474 2697 “

457 2835 563 2917 Qualis
581 2849 684 2902 status
700 2837 751 2902 ille
769 2837 875 2914 fuerit,
886 2837 918 2901 in
930 2860 992 2925 quo
1002 2851 1251 2925 protoparentes
1265 2836 1432 2902 constituti
1446 2849 1545 2912 erant,

345 2946 428 3011 ratio
447 2945 509 3011 sibi
524 2947 638 3012 relicta
654 2944 786 3011 definire
803 2948 886 3011 haud
902 2960 1022 3033 potest,
1045 2949 1104 3012 sed
1125 2947 1323 3034 quaestionis
1340 2945 1545 3021 solutionem,

346 3077 441 3141 quum
457 3056 496 3120 de
513 3056 599 3120 facto
618 3056 724 3120 divino
743 3068 867 3143 agatur,
885 3077 927 3120 ex
944 3057 1016 3121 sola
1037 3056 1236 3121 revelatione
1253 3068 1430 3141 exspectat.
1455 3056 1548 3132 Nam,

346 3165 422 3230 licet
436 3165 519 3230 ratio
537 3186 579 3231 ex
594 3165 716 3230 infinita
724 3165 785 3230 Dei
796 3166 994 3254 benignitate
1012 3187 1051 3231 ac
1066 3166 1238 3232 sanctitate
1249 3168 1324 3252 jure
1339 3165 1468 3243 inferat,¹
1484 3187 1548 3230 non

346 3274 491 3363 potuisse
516 3275 679 3341 honinem
702 3276 734 3341 in
763 3288 847 3341 statu
870 3289 1021 3342 aeternae
1044 3275 1194 3341 miseriae
1216 3274 1400 3361 procreari,
1427 3297 1490 3341 nec
1516 3275 1548 3341 iu

348 3398 433 3450 statu
448 3386 583 3471 peceati,
600 3399 654 3451 aut
669 3386 724 3462 ita,
741 3399 775 3451 ut
791 3386 861 3473 ipsc
878 3386 1066 3452 necessario
1082 3399 1249 3471 peccaret:
1267 3398 1466 3461 tamencum
1481 3387 1548 3472 plu·

347 3517 402 3561 res
419 3507 522 3560 status
539 3508 671 3560 naturae
687 3497 843 3562 humanae
858 3495 1006 3583 integrae
1024 3495 1094 3559 dari
1105 3495 1243 3580 possint,
1255 3495 1288 3559 in
1305 3516 1444 3582 quonam
1459 3506 1550 3560 recte

348 3605 437 3669 Deus
452 3627 513 3690 pro
531 3627 589 3669 sua
605 3626 730 3670 summa
747 3604 904 3690 sapientia
927 3627 965 3669 ac
982 3605 1150 3670 clementia
1171 3604 1333 3670 hominem
1351 3605 1550 3671 constituere

349 3714 495 3789 voluerit,
524 3736 582 3799 per
609 3714 819 3800 semetipsum
844 3713 994 3779 decidere
1020 3715 1138 3802 nequit.
1172 3716 1282 3801 Neque
1309 3737 1371 3780 nos
1393 3713 1550 3781 revelatio

350 3822 457 3888 divina
477 3825 617 3909 desuper
638 3823 671 3887 in
693 3823 789 3888 dubio
810 3823 975 3910 relinquit,
1002 3826 1060 3890 sed
1083 3825 1178 3889 nobis
1199 3825 1380 3889 doctrinam
1404 3827 1444 3889 dc
1465 3836 1551 3890 statu

350 3931 513 4017 primitivo
532 3934 617 3998 clare
634 3933 794 4019 proponit.

459 4047 691 4118 Verumtamen,
708 4048 766 4108 hoc
783 4066 842 4106 non
860 4049 1013 4129 obstante,
1029 4067 1087 4107 non
1105 4048 1244 4120 deerant,
1254 4066 1352 4125 neque
1369 4048 1551 4126 desunt,qui

352 4158 420 4215 loco
438 4157 560 4215 luminis
574 4157 722 4216 coelestis
734 4157 852 4217 christi
864 4158 1163 4235 ejusqucllccleaiae
1180 4158 1329 4236 figmenta
1345 4157 1458 4216 mentis
1475 4174 1551 4217 suae

353 4266 520 4324 averitate
537 4266 675 4324 deflexae
693 4266 781 4343 sequi
798 4267 914 4325 malint.
944 4270 986 4325 Et
1007 4267 1126 4344 quidem
1148 4285 1265 4337 omnes,
1287 4266 1339 4343 qui
1362 4267 1398 4324 de
1421 4275 1551 4343 peccato

354 4375 509 4454 originali,
526 4385 577 4434 aut
594 4385 704 4434 nostra
719 4395 775 4453 pcr
786 4375 945 4435 Christum
962 4376 1153 4435 redemtione
1171 4395 1207 4437 ac
1218 4375 1446 4452 justificatione
1463 4394 1550 4445 error

355 4505 411 4544 nee
428 4485 614 4558 sentiebant,
630 4485 662 4544 in
679 4486 820 4546 doctrina
837 4487 873 4545 de
890 4495 973 4545 statu
985 4486 1117 4544 hominis
1129 4486 1301 4565 originario
1313 4504 1552 4563 quoquenecea·

355 4653 573 4670 m

467 4757 489 4838 ¹)
506 4756 551 4822 cf.
569 4758 827 4840 Tournallius‚
850 4758 940 4818 Oura.
966 4760 1066 4822 tteot.
1089 4761 1136 4819 De
1155 4765 1234 4835 prat.
1253 4758 1381 4820 otriec.
1406 4778 1434 4834 q.
1453 4764 1483 4824 2.
1504 4757 1552 4824 cd.

355 4847 461 4913 Colon.
480 4849 607 4930 Agripp.
628 4846 725 4913 1752.
743 4848 782 4915 Τ.
800 4848 831 4913 2.
849 4870 881 4931 p.
900 4846 974 4912 182.
