3775 5625
1402 414 1475 493 tat

287 577 390 657 baum
421 579 552 677 piryaice
574 579 700 676 operari
722 587 754 655 in
771 581 930 656 voluntate
953 581 1091 657 irominis
1114 605 1172 677 per
1188 583 1325 680 gratiam
1341 609 1477 679 praeve·

287 701 428 767 aientem
444 714 552 768 motus
568 700 640 766 illos
662 701 888 768 indeliberatos
911 702 1015 767 bonae
1037 702 1226 789 cogitionis,
1244 702 1394 768 desiderii
1416 702 1478 767 air-

287 811 366 875 tutia
383 831 441 875 sen
457 809 532 875 boni
550 811 674 895 operis,
696 824 789 897 atque
809 832 869 896 per
883 832 955 876 eam
975 811 1069 876 simul
1084 813 1280 877 voluntatem
1296 812 1432 878 invitare
1447 825 1480 878 et

288 919 355 1002 (nic
371 919 552 987 Molinistae
569 942 587 985 a
605 920 781 985 Thomistis
798 921 983 998 discedunt)
1002 922 1154 1006 adjuvare
1171 922 1211 987 ad
1228 941 1433 997 consensum,
1448 934 1481 989 et

287 1029 414 1115 quaidem
445 1030 503 1105 ita,
535 1042 583 1105 ut,
615 1031 742 1116 quando
764 1031 912 1094 voluntas
933 1030 1005 1094 illos
1032 1041 1158 1105 motus,
1175 1030 1288 1117 quibus
1305 1031 1345 1095 ad
1361 1033 1480 1097 bonum

288 1159 371 1223 opus
388 1138 616 1223 perficiendum
632 1137 768 1203 allicitur
785 1161 823 1204 ac
839 1139 999 1214 invitatur,
1018 1140 1249 1205 contumaciter
1266 1161 1330 1204 non
1346 1140 1480 1227 respuit,

287 1249 346 1312 sed
362 1268 399 1313 se
415 1248 540 1313 facilem
557 1248 604 1312 eis
621 1249 769 1332 praebet,
791 1249 896 1335 gratia
920 1249 1026 1314 divina
1048 1272 1121 1314 cum
1137 1250 1299 1314 voluntate
1317 1271 1398 1335 opus
1415 1252 1480 1315 bo·

287 1378 363 1423 num
394 1356 555 1441 perficiat,
587 1359 713 1443 quando
745 1368 850 1422 antem
873 1359 1021 1423 voluntas
1043 1358 1182 1422 motibus
1200 1356 1270 1422 aliis
1286 1358 1480 1446 refragatur,

287 1464 473 1552 gratiaeque
496 1466 656 1550 adjuvanti
677 1466 815 1541 resistit,
836 1467 1023 1532 ulteriorem
1046 1468 1199 1531 inlluxum
1222 1467 1311 1531 Deus
1327 1469 1480 1543 retrahat,

287 1574 399 1660 sicque
415 1574 521 1661 gratia
537 1597 596 1640 suo
614 1574 730 1641 ellectu
747 1575 954 1651 destituatur,
977 1589 1165 1663 maneatque
1187 1575 1361 1641 sufficiens.
1400 1577 1482 1642 Nam

286 1683 384 1749 etiarn
400 1683 579 1750 Molinistac
595 1684 722 1749 nonnisi
738 1686 875 1773 gratiam
892 1685 1119 1761 sufficientem,
1136 1706 1216 1773 quae
1239 1684 1386 1751 effectum
1402 1707 1479 1751 nun·

287 1814 382 1878 quam
399 1793 616 1880 consequitur,
633 1795 809 1859 admittunt.

393 1903 546 1989 Adeoque
564 1904 717 1969 etiamen
738 1917 913 1990 systemate
935 1905 1170 1971 Molinistarum
1192 1906 1309 1989 duplex
1329 1906 1479 1971 statuitur

286 2012 318 2078 in
336 2033 436 2098 opere
452 2015 555 2089 bono,
579 2016 662 2101 quod
679 2014 879 2099 perficimus,
900 2014 960 2079 Dei
977 2014 1061 2080 actio
1079 2036 1138 2080 seu
1154 2015 1293 2080 inlluxus
1315 2016 1479 2100 physicus,

286 2122 430 2207 primus,
446 2122 499 2209 qni
515 2136 621 2189 motus
637 2123 883 2199 indeliberatos,
900 2124 1074 2210 etquidem
1091 2126 1197 2199 solus,
1221 2124 1295 2209 quin
1313 2124 1481 2189 arbitrium

286 2245 434 2297 nostrum
450 2233 480 2297 ei
496 2211 595 2298 libere
612 2246 815 2319 cooperetur,
832 2234 966 2309 excitat,
983 2247 1016 2299 et
1032 2235 1126 2309 alter,
1143 2234 1197 2320 qui
1212 2236 1407 2300 voluntatem
1424 2236 1477 2299 ad·

278 2344 388 2426 juvat,
411 2342 535 2429 ipsique
552 2345 592 2407 ad
608 2364 801 2408 consensum
818 2365 876 2408 seu
892 2355 998 2409 actum
1015 2335 1196 2428 perlectum
1215 2342 1406 2408 eliciendum
1423 2365 1477 2408 co·

286 2464 449 2536 operatur.
473 2452 655 2518 Discrimen
672 2465 777 2518 autem
793 2454 876 2518 inter
887 2452 1072 2517 Thomistas
1089 2464 1121 2516 et
1136 2452 1317 2518 Molinistas
1335 2466 1386 2517 est
1401 2455 1479 2518 lroc:

286 2561 372 2647 quod
401 2561 445 2625 illi
476 2561 650 2626 motionem
674 2584 732 2627 seu
754 2563 913 2627 actionem
935 2562 1101 2647 physicam
1123 2561 1156 2626 in
1172 2562 1278 2650 gratia
1293 2561 1480 2647 perficiente

285 2668 400 2735 rrauud
417 2684 449 2736 et
465 2670 650 2738 causalitate
667 2672 808 2757 priorem
824 2694 863 2737 ac
879 2673 1072 2736 voluntatem
1090 2672 1129 2736 ad
1141 2692 1336 2736 consensum
1346 2674 1480 2756 praede·

283 2780 524 2856 terminantem,
546 2781 726 2847 Molinistae
749 2794 855 2847 autem
871 2780 1031 2847 actionem
1048 2780 1173 2869 gratiae
1190 2802 1263 2847 cum
1280 2780 1406 2847 actione
1421 2800 1477 2845 vo·

284 2891 414 2956 luntatis
434 2876 674 2966 ¹simultaneam,
696 2905 728 2956 et
744 2894 826 2957 hanc
842 2914 900 2976 per
916 2891 1000 2956 illam
1018 2903 1138 2956 tantum
1160 2891 1303 2976 adjuvari
1324 2902 1479 2957 statuunt.

283 3001 389 3064 Porro
421 3001 526 3089 gratia
557 3001 674 3067 efficax
696 3014 728 3066 et
749 3001 913 3066 sufficiens
934 3002 966 3065 in
992 3002 1055 3065 hoc
1075 3014 1251 3086 systemate
1273 3023 1338 3065 non
1361 2999 1478 3075 differt,

283 3129 387 3194 neque
418 3109 525 3175 indole
560 3132 662 3197 raeque
688 3113 805 3198 gradu,
837 3110 894 3174 sed
916 3122 967 3174 est
990 3130 1119 3194 semper
1137 3110 1265 3184 eadem,
1292 3122 1325 3174 et
1345 3121 1477 3184 tantum,

282 3230 381 3303 prout
395 3220 491 3284 homo
508 3241 547 3285 ea
562 3221 659 3285 utitur
680 3234 734 3286 aut
755 3242 818 3284 non
841 3219 955 3294 utitur,
977 3218 1096 3284 efficax
1116 3230 1169 3283 aut
1190 3219 1356 3284 sulliciens
1372 3219 1476 3283 reddi·

283 3339 345 3390 tur.
370 3329 502 3407 Quando
519 3342 624 3394 autem
641 3351 659 3394 a
674 3328 845 3394 Molinistis
861 3328 1037 3414 quaeritur,
1055 3328 1227 3415 quomodo,
1244 3328 1273 3392 si
1289 3328 1414 3415 gratiae
1430 3329 1475 3392 el·

281 3435 397 3502 licacia
427 3458 446 3502 a
477 3440 577 3504 libera
606 3440 777 3504 voluntatis
809 3438 1000 3504 assensione
1024 3438 1180 3523 pendeat,
1212 3436 1282 3501 lieri
1299 3438 1420 3522 possit,
1443 3450 1478 3501 ut

280 3547 382 3622 Deus,
399 3570 478 3634 quae
493 3550 567 3624 vult,
583 3549 615 3613 in
633 3548 726 3613 nobis
742 3548 945 3612 infallibiliter
963 3559 1132 3632 operetur:
1155 3547 1187 3611 in
1205 3560 1334 3632 promtu
1350 3560 1401 3612 est
1418 3567 1473 3611 eo·

281 3677 355 3720 rum
384 3678 593 3743 responsum,
623 3658 654 3722 id
676 3657 747 3722 lieri
768 3679 826 3743 per
849 3657 1017 3722 scientiam
1043 3657 1190 3722 mediam.
1229 3656 1356 3720 Etenim
1377 3657 1476 3731 Deus,

276 3767 387 3850 ajunt,
410 3766 547 3852 primum
568 3789 626 3853 per
646 3766 813 3833 scientiam
829 3789 938 3830 rerum
955 3767 1014 3830 sub
1032 3766 1215 3831 conditione
1232 3766 1411 3830 suturarum
1431 3764 1475 3828 vi·

281 3876 357 3951 det,
372 3898 464 3962 quem
481 3876 629 3942 effectum
651 3880 731 3943 haec
746 3879 797 3942 vel
812 3877 865 3942 illa
880 3876 986 3964 gratia
1002 3875 1149 3942 habitura
1162 3876 1207 3940 'sit
1225 3874 1256 3938 in
1278 3874 1424 3948 homine,
1448 3873 1477 3938 si

280 3985 313 4050 ei
335 3987 552 4060 conferretur3
584 3987 698 4053 deinde
719 3987 892 4072 interponit
914 3989 1079 4051 decretum
1104 3987 1200 4050 talem
1221 3984 1378 4072 largiendi
1402 4003 1474 4070 gra-

278 4093 368 4170 tiam,
383 4096 511 4182 quicum
538 4118 770 4162 consensuram
793 4096 958 4182 praevidet
974 4098 1182 4169 voluntatem,
1200 4094 1350 4180 quoniam
1367 4093 1399 4156 id
1416 4113 1472 4175 po·

279 4205 401 4270 stulant
429 4205 530 4292 ipsius
561 4205 797 4292 sapientissima
819 4205 967 4279 consilia,
988 4216 1021 4268 et
1043 4205 1084 4268 ob
1101 4203 1284 4288 praevisam
1299 4202 1474 4267 voluntatis

280 4315 530 4381 consensionem
562 4338 604 4381 ex
634 4328 724 4401 parte
755 4316 893 4380 hominis
925 4316 1043 4379 nullum
1076 4314 1184 4378 obstat
1204 4312 1474 4397 impedimentum.

280 4424 370 4502 Quae
390 4424 435 4489 ita
455 4445 536 4512 ergo
569 4424 756 4490 conceditur
777 4425 898 4512 gratia,
915 4423 1032 4488 efficax
1058 4435 1122 4496 est,
1144 4434 1176 4485 et
1191 4433 1256 4484 tam
1274 4429 1399 4485 certum
1414 4432 1474 4494 est,

278 4552 354 4598 eam
369 4533 523 4599 effectum
545 4555 620 4600 esse
640 4534 834 4609 habituram,
866 4555 960 4620 quam
983 4545 1105 4598 certum
1122 4543 1191 4606 est,
1208 4530 1271 4595 falli
1293 4552 1358 4595 non
1375 4548 1473 4613 posse

275 4640 343 4708 Dei
357 4643 601 4728 praescientiam
610 4649 648 4724 ¹).

276 4798 499 4814 m

388 4868 416 4947 ¹)
434 4864 770 4932 attenuante.
