3775 5625
350 433 418 497 390

457 610 500 671 Et
515 626 594 670 sane
610 626 705 689 quum
721 603 822 667 simus
840 624 954 667 omnes
971 604 1041 668 lube
1070 604 1220 692 originali
1235 606 1411 692 inquinati,
1434 609 1523 694 utpote

349 714 462 783 natura
476 716 532 781 lilii
547 715 626 788 irae,
643 727 675 778 et
690 713 763 777 ideo
780 726 964 798 peccatum,
987 713 1062 779 licet
1077 736 1136 800 per
1152 715 1320 793 accidens,
1342 719 1382 781 ad
1399 731 1525 785 naturam

349 841 493 893 nostram
526 824 699 909 pertineat,
732 825 863 908 ejusque
895 826 1129 909 quodammodo
1157 838 1282 910 partem
1310 826 1448 893 efficiat:
1477 851 1527 895 roo

348 957 523 1024 possumus
539 934 601 999 alio
618 935 726 1007 modo,
743 932 804 997 nisi
821 955 879 1017 per
892 933 1155 1019 omnipotentiam
1165 936 1246 1019 ejus,
1263 936 1316 1021 qui
1332 959 1396 1001 nos
1414 938 1527 1014 creavit,

348 1045 537 1119 instaurari,
560 1057 654 1129 atque
671 1064 689 1107 e
706 1056 809 1107 morte
826 1065 865 1108 ac
881 1044 1036 1108 servitute
1056 1044 1181 1129 peceati
1196 1044 1228 1108 in
1245 1044 1344 1110 vitam
1360 1067 1401 1112 ae
1416 1046 1528 1112 liberta·

347 1172 411 1223 tem
428 1154 626 1240 spiritualem
642 1176 699 1238 per
715 1153 816 1227 illum,
841 1153 893 1239 qui
909 1166 1013 1218 morte
1031 1175 1090 1219 sua
1104 1153 1189 1219 illam
1206 1155 1382 1232 destruxit,
1400 1158 1531 1243 hancque

347 1266 440 1331 nobis
457 1262 645 1350 promeruit,
662 1261 774 1327 asseri.
801 1262 892 1341 Quod
909 1263 1130 1327 Concilium
1149 1263 1429 1329 Tridentinum
1445 1266 1532 1331 diser·

347 1376 388 1440 tis
403 1373 512 1438 verbis
528 1374 679 1445 declarat,
697 1369 866 1435 deliniens:
892 1372 933 1434 St
949 1379 1024 1455 quie
1040 1377 1175 1453 dicerit,
1193 1381 1356 1437 hominem
1370 1383 1447 1439 ouis
1462 1357 1532 1459 opa-

346 1490 452 1564 ribuo,
471 1506 555 1567 puae
571 1485 624 1545 oet
633 1505 695 1563 per
710 1489 875 1544 humanae
891 1491 1035 1545 naturae
1050 1490 1155 1563 vires,
1174 1486 1227 1545 oet
1237 1506 1298 1565 per
1316 1487 1400 1563 tepea
1416 1489 1534 1549 doetri-

344 1618 423 1658 nom
451 1598 545 1674 fiant,
578 1595 729 1674 ubsque
760 1594 898 1652 divina
925 1613 987 1670 per
1009 1592 1149 1655 «lesum
1173 1594 1383 1657 Ottrietum
1406 1604 1536 1673 qratia

341 1706 634 1788 poeeejuatifieori
650 1722 766 1762 coram
783 1704 874 1763 Deo:
892 1724 923 1763 o.
939 1698 1008 1787 ι’).

452 1813 631 1875 Probamus
647 1823 753 1874 autem
770 1812 888 1897 dogma
905 1808 1106 1874 Catholicum

452 1944 492 2004 Α.
514 1960 556 2002 ex
577 1940 638 2002 SS.
669 1936 852 2011 Litteris,
884 1958 966 2022 qnae
998 1938 1227 2003 necessitatem
1252 1939 1379 2028 gratiae
1407 1939 1536 2015 divinae,

343 2071 404 2135 qna
415 2048 642 2133 justificemur,
658 2045 908 2111 luculentissime
924 2049 1063 2111 tradunt.
1085 2048 1191 2113 Docet
1207 2048 1292 2113 enim
1307 2048 1340 2112 id
1357 2048 1536 2114 Christus

343 2159 532 2224 Dominus
552 2156 583 2219 in
601 2158 752 2241 parabola
768 2158 808 2219 de
823 2169 914 2220 veste
931 2156 1076 2240 nuptiali,
1098 2177 1178 2242 qnae
1194 2157 1237 2221 nil
1254 2158 1338 2223 alind
1355 2179 1452 2244 qnam
1468 2180 1535 2247 gra·

343 2271 418 2335 tiam
429 2267 662 2354 justificantem
678 2265 855 2353 signifieat,
876 2279 908 2330 et
930 2286 992 2351 qua
1011 2265 1173 2331 hominem
1194 2289 1257 2330 non
1274 2267 1430 2333 vestitum
1446 2268 1478 2333 in
1495 2282 1534 2334 te·

343 2381 460 2443 nebras
478 2376 660 2443 exteriores
678 2376 812 2440 missum
828 2375 878 2450 iri,
896 2377 1044 2441 Salvator
1061 2385 1275 2454 asseverata.
1305 2379 1413 2442 Porro
1431 2378 1534 2444 defini·

346 2488 387 2553 tis
404 2487 522 2561 verbis
540 2508 636 2572 quum
652 2487 691 2550 ad
707 2485 964 2570 Apostolosait:
982 2488 1120 2550 Moneta
1135 2493 1170 2549 in
1185 2509 1252 2562 me,
1269 2496 1303 2550 et
1315 2510 1374 2567 epo
1392 2496 1429 2552 to
1445 2493 1542 2570 notu·

344 2599 588 2678 Steutpotmea
604 2618 671 2659 non
683 2605 795 2677 potest
806 2602 903 2677 serre
916 2602 1068 2677 fructum
1087 2619 1107 2658 a
1122 2604 1315 2679 semetipso,
1336 2606 1406 2661 nisi
1422 2621 1542 2662 manre·

346 2716 393 2769 rr't
406 2714 441 2769 in
456 2713 537 2768 otta:
553 2713 603 2767 etc
618 2730 678 2769 aec
693 2728 764 2785 voa,
783 2712 863 2768 niet
879 2713 919 2769 in
934 2729 990 2768 me
1005 2714 1253 2771 manseritis.
1277 2709 1351 2786 Epo
1369 2731 1447 2772 sum
1461 2715 1542 2787 otor,

345 2839 404 2879 ooo
432 2819 604 2899 palmites:
636 2825 691 2900 put
717 2827 827 2880 manet
852 2824 886 2880 ire
906 2839 974 2897 me,
993 2826 1026 2879 et
1046 2839 1102 2896 epo
1119 2825 1153 2880 tn
1169 2840 1220 2898 eo,
1239 2823 1292 2880 trio
1305 2824 1382 2899 sert
1400 2824 1544 2899 fractam

347 2931 497 3006 muttum,
516 2934 593 3010 puto
609 2935 696 2990 sine
712 2951 768 2990 me
784 2930 1069 3010 nittitpoteeta's
1083 2933 1241 3008 facere.
1267 2928 1315 2990 St
1330 2936 1425 3011 quia
1442 2937 1483 2992 in
1498 2951 1545 2992 me

346 3061 423 3101 reon
438 3045 657 3118 manserit,
677 3045 860 3099 mittetur
874 3043 1015 3118 sorae,
1033 3040 1278 3119 atoutpalmes‚
1298 3047 1333 3100 et
1348 3047 1500 3119 arescet,
1516 3045 1544 3101 at

347 3151 500 3226 ootttpent
515 3171 598 3220 eunt,
616 3157 648 3209 et
662 3155 695 3209 tn
711 3153 816 3224 ipnem
833 3153 975 3225 mittent,
999 3155 1032 3209 et
1048 3151 1145 3209 ardet
1166 3146 1400 3228 (comburitur)
1409 3152 1449 3228 ³).
1481 3148 1543 3213 Non

347 3269 455 3342 potest
470 3257 574 3343 itaque
591 3258 688 3320 homo
700 3257 796 3341 juxta
812 3257 910 3320 verba
926 3255 1046 3320 Christi
1063 3255 1233 3341 quidquam
1256 3255 1353 3320 saluti
1370 3255 1544 3342 proficuum

349 3366 493 3441 efficere,
519 3368 608 3451 juste
632 3387 671 3430 ae
691 3379 803 3431 sancte
824 3365 949 3439 vivere,
982 3378 1015 3428 et
1037 3364 1110 3430 ltine
1127 3367 1166 3430 ad
1182 3365 1372 3430 felicitatem
1389 3379 1543 3435 aeternam

349 3476 530 3560 pervenire,
547 3476 609 3540 nisi
626 3476 757 3541 Christo
774 3497 831 3561 per
849 3475 1037 3540 charitatem
1060 3496 1117 3539 seu
1139 3474 1277 3562 gratiam
1295 3475 1544 3542 sanctificantem

351 3584 393 3648 sit
408 3586 609 3668 conjunctus,
626 3599 659 3650 et
674 3586 735 3651 nisi
753 3586 900 3651 Christus
917 3586 949 3649 in
967 3607 1049 3660 eum,
1067 3585 1152 3651 sicut
1166 3585 1242 3650 vitis
1258 3585 1291 3650 iu
1309 3585 1493 3672 palmitem,
1506 3585 1543 3650 iu·

352 3693 437 3755 lluat.
463 3694 496 3754 ld
512 3693 618 3776 ipsum
634 3695 763 3759 edicunt
780 3696 893 3759 verba:
933 3698 1028 3758 Nisi
1050 3703 1141 3779 quie
1162 3705 1338 3760 renatae
1352 3701 1545 3778 faeritas

354 3823 456 3883 aquo
464 3848 475 3883 7
494 3811 535 3863 et
549 3803 711 3883 Spiritu
726 3806 782 3885 S,
806 3805 826 3870 i.
844 3826 871 3868 e.
889 3826 947 3888 per
963 3805 1119 3891 Baptismi
1135 3805 1275 3893 gratiam
1291 3817 1544 3894 regenerantem,

354 3932 432 3972 oon
459 3919 594 3991 potest
621 3918 857 3977 introirem
880 3937 1042 3992 requam
1064 3920 1146 3982 Det.
1189 3917 1291 3991 Quod
1311 3925 1432 3980 natum
1447 3923 1545 3978 estes

356 4042 473 4097 carae,
508 4043 586 4082 coro
604 4032 670 4084 est:
701 4033 733 4085 et
747 4028 836 4106 quod
849 4033 963 4086 natum
984 4034 1036 4086 est
1054 4047 1099 4088 ee
1120 4032 1260 4106 spiritu,
1295 4032 1440 4107 spiritus
1462 4027 1543 4101 aaa).

355 4128 569 4211 Regeneratio
581 4151 620 4194 ac
631 4130 792 4196 innovatio
804 4154 897 4219 ergo,
914 4153 994 4217 quae
1011 4132 1047 4197 [it
1061 4133 1179 4199 virtute
1196 4133 1340 4219 Spiritus
1358 4137 1394 4200 S.
1410 4155 1468 4221 per
1482 4152 1542 4223 gra

359 4233 432 4297 tiam
449 4234 480 4297 in
498 4238 649 4302 cordibus
673 4241 795 4305 nostris
820 4241 983 4316 diffusam,
1005 4241 1099 4307 nobis
1122 4257 1174 4308 est
1189 4245 1229 4308 ad
1245 4242 1435 4310 felicitatem
1451 4256 1539 4309 aeter·

358 4365 431 4408 nam
448 4351 718 4431 consequendam,
750 4364 783 4415 et
802 4365 975 4436 eapropter
997 4354 1036 4415 ad
1051 4352 1221 4437 justitiam,
1254 4375 1317 4438 qua
1341 4355 1480 4441 adoptivi
1495 4349 1542 4419 Dei

360 4451 413 4515 srlii
434 4466 466 4518 et
487 4455 642 4521 haeredes
663 4458 747 4522 vitae
771 4472 920 4524 aeternae
938 4459 1114 4536 efficimur,
1130 4463 1278 4527 absolute
1299 4463 1495 4530 necessaria.
1508 4496 1541 4510 -

427 4647 631 4657 -.u———q

469 4766 492 4845 ¹)
509 4767 591 4829 Saos.
609 4771 637 4832 6.
654 4791 720 4832 ooo.
739 4776 767 4832 1.
800 4808 841 4815 --
876 4767 902 4855 ²)
918 4773 1027 4837 Matth.
1049 4771 1104 4847 22,
1134 4772 1257 4838 1-14.
1277 4775 1325 4842 (if.
1345 4776 1398 4852 13,
1414 4767 1538 4842 44-46.

364 4854 440 4934 -³)
458 4856 545 4922 Joan.
566 4854 617 4932 15,
633 4857 731 4923 4-6.
749 4898 790 4911 -
809 4865 837 4940 ⁴)
854 4863 948 4925 Joan.
966 4861 997 4939 3,
1013 4862 1115 4929 5-6.
