3775 5625
343 609 464 684 sciunt,
487 626 619 694 eamque
640 602 746 691 itaque
768 615 800 670 et
821 626 897 670 uere
917 602 1055 670 divinam
1077 626 1150 672 esse
1166 614 1291 684 tenent,
1312 603 1384 672 Deo
1401 603 1534 692 placent,

344 722 402 786 sed
417 717 471 806 qui
486 718 612 783 firmum
624 715 837 802 'propositum
853 717 884 780 in
902 718 1001 781 corde
1025 738 1085 782 suo
1102 717 1228 792 fovent,
1245 738 1315 783 eam
1334 717 1533 804 quotiescun-

344 853 405 919 que
427 827 557 895 occasio
579 829 651 892 data
672 826 781 901 suerit,
803 826 1008 911 adimplendi,
1024 825 1183 912 justitiam
1215 828 1356 893 assecuti
1387 828 1535 913 praemiis

345 942 552 1006 ornabuntur.
576 936 732 1023 Loquitur
756 931 880 1021 quidem
903 936 1011 1000 in'illo
1034 938 1107 1001 loco
1131 937 1306 1022 Apostolus
1327 938 1479 1023 proxime
1501 940 1536 1003 de

345 1047 492 1121 iudaeis3
517 1058 567 1110 ast
586 1046 746 1110 sententia
768 1059 818 1110 est
841 1045 1017 1132 generalis,
1034 1058 1065 1110 et
1082 1046 1209 1110 minime
1227 1047 1347 1112 Christi
1364 1047 1537 1133 discipulos

345 1155 494 1224 excludit.
518 1158 652 1240 lnsuper
673 1154 701 1219 si
725 1153 806 1219 fides
826 1154 858 1238 ibn
882 1154 1074 1220 oeconomia
1095 1154 1213 1242 antiqui
1234 1155 1377 1221 foederis
1396 1158 1437 1220 ad
1446 1156 1536 1242 justi-
1579 1137 1581 1142 ⁵

345 1268 422 1333 tiam
454 1265 711 1350 consequendam
733 1284 791 1348 per
811 1264 964 1329 Messiam
986 1265 1124 1329 dandum
1145 1286 1209 1328 non
1231 1264 1428 1330 sufficiehat:
1450 1287 1489 1330 an
1508 1266 1537 1331 in

347 1374 539 1441 oeconomia
570 1394 654 1437 nova
677 1378 734 1457 per
758 1372 909 1438 Messiam
942 1376 1048 1438 datum
1081 1373 1245 1438 sufficiens
1277 1373 1402 1455 erit¹)?
1432 1376 1539 1461 Neque

347 1485 431 1550 aliud
447 1481 607 1570 quidpiam
622 1482 728 1557 tradit,
745 1485 870 1568 quando
886 1483 943 1547 ait:
962 1486 1171 1547 Arbitrantur
1187 1490 1272 1547 enim
1278 1488 1463 1563 justificari
1479 1490 1538 1549 bo-

346 1602 464 1660 minem
484 1614 543 1674 per
561 1596 655 1669 fidem
675 1598 745 1656 siae
760 1598 913 1673 operibor
930 1599 1010 1673 lepis
1022 1594 1059 1673 ²).
1090 1594 1170 1658 Nam
1188 1594 1311 1679 qualem
1327 1593 1424 1658 fidem
1440 1594 1493 1660 hic
1509 1597 1539 1659 S.

347 1705 463 1770 Paulus
479 1700 648 1789 intelligat,
664 1701 734 1786 ipse
750 1701 824 1767 alihi
841 1702 1085 1788 clareexponit,
1102 1702 1264 1768 scribens:
1282 1706 1355 1767 Nor
1370 1711 1458 1768 enirn
1473 1710 1540 1783 epi·

349 1821 416 1879 rita
436 1834 480 1876 eor
498 1817 561 1890 fide
576 1832 666 1891 rpem
673 1816 826 1891 justitiae
847 1810 1124 1891 exspectantem.
1143 1832 1169 1876 e.
1187 1812 1292 1877 animo
1310 1834 1367 1897 per
1384 1812 1482 1878 iidem
1493 1814 1539 1898 ju-

349 1922 467 1989 stitiam
484 1932 703 2006 exspectatam
720 1940 897 2004 speramus.
921 1922 1009 1983 Nom
1030 1927 1066 1985 io
1084 1924 1220 1985 Obrieto
1241 1923 1338 2005 Jeeu,
1354 1922 1376 1985 i.
1395 1943 1422 1987 e.
1440 1924 1541 2008 quoad

349 2030 540 2119 religionem
562 2028 680 2094 Christi
701 2029 780 2093 besu
802 2030 841 2093 ad
863 2030 964 2105 hona,
985 2050 1065 2114 quae
1087 2028 1139 2094 illa
1154 2042 1310 2115 praestat,
1328 2030 1542 2115 adipiscenda,

349 2164 453 2222 neque
483 2130 687 2203 circumcisio
720 2144 846 2217 aliquid
867 2145 967 2212 votet,
998 2160 1100 2219 neque
1120 2146 1341 2220 praeputium
1375 2145 1541 2223 ebalidae,

351 2273 449 2331 quoe
476 2272 547 2342 per
578 2253 815 2312 charitatem
849 2260 1058 2331 operatur,
1083 2248 1103 2313 i.
1127 2270 1155 2313 e.
1179 2270 1258 2334 quae
1279 2271 1342 2314 non
1360 2262 1413 2315 est
1430 2250 1543 2327 otiosa,

351 2362 409 2426 sed
424 2380 483 2445 per
504 2357 708 2423 dilectionem
728 2369 861 2439 exercet
892 2357 976 2422 hona
1009 2378 1122 2442 opera,
1144 2370 1302 2443 tamquam
1323 2360 1408 2424 hene
1431 2359 1544 2449 agendi

351 2468 505 2534 directrix
517 2473 557 2548 ³).
588 2468 795 2553 Nequaquam
810 2488 891 2554 ergo
908 2468 1084 2551 Apostolus
1099 2468 1209 2534 verbis
1226 2467 1303 2542 illis,
1320 2468 1417 2534 fidem
1434 2472 1544 2546 solam,

352 2579 484 2643 exclusa
500 2570 671 2651 charitate,
687 2577 726 2640 ad
738 2575 1001 2660 justificationem
1017 2576 1185 2651 sufficere,
1202 2577 1326 2651 statuit;
1348 2580 1409 2643 sed
1425 2591 1544 2643 tantum

354 2688 496 2751 ludaeos
515 2684 645 2759 refellit,
668 2684 721 2770 qui
742 2686 945 2760 asserebant,
971 2684 1046 2760 sibi,
1068 2685 1170 2772 iisque
1191 2686 1270 2751 solis
1292 2701 1428 2772 propter
1450 2687 1544 2775 origi·

353 2819 441 2870 nem,
463 2816 556 2881 quam
577 2795 616 2858 ab
640 2794 821 2860 Abrahamo
853 2795 1026 2870 ducebant,
1058 2794 1349 2872 circumcisionem,
1373 2797 1546 2884 etreliqua

358 2926 458 2992 opera
478 2926 520 2969 ex
540 2903 623 2991 legis
643 2903 805 2968 Mosaicae
837 2904 1020 2989 praecripto
1043 2906 1127 2971 sacta
1137 2908 1192 2991 jus
1208 2908 1386 2992 perlectum
1403 2909 1443 2972 ad
1455 2908 1544 2992 justi·

356 3014 539 3080 ficationem
556 3000 751 3098 competere,
767 3034 942 3099 onoresque
955 3013 1095 3080 Gentiles
1112 3029 1244 3101 propter
1260 3016 1421 3081 defectum
1438 3019 1545 3081 harum

358 3122 654 3211 praerogativarum
670 3123 797 3187 abonis
814 3123 907 3210 regni
922 3124 1075 3189 Messiani
1092 3145 1166 3189 esse
1183 3126 1351 3200 exclusos3
1378 3139 1475 3212 atque
1497 3128 1545 3190 do·

359 3235 483 3309 cet,'ob
500 3244 661 3297 momenta
676 3232 728 3296 illa
743 3233 874 3297 budaeis
898 3231 1036 3320 gratiam
1058 3233 1194 3299 divinam
1210 3235 1271 3299 sibi
1285 3235 1470 3300 vindicandi
1486 3237 1545 3301 nul·

358 3346 423 3410 lum
433 3345 489 3428 jus
505 3364 595 3418 esse,
610 3343 690 3417 imo,
708 3341 736 3407 si
751 3341 783 3406 in
800 3341 952 3426 operibus
973 3343 1072 3430 Legis
1093 3356 1228 3432 tantum,
1251 3365 1344 3430 quarn
1368 3346 1476 3410 solum
1499 3347 1545 3410 bu·

361 3453 431 3518 daei
451 3453 626 3541 urgebant,
649 3451 858 3517 conformitas
874 3464 1008 3541 externa
1025 3475 1097 3516 cum
1113 3455 1202 3541 Lege
1217 3455 1361 3519 Mosaica
1377 3467 1547 3540 spectatur,

361 3582 436 3627 esse
458 3561 510 3624 illa
530 3563 622 3644 plane
654 3548 782 3645 praeter
813 3581 939 3624 omnem
971 3562 1197 3627 necessitatem
1219 3565 1258 3627 ad
1277 3563 1548 3648 justificationem,

362 3691 456 3755 quam
475 3671 563 3733 Deus
595 3669 698 3755 gratis
730 3670 893 3745 concedit,
926 3673 1199 3757 consequendam,
1222 3674 1278 3737 sed
1301 3673 1431 3737 nonnisi
1449 3673 1548 3745 fidem,

323 3828 326 3834 ,
363 3799 455 3865 quam
472 3776 600 3842 Christo
628 3779 759 3864 ejusque
781 3779 945 3845 doctrinae
962 3793 1174 3864 praestamus,
1190 3781 1318 3866 requiri,
1334 3780 1433 3846 fidem
1451 3796 1547 3848 tamen

362 3910 488 3963 veram,
508 3905 589 3973 quae
612 3886 735 3953 scilieet
756 3912 828 3954 cum
852 3889 945 3954 lirmo
963 3911 1001 3954 ac
1017 3890 1146 3956 sincero
1168 3890 1335 3976 proposito
1353 3904 1406 3956 est
1422 3894 1546 3978 conjun-

364 4011 429 4072 cta,
450 3996 575 4062 veritati
597 3997 746 4085 cognitae
767 3998 863 4063 vitam
885 4000 1121 4074 conformandi3
1146 4000 1189 4065 ita
1209 4013 1244 4064 ut
1266 4001 1362 4065 etiam
1380 4003 1547 4067 Gentilibus

364 4109 468 4173 aditus
483 4109 523 4173 ad
539 4129 674 4195 regnum
690 4109 884 4174 Messianum
901 4122 1016 4195 pateat.

472 4240 513 4300 B.
540 4235 640 4300 Simili
657 4237 753 4300 modo
770 4240 829 4301 SS.
846 4239 981 4301 Patres
998 4236 1154 4313 sentiunt,
1170 4251 1204 4302 nt
1221 4260 1261 4302 ex
1278 4238 1361 4303 locis
1379 4259 1477 4324 supra
1492 4241 1545 4303 lan-

366 4345 448 4411 datis
475 4345 566 4409 sacile
587 4357 637 4409 est
659 4345 822 4432 colligere.
862 4347 941 4410 Nam
975 4346 1152 4411 Clemens
1184 4349 1290 4412 Alex.
1323 4369 1482 4432 expresse
1503 4347 1546 4419 ait,

365 4455 461 4520 fidem
482 4475 557 4518 esse
578 4467 698 4519 tantum
719 4454 852 4540 primam
875 4456 913 4519 ad
935 4457 1068 4519 salutem
1100 4455 1353 4531 inclinationem,
1374 4470 1451 4543 post
1466 4478 1544 4544 quarn

365 4565 463 4629 timor
479 4577 511 4629 et
527 4585 614 4649 spes,
630 4577 663 4628 et
678 4564 872 4649 poenitentia
882 4578 1043 4652 sequatur.
1063 4566 1088 4631 C
1093 4566 1234 4650 yrillus
1249 4566 1448 4632 Hierosol.
1465 4567 1542 4631 liden

369 4694 441 4737 esse
458 4672 533 4737 dicit
549 4673 639 4757 quasi
656 4674 781 4738 oculum
799 4686 831 4738 et
846 4675 1020 4760 lampadem
1038 4676 1076 4739 ad
1095 4675 1175 4740 viam
1193 4675 1304 4741 salutis
1322 4675 1539 4742 inveniendam

370 4814 635 4830 ff—-m—

477 4875 502 4958 ι)
519 4877 605 4939 som.
623 4875 654 4951 2,
673 4875 723 4943 13.
742 4913 783 4924 -
804 4877 828 4959 ²)
843 4879 932 4946 som.
950 4875 981 4956 a,
999 4876 1053 4944 aa
1072 4914 1114 4928 -
1132 4884 1160 4956 3)
1178 4877 1247 4943 eo.
1264 4877 1296 4956 5,
1313 4876 1413 4944 5-6,
