3775 5625
1466 408 1535 485 489

345 581 559 657 conantibus,
583 579 832 661 laborantibus,
855 581 1078 659 mutantibus,
1103 578 1322 663 studentibus,
1336 584 1537 665 perennius,

344 695 594 776 quaeremus,
608 693 822 773 pulsantibus
837 696 931 756 nobis
948 695 1210 756 misericordiam
1226 697 1306 757 dicit
1319 699 1467 776 conferri
1482 698 1538 758 di·

345 809 482 883 oinitus,
500 824 566 866 non
582 812 691 865 autem
708 810 752 865 ut
766 807 994 881 credamus,
1012 805 1192 878 velimus,
1208 806 1261 867 oei
1273 810 1371 867 iaec
1387 811 1538 887 omnia,

344 919 458 978 sicut
481 920 652 995 oportet,
680 914 1035 992 aqereoaiearnua,
1058 935 1129 994 per
1145 918 1390 993 infusionem
1415 923 1453 978 et
1475 922 1538 978 in·

345 1030 614 1106 spirationem
644 1022 682 1085 S.
705 1022 889 1104 Spiritus
905 1029 943 1085 in
958 1026 1074 1085 nobie
1101 1028 1203 1103 fieri
1225 1028 1412 1104 confitetur,
1431 1032 1541 1089 ataui

346 1135 571 1198 humilitati
587 1141 657 1196 uut
672 1136 920 1196 obedientiae
935 1137 1130 1196 iumen-oe
1150 1136 1361 1212 sudJunpit
1380 1142 1539 1212 prutina

347 1245 608 1324 adjutorium,
627 1279 670 1289 -
686 1249 817 1305 resistit
829 1245 989 1325 Apostoto
1007 1247 1140 1305 dicenti:
1172 1242 1297 1322 „Ouid
1312 1246 1431 1323 nabeo,
1450 1248 1542 1327 cuod

348 1375 418 1416 non
433 1353 640 1434 accepistii“
661 1360 712 1414 ct:
743 1350 902 1432 „Gratia
917 1354 982 1415 Dei
997 1374 1070 1415 sum
1086 1357 1131 1431 id,
1155 1355 1246 1434 quod
1258 1357 1361 1415 eum“
1371 1356 1405 1431 ¹).
1436 1356 1539 1439 Atque

347 1460 381 1527 in
399 1461 512 1525 Cone.
535 1459 776 1524 Tridentino
801 1461 957 1535 declarat,
978 1468 1083 1542 ipoiuc
1093 1466 1348 1542 juctificationie
1364 1467 1539 1525 ccordiurn

349 1578 390 1633 in
405 1572 645 1633 adultieaDei
661 1592 722 1651 per
747 1571 916 1633 Uiriatum
942 1572 1061 1633 Jesum
1089 1579 1375 1652 praeveniente
1403 1580 1539 1650 pratia

346 1684 541 1744 sumendum
557 1703 642 1760 esse,
660 1686 721 1743 ttoc
737 1688 800 1760 est,
820 1684 861 1743 ab
878 1686 914 1760 ej
920 1703 966 1743 us
981 1688 1187 1744 vocatione
1193 1727 1205 1761 ,
1228 1702 1304 1765 qua
1329 1683 1459 1747 nullis
1475 1704 1538 1744 eo·

346 1814 434 1855 rum
450 1794 750 1854 exsistentibus
765 1797 939 1869 meritis,
957 1797 1204 1866 vocantem).

457 1901 494 1965 0.
512 1902 618 1986 Opera
632 1900 718 1963 bona
738 1899 892 1964 naturalia
914 1912 1081 1964 removent
1100 1899 1226 1985 quidem
1248 1901 1414 1965 obstacula
1429 1902 1470 1964 ad
1486 1921 1538 1965 an·
1604 1929 1609 1938 ⁸

346 2009 426 2076 xilia
440 2008 564 2097 gratiae
579 2009 732 2074 ulteriora
747 2008 941 2094 recipienda,
958 2022 991 2073 et
1006 2022 1138 2074 catenus
1163 2031 1223 2075 nos
1240 2011 1279 2075 ad
1295 2011 1376 2074 haec
1392 2009 1540 2097 negative

353 2120 528 2205 disponere
546 2119 609 2185 dici
624 2132 777 2206 possunt,
803 2131 835 2184 ai
850 2119 902 2184 iila
917 2119 1045 2184 minime
1062 2132 1303 2205 promerentnr3
1319 2141 1392 2185 nam
1408 2141 1469 2204 ope
1488 2141 1539 2184 or·

350 2228 435 2294 dinis
452 2230 606 2295 naturalis
623 2244 732 2315 aperte
749 2252 842 2294 nemo
859 2229 976 2294 mereri
997 2242 1105 2314 potest
1129 2229 1302 2316 quidpiam,
1319 2232 1403 2315 qnod
1419 2242 1471 2294 est
1487 2252 1538 2293 or·

350 2338 435 2405 dinis
466 2338 735 2424 supernaturaiis,
767 2338 947 2423 cujusmodi
968 2350 1019 2403 est
1039 2338 1144 2425 gratia
1165 2338 1271 2403 divina
1279 2343 1317 2420 ³).
1359 2337 1418 2417 Qui
1436 2351 1539 2403 tamen

349 2447 458 2514 omnia
488 2460 654 2533 praestare
687 2460 835 2522 comior,
867 2468 948 2532 qnae
981 2469 1022 2512 ex
1047 2469 1107 2513 sna
1125 2459 1216 2532 parte
1239 2460 1407 2533 praestare
1422 2460 1540 2534 potest,

348 2558 426 2623 licet
441 2579 505 2622 non
522 2557 671 2645 exigere,
703 2570 808 2622 tamen
832 2579 891 2642 pro
908 2556 1046 2632 infinita,
1063 2579 1143 2644 qnae
1159 2556 1220 2622 Dei
1236 2570 1303 2632 est,
1319 2557 1543 2623 misericordia

349 2690 484 2754 sperare
502 2680 610 2753 potest
625 2667 763 2755 gratiam
780 2668 917 2733 divinam
933 2668 966 2732 in
983 2668 1100 2733 auxilio
1119 2682 1312 2754 opportuno.
1341 2670 1384 2733 Et
1399 2667 1452 2732 hic
1467 2688 1539 2731 sen·

350 2799 408 2845 sus
430 2791 481 2844 esi
503 2776 694 2844 sententiaa:
733 2781 897 2859 Facienti,
919 2781 1009 2862 quod
1026 2785 1060 2843 in
1080 2801 1116 2843 se
1136 2788 1198 2860 eet,
1217 2781 1310 2844 Deua
1325 2800 1391 2845 non
1407 2782 1544 2860 denepcd

346 2895 502 2969 pretione.

350 3128 378 3209 ἦ.
399 3121 491 3194 ¹12.
508 3126 562 3193 Ιιι
579 3121 754 3194 adultis
765 3123 922 3192 tamen
934 3124 993 3193 ad
1006 3122 1396 3204 justificationem
1407 3140 1541 3211 prac-

657 3230 842 3318 paraiio
859 3234 934 3301 esi
952 3232 1239 3304 necessaria.

461 3430 551 3490 Licet
582 3439 683 3489 autom
714 3429 804 3488 homo
837 3430 939 3508 gratis
961 3430 999 3488 ob
1022 3429 1133 3489 merita
1151 3430 1270 3490 christi
1287 3432 1494 3507 justificetur,
1512 3442 1545 3492 nt

352 3560 423 3600 mox
445 3540 742 3609 demonstravimus,
770 3541 945 3616 nullumque
967 3540 1020 3615 jus
1042 3559 1080 3597 cx
1103 3550 1191 3615 parte
1208 3559 1265 3600 sna
1280 3541 1391 3601 haheat
1408 3543 1544 3621 gratiam

346 3650 573 3726 justificantem
591 3668 608 3707 a
624 3651 692 3707 Deo
709 3649 896 3725 postulandi:
918 3649 948 3706 in
967 3648 1078 3707 adultis
1101 3659 1203 3708 tamon
1220 3660 1325 3711 certae
1342 3653 1476 3712 virtutes
1493 3671 1545 3711 nc·

353 3759 514 3821 caesariae
531 3767 613 3828 sunt,
631 3758 739 3836 quibus
756 3760 792 3817 ad
809 3759 892 3818 illam
908 3776 1126 3834 praeparamur
1146 3779 1183 3820 ac
1197 3759 1397 3837 disponimur,
1412 3761 1433 3822 i.
1445 3781 1472 3821 e.
1489 3780 1545 3821 nos

352 3868 476 3948 gratiae
493 3867 719 3928 sanctificantis
736 3867 931 3944 recipiendae
950 3885 1082 3943 capaces
1099 3877 1131 3926 et
1147 3869 1258 3947 dignos
1269 3872 1337 3928 Deo
1355 3869 1545 3943 exhibemus,

352 3979 405 4056 qui
437 3953 534 4054 nsque
573 3976 688 4035 invitos
719 3985 822 4046 vocat,
855 3995 953 4054 neque
984 3995 1041 4053 pro
1075 3995 1168 4036 cacco
1202 3977 1348 4047 arbitrio,
1381 3988 1416 4038 nt
1448 3979 1543 4055 ajunt,

354 4105 453 4167 agere
471 4095 583 4163 potest.

460 4196 676 4254 Protestantes
709 4194 827 4272 quidem
853 4195 921 4271 pani
945 4189 1036 4254 modo
1058 4213 1248 4272 nequaquam
1270 4207 1402 4275 negant,
1429 4199 1547 4276 requici

355 4304 503 4384 quosdam
535 4313 638 4372 actus,
663 4304 714 4380 qni
730 4304 909 4364 necessario
925 4305 957 4362 in
973 4304 1094 4362 homine
1113 4305 1222 4363 adesse
1240 4306 1386 4386 debeant,
1408 4317 1442 4367 nt
1458 4308 1487 4366 ei
1503 4308 1546 4366 di·

355 4415 427 4474 vina
434 4414 558 4488 justitia
575 4415 782 4483 coneedatur,
800 4414 942 4491 quidquid
960 4423 1097 4474 ceterum
1114 4413 1272 4474 Lnthcrus
1289 4414 1375 4474 initio
1393 4415 1545 4492 pernicio-

355 4542 410 4583 sae
425 4522 508 4582 iilius
525 4523 729 4583 contentionis
746 4523 926 4599 scripserim
945 4531 979 4580 at
994 4522 1092 4599 quoad
1118 4531 1266 4585 naturam.
1284 4522 1393 4583 horum
1411 4534 1545 4595 actuum,

469 4808 494 4898 ¹)
526 4814 560 4875 0.
592 4815 620 4876 6.
650 4813 697 4874 Ib.
719 4833 743 4870 c.
770 4810 833 4873 713
855 4834 879 4874 s.
912 4849 954 4856 —-
987 4816 1017 4890 ²)
1041 4813 1123 4875 Sese.
1143 4815 1172 4877 6.
1198 4833 1222 4872 c.
1246 4816 1274 4875 5.
1307 4817 1353 4876 De
1370 4814 1479 4904 justif.
1504 4850 1548 4875 -ι

358 4909 388 4985 ³)
405 4903 534 4968 Thom.
549 4907 579 4968 1.
595 4908 624 4969 2.
641 4925 670 4986 q.
687 4906 757 4969 109.
774 4910 832 4967 art.
849 4905 878 4967 5.
896 4903 977 4986 Opp.
992 4904 1035 4969 tn.
1052 4903 1091 4966 Τ.
1107 4900 1162 4968 21.
1178 4925 1209 4992 p.
1226 4900 1302 4973 612.
