3775 5625
353 438 417 503 144

346 735 383 826 ξ.
401 679 532 804 Μ.
548 735 781 805 Probatur
796 732 1059 821 propositio
1079 733 1187 805 ildei
1204 752 1268 805 ex
1283 730 1523 806 decisioni·

720 845 810 914 bus
834 842 1160 916 conciliorum.

453 1056 619 1119 Accedunt
638 1054 789 1118 solennes
809 1051 988 1138 Magisterii
1004 1052 1215 1118 ecelesiastici
1237 1052 1455 1128 definitiones,
1471 1051 1523 1140 qui

345 1165 406 1228 bus
437 1184 531 1228 error
561 1161 730 1251 Pelagii,
763 1160 954 1228 Coeleslii
979 1182 1018 1227 ae
1042 1161 1202 1238 Juliani,
1235 1184 1329 1249 quem
1358 1163 1523 1228 Fabere

346 1272 566 1361 Zwinglius
587 1285 681 1359 alque
702 1270 984 1356 Anabaptistae
1007 1284 1039 1337 et
1059 1271 1261 1337 Sociniani
1292 1270 1523 1338 resuscitatum

344 1381 470 1467 publice
491 1383 656 1447 damnatus
678 1394 738 1446 est.
762 1381 858 1455 Nam,
882 1392 916 1444 ut
942 1402 1040 1466 supra
1056 1381 1124 1466 jam
1140 1380 1294 1457 diximus,
1315 1380 1348 1446 in
1366 1401 1466 1447 causa
1481 1382 1523 1446 Pe

345 1491 422 1580 legii
437 1504 567 1578 praeter
583 1493 748 1577 synodum
763 1489 997 1575 Ephesinam
1014 1492 1097 1556 ultra
1111 1490 1156 1555 20
1172 1490 1316 1559 concilia
1330 1489 1441 1556 habita
1455 1501 1523 1556 sunl

345 1622 480 1687 quorum
513 1599 652 1666 omnium
679 1598 801 1685 judicio
823 1600 898 1684 ejuss
915 1598 1062 1663 doctrina
1092 1600 1247 1666 confossa
1270 1612 1329 1665 est.
1360 1598 1523 1686 Praecipu

344 1710 473 1775 suerunt
505 1711 620 1776 Cone.
653 1708 964 1796 Carthaginense
990 1730 1017 1774 a.
1040 1709 1133 1785 412,
1157 1709 1479 1796 Diospolitanum
1505 1709 1523 1774 i

343 1818 524 1886 Palaestina
539 1841 567 1886 a.
584 1818 675 1894 415,
691 1819 723 1883 in
740 1839 802 1905 quo
820 1818 967 1883 doen-ina
981 1818 1132 1907 Pelagii
1149 1832 1200 1885 esi
1216 1821 1444 1897 condemnata,
1465 1818 1523 1886 lice

344 1930 414 2015 ipse
431 1928 473 1996 sit
489 1931 670 2005 absolutus,
688 1950 724 1994 se
742 1929 861 2017 dogma
877 1926 1068 1993 catholicum
1085 1928 1230 2014 profiteri
1246 1929 1415 2005 simulans,
1437 1928 1523 1996 Mile

266 2102 268 2109 ,
343 2039 514 2104 vitonum
531 2060 559 2104 a.
575 2039 667 2114 416,
692 2051 726 2103 et
741 2037 825 2103 aliud
851 2037 1162 2125 carthaginense
1180 2060 1207 2104 a.
1223 2039 1316 2115 416,
1332 2026 1523 2105 Romanus

345 2169 372 2214 a.
390 2147 482 2224 416,
497 2148 531 2213 in
547 2171 609 2235 quo
626 2150 756 2214 decreta
774 2148 887 2213 Cone.
908 2147 1066 2213 lllilevit.
1083 2161 1117 2213 el
1133 2148 1352 2237 carthagin.
1370 2162 1447 2216 suni
1463 2169 1523 2216 eon

344 2257 486 2335 firmam,
517 2258 644 2323 demum
675 2257 854 2342 synodus
885 2256 1059 2341 plenaria
1082 2257 1149 2323 214
1169 2258 1406 2344 Episcoporum
1424 2257 1523 2324 iterun

346 2366 587 2455 Carthagine
609 2366 718 2432 habita
733 2388 760 2431 a.
777 2364 870 2440 418„
891 2365 944 2429 ubi
962 2366 1110 2432 omnihus
1127 2369 1232 2432 denuo
1250 2368 1411 2434 discussis
1427 2365 1523 2434 delini

345 2477 451 2543 tiones
474 2476 588 2543 Cone.
609 2475 826 2541 Milevitani
847 2473 1056 2540 confirmatae
1073 2488 1162 2552 sunt,
1184 2497 1202 2542 a
1219 2499 1296 2563 quo,
1312 2489 1347 2542 ut
1362 2498 1463 2563 supra
1473 2478 1523 2563 jet

348 2586 685 2663 commemoravimus,
707 2591 879 2651 anatliema
911 2584 1042 2661 dicitur,
1059 2594 1243 2668 quicunque
1264 2596 1459 2669 parvulos
1478 2607 1523 2652 re

345 2710 479 2762 centes
501 2706 548 2761 ab
573 2704 703 2762 uteris
725 2710 889 2761 matrum
915 2702 1176 2776 baptizandos
1191 2710 1306 2779 nepot,
1324 2701 1523 2780 outdieil,i

344 2815 565 2874 remissionem
596 2815 722 2889 quidem
750 2820 957 2888 peccalorum
980 2828 1036 2871 eos
1061 2814 1241 2888 bapti-sori,
1270 2818 1328 2881 sed
1355 2812 1463 2871 nihil
1490 2828 1508 2871 e

345 2922 461 2983 Adam
488 2922 651 2982 trahere
667 2922 885 2997 oripinalis
906 2923 1076 2997 peceati,
1093 2926 1196 2997 quod
1216 2921 1523 2997 reponeretioni

346 3036 505 3094 lavaero
529 3035 715 3108 capietur
729 3032 767 3107 ¹).
802 3027 902 3105 Quam
927 3026 1119 3091 senientiam
1145 3026 1321 3092 Zosimus
1347 3046 1523 3113 quoquera

344 3151 409 3204 tam
428 3138 552 3213 habuit,
583 3136 667 3202 edita
698 3137 817 3202 celebri
840 3137 995 3203 tractoria
1017 3136 1169 3222 epistola,
1194 3135 1245 3201 cui
1267 3157 1381 3202 omnes
1403 3136 1436 3200 in
1461 3135 1523 3200 orl:

343 3248 513 3336 Episcopi,
551 3246 697 3334 exceptis
736 3249 938 3312 solummodo
974 3246 1030 3322 18,
1062 3245 1344 3332 subscripseras,
1384 3257 1417 3311 et
1448 3264 1523 3333 quo

344 3358 458 3427 Cone.
490 3357 724 3444 Ephesinum
754 3357 870 3423 ilerum
892 3355 1108 3430 confirmavit,
1128 3355 1160 3420 in
1183 3376 1245 3441 quo
1267 3356 1372 3420 denuo
1395 3355 1523 3420 docuit

342 3467 464 3556 Pelagii
494 3466 678 3552 proscripta
699 3478 763 3541 est,
785 3479 817 3531 et
837 3465 1050 3553 depositionis
1071 3465 1231 3529 sementia
1256 3466 1320 3530 lain
1334 3463 1366 3528 in
1385 3463 1523 3531 clerico

344 3578 396 3663 qui
416 3578 468 3642 vel
487 3575 633 3662 privatim
655 3577 707 3640 vel
728 3576 867 3661 publice,
888 3597 969 3662 quae
990 3586 1066 3640 suni
1086 3574 1277 3650 Nestorii,
1299 3574 1352 3661 qui
1374 3587 1410 3639 ut
1426 3590 1523 3663 agme

344 3707 437 3751 suum
459 3698 572 3751 eontra
596 3684 780 3751 Catholieos
804 3698 952 3774 augeret,
980 3683 1129 3771 Pelagii
1156 3684 1349 3759 sententiam
1367 3685 1523 3770 adoptav-

344 3809 409 3871 ral,
441 3808 474 3860 et
499 3794 712 3870 coelestii,
744 3817 859 3880 sapere
885 3795 955 3860 ausi
987 3793 1152 3874 luerint³).
1185 3795 1325 3860 Saeculo
1349 3795 1402 3859 Vl.
1436 3805 1523 3859 aule·

345 3905 460 3970 Cone.
485 3904 763 3970 Arausicanum
788 3906 825 3970 ll.
848 3925 875 3970 a.
893 3904 969 3969 529.
993 3925 1110 3969 novum
1131 3904 1171 3968 de
1191 3903 1253 3969 hac
1275 3904 1410 3968 materia
1431 3904 1523 3970 decr·

345 4026 412 4078 tum
437 4013 548 4088 edidil,
577 4026 737 4079 statuens:
763 4014 894 4094 Siquis
916 4021 980 4078 ooli
996 4015 1086 4076 Adae
1099 4019 1419 4094 praeuaricationem
1435 4028 1523 4077 sua!

345 4144 424 4187 non
440 4129 578 4204 etejua
601 4129 833 4206 propayini,
862 4130 1013 4187 asserit
1032 4129 1235 4201 nocuisse;
1260 4135 1421 4187 eneceris
1438 4139 1523 4187 mot

346 4245 416 4315 lem
440 4245 593 4298 lantum
616 4241 815 4314 eorporis,
841 4256 924 4313 quoe
947 4255 1053 4313 poena
1075 4239 1201 4311 peeeoli
1217 4245 1282 4314 eal,
1308 4253 1387 4296 non
1409 4243 1504 4296 aute

345 4354 383 4405 ec
401 4356 618 4426 peceatum,
646 4352 751 4423 qood
771 4365 881 4406 mora
903 4355 964 4406 eat
987 4348 1153 4424 animae,
1184 4364 1253 4422 per
1276 4363 1395 4405 unum
1415 4345 1523 4405 laem

344 4459 428 4516 nem
449 4459 490 4516 in
511 4476 618 4518 omne
639 4475 769 4531 penus
792 4456 995 4516 humanum
1018 4458 1245 4516 transiisse
1270 4463 1423 4516 testatur:
1451 4454 1523 4532 iujo

345 4566 468 4626 stitione
482 4565 553 4626 Deo
570 4568 671 4644 dabit,
697 4568 923 4625 contradicens
937 4564 1094 4641 Apostolo
1111 4566 1247 4624 dicenti:
1271 4563 1343 4623 Per
1360 4581 1465 4624 unum
1478 4561 1523 4623 ic

453 4803 481 4878 ¹)
500 4798 796 4872 0on.12.ll1ansi,
815 4799 890 4865 Ooll.
905 4801 996 4862 Cone.
1014 4801 1051 4861 T.
1068 4800 1100 4862 4.
1118 4819 1142 4858 e.
1161 4795 1289 4866 337.»Ί
1301 4801 1331 4876 ⁸)
1349 4797 1397 4861 Cf.
1410 4799 1512 4860 Mans

347 4888 388 4952 ib.
405 4911 432 4951 e.
450 4886 528 4952 370.
547 4924 588 4936 -—
608 4890 633 4970 ⁸)
651 4892 717 4951 Aet.
735 4894 762 4950 7.
783 4890 857 4951 Oen.
876 4894 904 4952 1.
921 4895 952 4951 4.
969 4889 1016 4955 Ib.
1033 4911 1058 4952 e.
1077 4888 1173 4952 1474.
1358 4908 1361 4913 ’
