<?xml version="1.0" encoding="UTF-8"?>
<!DOCTYPE html PUBLIC "-//W3C//DTD XHTML 1.0 Transitional//EN"
    "http://www.w3.org/TR/xhtml1/DTD/xhtml1-transitional.dtd">
<html xmlns="http://www.w3.org/1999/xhtml" xml:lang="en" lang="en">
 <head>
  <title>
</title>
<meta http-equiv="Content-Type" content="text/html;charset=utf-8" />
  <meta name='ocr-system' content='tesseract 3.04.00' />
  <meta name='ocr-capabilities' content='ocr_page ocr_carea ocr_par ocr_line ocrx_word'/>
</head>
<body>
  <div class='ocr_page' id='page_1' title='image "./theologiadogmat00schwgoog/theologiadogmat00schwgoog_0243.png"; bbox 0 0 3775 5625; ppageno 0'>
   <div class='ocr_carea' id='block_1_1' title="bbox 1411 451 1480 519">
    <p class='ocr_par' dir='ltr' id='par_1_1' title="bbox 1411 451 1480 519">
     <span class='ocr_line' id='line_1_1' title="bbox 1411 451 1480 519; baseline 0 0"><span class='ocrx_word' id='word_1_1' title='bbox 1411 451 1480 519; x_wconf 77' lang='lat'>229</span> 
     </span>
    </p>
   </div>
   <div class='ocr_carea' id='block_1_2' title="bbox 322 607 1480 3222">
    <p class='ocr_par' dir='ltr' id='par_1_2' title="bbox 322 607 1480 3222">
     <span class='ocr_line' id='line_1_2' title="bbox 322 607 1479 693; baseline 0.009 -23"><span class='ocrx_word' id='word_1_2' title='bbox 322 607 466 686; x_wconf 62' lang='lat' dir='ltr'>anetum,</span> <span class='ocrx_word' id='word_1_3' title='bbox 489 613 658 671; x_wconf 80' lang='lat' dir='ltr'>uocabitur</span> <span class='ocrx_word' id='word_1_4' title='bbox 684 609 793 671; x_wconf 78' lang='lat' dir='ltr'>Filius</span> <span class='ocrx_word' id='word_1_5' title='bbox 813 610 928 685; x_wconf 56' lang='lat' dir='ltr'>Dav).</span> <span class='ocrx_word' id='word_1_6' title='bbox 953 614 1069 673; x_wconf 79' lang='lat' dir='ltr'><strong>Deinde</strong></span> <span class='ocrx_word' id='word_1_7' title='bbox 1095 616 1234 693; x_wconf 82' lang='lat' dir='ltr'>quoniam</span> <span class='ocrx_word' id='word_1_8' title='bbox 1256 618 1341 677; x_wconf 90' lang='lat' dir='ltr'>illum</span> <span class='ocrx_word' id='word_1_9' title='bbox 1358 620 1479 681; x_wconf 84' lang='lat' dir='ltr'>Deuss</span> 
     </span>
     <span class='ocr_line' id='line_1_3' title="bbox 323 680 1478 800; baseline 0.009 -21"><span class='ocrx_word' id='word_1_10' title='bbox 323 721 424 779; x_wconf 80' lang='lat' dir='ltr'>ortuis</span> <span class='ocrx_word' id='word_1_11' title='bbox 440 680 695 790; x_wconf 68' lang='lat' dir='ltr'>risuscitsvcrit,</span> <span class='ocrx_word' id='word_1_12' title='bbox 719 730 751 780; x_wconf 91' lang='lat' dir='ltr'>ut</span> <span class='ocrx_word' id='word_1_13' title='bbox 767 722 875 781; x_wconf 81' lang='lat' dir='ltr'>doceat</span> <span class='ocrx_word' id='word_1_14' title='bbox 899 724 933 781; x_wconf 75' lang='lat' dir='ltr'>S.</span> <span class='ocrx_word' id='word_1_15' title='bbox 951 725 1102 782; x_wconf 85' lang='lat' dir='ltr'>Paulus:</span> <span class='ocrx_word' id='word_1_16' title='bbox 1121 722 1283 796; x_wconf 79' lang='lat' dir='ltr'>Ouonicm</span> <span class='ocrx_word' id='word_1_17' title='bbox 1298 728 1382 788; x_wconf 73' lang='lat' dir='ltr'>istic</span> <span class='ocrx_word' id='word_1_18' title='bbox 1399 733 1478 800; x_wconf 81' lang='lat' dir='ltr'>(re-</span> 
     </span>
     <span class='ocr_line' id='line_1_4' title="bbox 322 829 1477 915; baseline 0.01 -27"><span class='ocrx_word' id='word_1_19' title='bbox 322 830 562 906; x_wconf 72' lang='lat' dir='ltr'>‘cssisaionemJ</span> <span class='ocrx_word' id='word_1_20' title='bbox 585 829 677 889; x_wconf 83' lang='lat' dir='ltr'>Deus</span> <span class='ocrx_word' id='word_1_21' title='bbox 699 832 841 907; x_wconf 76' lang='lat' dir='ltr'>implevit</span> <span class='ocrx_word' id='word_1_22' title='bbox 858 832 937 904; x_wconf 71' lang='lat' dir='ltr'>litiis</span> <span class='ocrx_word' id='word_1_23' title='bbox 967 836 1108 909; x_wconf 77' lang='lat' dir='ltr'>uostris,</span> <span class='ocrx_word' id='word_1_24' title='bbox 1132 836 1477 915; x_wconf 64' lang='lat' dir='ltr'>resuscitandorum,</span> 
     </span>
     <span class='ocr_line' id='line_1_5' title="bbox 323 940 1479 1023; baseline 0.007 -24"><span class='ocrx_word' id='word_1_25' title='bbox 323 948 378 1000; x_wconf 82' lang='lat' dir='ltr'>cut</span> <span class='ocrx_word' id='word_1_26' title='bbox 400 949 433 999; x_wconf 85' lang='lat' dir='ltr'>et</span> <span class='ocrx_word' id='word_1_27' title='bbox 455 943 490 999; x_wconf 79' lang='lat' dir='ltr'>iss</span> <span class='ocrx_word' id='word_1_28' title='bbox 514 940 649 999; x_wconf 71' lang='lat' dir='ltr'>Psalmo</span> <span class='ocrx_word' id='word_1_29' title='bbox 665 944 803 1000; x_wconf 76' lang='lat' dir='ltr'>securum</span> <span class='ocrx_word' id='word_1_30' title='bbox 820 944 1055 1017; x_wconf 83' lang='lat' dir='ltr'>scriptumest·</span> <span class='ocrx_word' id='word_1_31' title='bbox 1072 941 1402 1021; x_wconf 60' lang='lat' dir='ltr'>murcomannum,</span> <span class='ocrx_word' id='word_1_32' title='bbox 1420 966 1479 1023; x_wconf 63' lang='lat' dir='ltr'>eqo</span> 
     </span>
     <span class='ocr_line' id='line_1_6' title="bbox 322 1046 1477 1133; baseline 0.006 -24"><span class='ocrx_word' id='word_1_33' title='bbox 322 1051 387 1109; x_wconf 81' lang='lat' dir='ltr'>odie</span> <span class='ocrx_word' id='word_1_34' title='bbox 400 1051 500 1125; x_wconf 61' lang='lat' dir='ltr'>genui</span> <span class='ocrx_word' id='word_1_35' title='bbox 516 1058 546 1108; x_wconf 83' lang='lat' dir='ltr'>te</span> <span class='ocrx_word' id='word_1_36' title='bbox 557 1046 595 1113; x_wconf 68' lang='lat'>²).</span> <span class='ocrx_word' id='word_1_37' title='bbox 613 1052 652 1107; x_wconf 79' lang='lat' dir='ltr'>lit</span> <span class='ocrx_word' id='word_1_38' title='bbox 667 1049 794 1107; x_wconf 85' lang='lat' dir='ltr'>iterum:</span> <span class='ocrx_word' id='word_1_39' title='bbox 811 1046 861 1106; x_wconf 86' lang='lat' dir='ltr'>De</span> <span class='ocrx_word' id='word_1_40' title='bbox 877 1047 1119 1126; x_wconf 62' lang='lat' dir='ltr'>mimorumque·</span> <span class='ocrx_word' id='word_1_41' title='bbox 1131 1053 1244 1124; x_wconf 83' lang='lat' dir='ltr'>factus</span> <span class='ocrx_word' id='word_1_42' title='bbox 1259 1064 1311 1114; x_wconf 84' lang='lat' dir='ltr'>eet</span> <span class='ocrx_word' id='word_1_43' title='bbox 1323 1057 1355 1114; x_wconf 82' lang='lat' dir='ltr'>ei</span> <span class='ocrx_word' id='word_1_44' title='bbox 1370 1062 1477 1133; x_wconf 82' lang='lat' dir='ltr'>(quem</span> 
     </span>
     <span class='ocr_line' id='line_1_7' title="bbox 322 1156 1480 1236; baseline 0.009 -21"><span class='ocrx_word' id='word_1_45' title='bbox 322 1158 475 1218; x_wconf 85' lang='lat' dir='ltr'>trticulam</span> <span class='ocrx_word' id='word_1_46' title='bbox 500 1167 602 1216; x_wconf 79' lang='lat' dir='ltr'>textus</span> <span class='ocrx_word' id='word_1_47' title='bbox 626 1175 761 1236; x_wconf 74' lang='lat' dir='ltr'>graecus</span> <span class='ocrx_word' id='word_1_48' title='bbox 782 1156 966 1229; x_wconf 85' lang='lat' dir='ltr'>nonhabet)</span> <span class='ocrx_word' id='word_1_49' title='bbox 989 1177 1032 1216; x_wconf 77' lang='lat' dir='ltr'>ec</span> <span class='ocrx_word' id='word_1_50' title='bbox 1048 1162 1168 1219; x_wconf 71' lang='lat' dir='ltr'>semisse</span> <span class='ocrx_word' id='word_1_51' title='bbox 1185 1160 1294 1221; x_wconf 74' lang='lat' dir='ltr'>Dauid</span> <span class='ocrx_word' id='word_1_52' title='bbox 1306 1171 1480 1226; x_wconf 77' lang='lat' dir='ltr'>secundum</span> 
     </span>
     <span class='ocr_line' id='line_1_8' title="bbox 322 1265 1478 1343; baseline 0.006 -16"><span class='ocrx_word' id='word_1_53' title='bbox 322 1286 429 1327; x_wconf 74' lang='lat' dir='ltr'>mem.</span> <span class='ocrx_word' id='word_1_54' title='bbox 466 1265 531 1339; x_wconf 79' lang='lat' dir='ltr'>Oui</span> <span class='ocrx_word' id='word_1_55' title='bbox 547 1270 806 1343; x_wconf 80' lang='lat' dir='ltr'>praedestinatus</span> <span class='ocrx_word' id='word_1_56' title='bbox 828 1276 876 1325; x_wconf 86' lang='lat' dir='ltr'>est</span> <span class='ocrx_word' id='word_1_57' title='bbox 896 1265 1008 1326; x_wconf 76' lang='lat' dir='ltr'>Filius</span> <span class='ocrx_word' id='word_1_58' title='bbox 1028 1267 1092 1327; x_wconf 87' lang='lat' dir='ltr'>Dei</span> <span class='ocrx_word' id='word_1_59' title='bbox 1114 1272 1148 1328; x_wconf 84' lang='lat' dir='ltr'>iu</span> <span class='ocrx_word' id='word_1_60' title='bbox 1172 1273 1290 1331; x_wconf 78' lang='lat' dir='ltr'>virtute</span> <span class='ocrx_word' id='word_1_61' title='bbox 1306 1279 1478 1334; x_wconf 71' lang='lat' dir='ltr'>meandum</span> 
     </span>
     <span class='ocr_line' id='line_1_9' title="bbox 322 1373 1477 1456; baseline 0 -22"><span class='ocrx_word' id='word_1_62' title='bbox 322 1377 441 1449; x_wconf 83' lang='lat' dir='ltr'>piritum</span> <span class='ocrx_word' id='word_1_63' title='bbox 458 1377 723 1450; x_wconf 76' lang='lat' dir='ltr'>sanctificationis</span> <span class='ocrx_word' id='word_1_64' title='bbox 740 1395 784 1435; x_wconf 76' lang='lat' dir='ltr'>eo·</span> <span class='ocrx_word' id='word_1_65' title='bbox 799 1380 1038 1437; x_wconf 84' lang='lat' dir='ltr'>resurrectione</span> <span class='ocrx_word' id='word_1_66' title='bbox 1052 1388 1266 1456; x_wconf 67' lang='lat' dir='ltr'>mortiterum,</span> <span class='ocrx_word' id='word_1_67' title='bbox 1279 1380 1333 1436; x_wconf 74' lang='lat' dir='ltr'>aod</span> <span class='ocrx_word' id='word_1_68' title='bbox 1342 1373 1477 1455; x_wconf 74' lang='grc' dir='ltr'>ὁρισθέν-</span> 
     </span>
     <span class='ocr_line' id='line_1_10' title="bbox 323 1472 1476 1561; baseline 0.003 -21"><span class='ocrx_word' id='word_1_69' title='bbox 323 1499 349 1550; x_wconf 79' lang='grc' dir='ltr'>ος</span> <span class='ocrx_word' id='word_1_70' title='bbox 360 1482 423 1541; x_wconf 80' lang='grc' dir='ltr'><strong><em>υἱοῦ</em></strong></span> <span class='ocrx_word' id='word_1_71' title='bbox 438 1485 514 1540; x_wconf 75' lang='grc' dir='ltr'>θεοῦ</span> <span class='ocrx_word' id='word_1_72' title='bbox 525 1482 554 1541; x_wconf 78' lang='lat' dir='ltr'>ir</span> <span class='ocrx_word' id='word_1_73' title='bbox 565 1479 695 1559; x_wconf 69' lang='grc' dir='ltr'>δυνάμει,</span> <span class='ocrx_word' id='word_1_74' title='bbox 711 1475 788 1539; x_wconf 77' lang='grc' dir='ltr'>κατὰ</span> <span class='ocrx_word' id='word_1_75' title='bbox 804 1486 916 1558; x_wconf 69' lang='grc' dir='ltr'><em>πνεῦμα</em></span> <span class='ocrx_word' id='word_1_76' title='bbox 927 1472 1098 1561; x_wconf 64' lang='grc' dir='ltr'><strong><em>ἁγιωσύνης,</em></strong></span> <span class='ocrx_word' id='word_1_77' title='bbox 1110 1479 1142 1554; x_wconf 76' lang='grc' dir='ltr'>ἐξ</span> <span class='ocrx_word' id='word_1_78' title='bbox 1152 1478 1343 1553; x_wconf 66' lang='grc' dir='ltr'>ἀναστάσεως</span> <span class='ocrx_word' id='word_1_79' title='bbox 1360 1489 1476 1560; x_wconf 76' lang='lat' dir='ltr'>stupeis,</span> 
     </span>
     <span class='ocr_line' id='line_1_11' title="bbox 322 1584 1476 1664; baseline 0.003 -19"><span class='ocrx_word' id='word_1_80' title='bbox 322 1584 375 1646; x_wconf 82' lang='lat' dir='ltr'>lesu</span> <span class='ocrx_word' id='word_1_81' title='bbox 392 1585 518 1646; x_wconf 74' lang='lat' dir='ltr'>Christi</span> <span class='ocrx_word' id='word_1_82' title='bbox 531 1584 569 1658; x_wconf 81' lang='lat'>³).</span> <span class='ocrx_word' id='word_1_83' title='bbox 588 1590 677 1655; x_wconf 75' lang='lat' dir='ltr'>Tum,</span> <span class='ocrx_word' id='word_1_84' title='bbox 696 1588 835 1664; x_wconf 86' lang='lat' dir='ltr'>quoniam</span> <span class='ocrx_word' id='word_1_85' title='bbox 853 1607 868 1645; x_wconf 89' lang='lat' dir='ltr'>a</span> <span class='ocrx_word' id='word_1_86' title='bbox 885 1588 980 1646; x_wconf 88' lang='lat' dir='ltr'>Patre</span> <span class='ocrx_word' id='word_1_87' title='bbox 996 1587 1026 1646; x_wconf 95' lang='lat' dir='ltr'>in</span> <span class='ocrx_word' id='word_1_88' title='bbox 1044 1597 1159 1647; x_wconf 84' lang='lat' dir='ltr'>terram</span> <span class='ocrx_word' id='word_1_89' title='bbox 1176 1590 1219 1647; x_wconf 84' lang='lat' dir='ltr'>eit</span> <span class='ocrx_word' id='word_1_90' title='bbox 1237 1589 1350 1648; x_wconf 84' lang='lat' dir='ltr'>missus</span> <span class='ocrx_word' id='word_1_91' title='bbox 1363 1599 1394 1650; x_wconf 91' lang='lat' dir='ltr'>et</span> <span class='ocrx_word' id='word_1_92' title='bbox 1407 1609 1476 1649; x_wconf 79' lang='lat' dir='ltr'>sen·</span> 
     </span>
     <span class='ocr_line' id='line_1_12' title="bbox 325 1693 1476 1776; baseline 0.003 -21"><span class='ocrx_word' id='word_1_93' title='bbox 325 1695 465 1766; x_wconf 77' lang='lat' dir='ltr'>tilectus,</span> <span class='ocrx_word' id='word_1_94' title='bbox 490 1706 521 1753; x_wconf 88' lang='lat' dir='ltr'>ut</span> <span class='ocrx_word' id='word_1_95' title='bbox 539 1695 716 1754; x_wconf 78' lang='lat' dir='ltr'>Christus</span> <span class='ocrx_word' id='word_1_96' title='bbox 733 1696 798 1771; x_wconf 88' lang='lat' dir='ltr'>ipse</span> <span class='ocrx_word' id='word_1_97' title='bbox 816 1697 962 1771; x_wconf 79' lang='lat' dir='ltr'>explicet:</span> <span class='ocrx_word' id='word_1_98' title='bbox 986 1693 1027 1756; x_wconf 76' lang='lat' dir='ltr'>St</span> <span class='ocrx_word' id='word_1_99' title='bbox 1043 1697 1118 1756; x_wconf 81' lang='lat' dir='ltr'>illoc</span> <span class='ocrx_word' id='word_1_100' title='bbox 1134 1699 1221 1757; x_wconf 74' lang='lat' dir='ltr'>sti-nit</span> <span class='ocrx_word' id='word_1_101' title='bbox 1237 1696 1369 1774; x_wconf 73' lang='lat' dir='ltr'>(Deus)</span> <span class='ocrx_word' id='word_1_102' title='bbox 1385 1703 1476 1776; x_wconf 53' lang='lat' dir='ltr'>tieem</span> 
     </span>
     <span class='ocr_line' id='line_1_13' title="bbox 322 1802 1476 1884; baseline 0.003 -21"><span class='ocrx_word' id='word_1_103' title='bbox 322 1808 436 1880; x_wconf 72' lang='lat' dir='ltr'>dpuos</span> <span class='ocrx_word' id='word_1_104' title='bbox 466 1823 569 1863; x_wconf 82' lang='lat' dir='ltr'>sermo</span> <span class='ocrx_word' id='word_1_105' title='bbox 601 1802 664 1863; x_wconf 80' lang='lat' dir='ltr'>Dei</span> <span class='ocrx_word' id='word_1_106' title='bbox 692 1806 892 1881; x_wconf 74' lang='lat' dir='ltr'>formaret,</span> <span class='ocrx_word' id='word_1_107' title='bbox 917 1814 947 1864; x_wconf 88' lang='lat' dir='ltr'>et</span> <span class='ocrx_word' id='word_1_108' title='bbox 970 1823 1035 1864; x_wconf 86' lang='lat' dir='ltr'>nou</span> <span class='ocrx_word' id='word_1_109' title='bbox 1053 1814 1160 1883; x_wconf 78' lang='lat' dir='ltr'>potest</span> <span class='ocrx_word' id='word_1_110' title='bbox 1180 1808 1264 1866; x_wconf 73' lang='lat' dir='ltr'>solos·</span> <span class='ocrx_word' id='word_1_111' title='bbox 1284 1804 1476 1884; x_wconf 73' lang='lat' dir='ltr'><em>Scriptura:</em></span> 
     </span>
     <span class='ocr_line' id='line_1_14' title="bbox 322 1912 1479 1991; baseline 0.002 -19"><span class='ocrx_word' id='word_1_112' title='bbox 322 1930 385 1972; x_wconf 81' lang='lat' dir='ltr'>uem</span> <span class='ocrx_word' id='word_1_113' title='bbox 400 1912 504 1973; x_wconf 83' lang='lat' dir='ltr'>Peter</span> <span class='ocrx_word' id='word_1_114' title='bbox 519 1913 751 1991; x_wconf 76' lang='lat' dir='ltr'>sanctificarit,</span> <span class='ocrx_word' id='word_1_115' title='bbox 776 1922 808 1973; x_wconf 87' lang='lat' dir='ltr'>et</span> <span class='ocrx_word' id='word_1_116' title='bbox 822 1916 908 1973; x_wconf 73' lang='lat' dir='ltr'>ducit</span> <span class='ocrx_word' id='word_1_117' title='bbox 924 1916 959 1972; x_wconf 82' lang='lat' dir='ltr'>in</span> <span class='ocrx_word' id='word_1_118' title='bbox 974 1919 1126 1973; x_wconf 82' lang='lat' dir='ltr'>mundum</span> <span class='ocrx_word' id='word_1_119' title='bbox 1133 1958 1144 1990; x_wconf 90' lang='lat'><em>,</em></span> <span class='ocrx_word' id='word_1_120' title='bbox 1168 1932 1226 1973; x_wconf 80' lang='lat' dir='ltr'>ror</span> <span class='ocrx_word' id='word_1_121' title='bbox 1241 1917 1365 1974; x_wconf 67' lang='lat' dir='ltr'>dicitis:</span> <span class='ocrx_word' id='word_1_122' title='bbox 1391 1912 1479 1986; x_wconf 82' lang='lat' dir='ltr'>Ouio</span> 
     </span>
     <span class='ocr_line' id='line_1_15' title="bbox 323 2021 1478 2103; baseline 0.002 -22"><span class='ocrx_word' id='word_1_123' title='bbox 323 2024 505 2099; x_wconf 80' lang='lat' dir='ltr'>lsspltcmuc,</span> <span class='ocrx_word' id='word_1_124' title='bbox 524 2024 700 2098; x_wconf 72' lang='lat' dir='ltr'>putredini,</span> <span class='ocrx_word' id='word_1_125' title='bbox 718 2021 830 2082; x_wconf 76' lang='lat' dir='ltr'>Filius</span> <span class='ocrx_word' id='word_1_126' title='bbox 842 2022 903 2081; x_wconf 84' lang='lat' dir='ltr'>Dei</span> <span class='ocrx_word' id='word_1_127' title='bbox 918 2040 989 2082; x_wconf 78' lang='lat' dir='ltr'>sune</span> <span class='ocrx_word' id='word_1_128' title='bbox 1000 2022 1052 2099; x_wconf 85' lang='lat' dir='ltr'>⁴)‘t</span> <span class='ocrx_word' id='word_1_129' title='bbox 1065 2056 1102 2067; x_wconf 86' lang='lat'>-—</span> <span class='ocrx_word' id='word_1_130' title='bbox 1114 2023 1236 2081; x_wconf 79' lang='lat' dir='ltr'><strong>Etenim</strong></span> <span class='ocrx_word' id='word_1_131' title='bbox 1254 2024 1348 2081; x_wconf 84' lang='lat' dir='ltr'>verba</span> <span class='ocrx_word' id='word_1_132' title='bbox 1366 2026 1478 2103; x_wconf 77' lang='lat' dir='ltr'>Angeli</span> 
     </span>
     <span class='ocr_line' id='line_1_16' title="bbox 322 2131 1476 2209; baseline 0.003 -23"><span class='ocrx_word' id='word_1_133' title='bbox 322 2146 355 2189; x_wconf 83' lang='lat' dir='ltr'>nn</span> <span class='ocrx_word' id='word_1_134' title='bbox 370 2149 436 2190; x_wconf 88' lang='lat' dir='ltr'>cnm</span> <span class='ocrx_word' id='word_1_135' title='bbox 453 2131 627 2189; x_wconf 81' lang='lat' dir='ltr'>immediato</span> <span class='ocrx_word' id='word_1_136' title='bbox 645 2132 898 2206; x_wconf 62' lang='lat' dir='ltr'>praecedentibus</span> <span class='ocrx_word' id='word_1_137' title='bbox 922 2132 1068 2190; x_wconf 78' lang='lat' dir='ltr'><strong>duntaxat</strong></span> <span class='ocrx_word' id='word_1_138' title='bbox 1089 2150 1226 2191; x_wconf 85' lang='lat' dir='ltr'>connexa</span> <span class='ocrx_word' id='word_1_139' title='bbox 1250 2142 1336 2200; x_wconf 83' lang='lat' dir='ltr'>sunt,</span> <span class='ocrx_word' id='word_1_140' title='bbox 1354 2132 1408 2191; x_wconf 91' lang='lat' dir='ltr'>sed</span> <span class='ocrx_word' id='word_1_141' title='bbox 1426 2152 1476 2209; x_wconf 90' lang='lat' dir='ltr'>po·</span> 
     </span>
     <span class='ocr_line' id='line_1_17' title="bbox 322 2236 1476 2315; baseline 0.002 -17"><span class='ocrx_word' id='word_1_142' title='bbox 322 2236 358 2298; x_wconf 83' lang='lat' dir='ltr'>iss</span> <span class='ocrx_word' id='word_1_143' title='bbox 380 2240 606 2299; x_wconf 76' lang='lat' dir='ltr'>conclusionem</span> <span class='ocrx_word' id='word_1_144' title='bbox 630 2240 719 2297; x_wconf 88' lang='lat' dir='ltr'>simul</span> <span class='ocrx_word' id='word_1_145' title='bbox 736 2258 775 2298; x_wconf 82' lang='lat' dir='ltr'>ex</span> <span class='ocrx_word' id='word_1_146' title='bbox 791 2240 1046 2315; x_wconf 77' lang='lat' dir='ltr'>praecedentibus</span> <span class='ocrx_word' id='word_1_147' title='bbox 1070 2240 1239 2301; x_wconf 83' lang='lat' dir='ltr'>continent:</span> <span class='ocrx_word' id='word_1_148' title='bbox 1263 2239 1350 2301; x_wconf 73' lang='lat' dir='ltr'>Ecce</span> <span class='ocrx_word' id='word_1_149' title='bbox 1365 2244 1476 2300; x_wconf 83' lang='lat' dir='ltr'>conci·</span> 
     </span>
     <span class='ocr_line' id='line_1_18' title="bbox 322 2348 1476 2425; baseline 0.002 -19"><span class='ocrx_word' id='word_1_150' title='bbox 322 2348 374 2424; x_wconf 82' lang='lat' dir='ltr'>ies,</span> <span class='ocrx_word' id='word_1_151' title='bbox 391 2358 422 2408; x_wconf 88' lang='lat' dir='ltr'>ct</span> <span class='ocrx_word' id='word_1_152' title='bbox 433 2351 544 2424; x_wconf 73' lang='lat' dir='ltr'>paries</span> <span class='ocrx_word' id='word_1_153' title='bbox 559 2349 676 2424; x_wconf 75' lang='lat' dir='ltr'>filiunt,</span> <span class='ocrx_word' id='word_1_154' title='bbox 693 2357 724 2407; x_wconf 88' lang='lat' dir='ltr'>et</span> <span class='ocrx_word' id='word_1_155' title='bbox 740 2350 868 2408; x_wconf 78' lang='lat' dir='ltr'>recolis</span> <span class='ocrx_word' id='word_1_156' title='bbox 884 2366 999 2408; x_wconf 80' lang='lat' dir='ltr'>nomen</span> <span class='ocrx_word' id='word_1_157' title='bbox 1015 2350 1084 2425; x_wconf 57' lang='lat' dir='ltr'>qus</span> <span class='ocrx_word' id='word_1_158' title='bbox 1099 2348 1222 2409; x_wconf 83' lang='lat' dir='ltr'>Jesum.</span> <span class='ocrx_word' id='word_1_159' title='bbox 1247 2348 1310 2407; x_wconf 84' lang='lat' dir='ltr'>Hic</span> <span class='ocrx_word' id='word_1_160' title='bbox 1326 2352 1391 2408; x_wconf 82' lang='lat' dir='ltr'>erit</span> <span class='ocrx_word' id='word_1_161' title='bbox 1405 2368 1476 2408; x_wconf 81' lang='lat' dir='ltr'>nna·</span> 
     </span>
     <span class='ocr_line' id='line_1_19' title="bbox 322 2456 1476 2535; baseline -0.002 -18"><span class='ocrx_word' id='word_1_162' title='bbox 322 2472 388 2535; x_wconf 76' lang='lat' dir='ltr'>ntus,</span> <span class='ocrx_word' id='word_1_163' title='bbox 405 2467 438 2517; x_wconf 84' lang='lat' dir='ltr'>et</span> <span class='ocrx_word' id='word_1_164' title='bbox 460 2456 571 2517; x_wconf 78' lang='lat' dir='ltr'>Filius</span> <span class='ocrx_word' id='word_1_165' title='bbox 594 2458 753 2517; x_wconf 70' lang='lat' dir='ltr'>ditissimi</span> <span class='ocrx_word' id='word_1_166' title='bbox 777 2460 959 2533; x_wconf 79' lang='lat' dir='ltr'>nocebitur,</span> <span class='ocrx_word' id='word_1_167' title='bbox 986 2466 1042 2519; x_wconf 86' lang='lat' dir='ltr'>etc.</span> <span class='ocrx_word' id='word_1_168' title='bbox 1056 2462 1086 2529; x_wconf 73' lang='grc'>5)</span> <span class='ocrx_word' id='word_1_169' title='bbox 1113 2457 1169 2518; x_wconf 85' lang='lat' dir='ltr'>hoc</span> <span class='ocrx_word' id='word_1_170' title='bbox 1187 2476 1298 2516; x_wconf 86' lang='lat' dir='ltr'>sensu:</span> <span class='ocrx_word' id='word_1_171' title='bbox 1313 2458 1343 2516; x_wconf 92' lang='lat' dir='ltr'>in</span> <span class='ocrx_word' id='word_1_172' title='bbox 1361 2458 1476 2517; x_wconf 85' lang='lat' dir='ltr'>virtute</span> 
     </span>
     <span class='ocr_line' id='line_1_20' title="bbox 322 2564 1474 2648; baseline 0.002 -26"><span class='ocrx_word' id='word_1_173' title='bbox 322 2564 428 2639; x_wconf 87' lang='lat' dir='ltr'>lpiritus</span> <span class='ocrx_word' id='word_1_174' title='bbox 446 2567 480 2625; x_wconf 76' lang='lat' dir='ltr'>S.</span> <span class='ocrx_word' id='word_1_175' title='bbox 497 2566 611 2641; x_wconf 85' lang='lat' dir='ltr'>paries,</span> <span class='ocrx_word' id='word_1_176' title='bbox 629 2566 768 2642; x_wconf 85' lang='lat' dir='ltr'>quoniam</span> <span class='ocrx_word' id='word_1_177' title='bbox 786 2566 839 2623; x_wconf 91' lang='lat' dir='ltr'>tali</span> <span class='ocrx_word' id='word_1_178' title='bbox 857 2566 976 2624; x_wconf 84' lang='lat' dir='ltr'>ratione</span> <span class='ocrx_word' id='word_1_179' title='bbox 992 2566 1112 2624; x_wconf 80' lang='lat' dir='ltr'>nonnisi</span> <span class='ocrx_word' id='word_1_180' title='bbox 1129 2567 1218 2648; x_wconf 76' lang='lat' dir='ltr'>decet</span> <span class='ocrx_word' id='word_1_181' title='bbox 1234 2567 1321 2626; x_wconf 89' lang='lat' dir='ltr'>nasci</span> <span class='ocrx_word' id='word_1_182' title='bbox 1334 2567 1474 2646; x_wconf 75' lang='lat' dir='ltr'>unigeni-</span> 
     </span>
     <span class='ocr_line' id='line_1_21' title="bbox 322 2673 1474 2751; baseline 0.002 -20"><span class='ocrx_word' id='word_1_183' title='bbox 322 2688 358 2732; x_wconf 83' lang='lat' dir='ltr'>tn</span> <span class='ocrx_word' id='word_1_184' title='bbox 371 2676 429 2733; x_wconf 87' lang='lat' dir='ltr'>Dei</span> <span class='ocrx_word' id='word_1_185' title='bbox 445 2675 561 2735; x_wconf 81' lang='lat' dir='ltr'>Filium.</span> <span class='ocrx_word' id='word_1_186' title='bbox 579 2676 709 2751; x_wconf 86' lang='lat' dir='ltr'>ideoque</span> <span class='ocrx_word' id='word_1_187' title='bbox 726 2683 758 2732; x_wconf 91' lang='lat' dir='ltr'>et</span> <span class='ocrx_word' id='word_1_188' title='bbox 773 2684 892 2733; x_wconf 86' lang='lat' dir='ltr'>etc..-</span> <span class='ocrx_word' id='word_1_189' title='bbox 902 2673 988 2748; x_wconf 76' lang='lat' dir='ltr'>Quod</span> <span class='ocrx_word' id='word_1_190' title='bbox 999 2676 1034 2733; x_wconf 91' lang='lat' dir='ltr'>ad</span> <span class='ocrx_word' id='word_1_191' title='bbox 1048 2675 1146 2734; x_wconf 89' lang='lat' dir='ltr'>locum</span> <span class='ocrx_word' id='word_1_192' title='bbox 1163 2676 1315 2735; x_wconf 80' lang='lat' dir='ltr'>laudatum</span> <span class='ocrx_word' id='word_1_193' title='bbox 1333 2694 1371 2734; x_wconf 85' lang='lat' dir='ltr'>ex</span> <span class='ocrx_word' id='word_1_194' title='bbox 1386 2675 1474 2734; x_wconf 76' lang='lat' dir='ltr'>Actis</span> 
     </span>
     <span class='ocr_line' id='line_1_22' title="bbox 322 2783 1476 2864; baseline 0.001 -21"><span class='ocrx_word' id='word_1_195' title='bbox 322 2786 505 2856; x_wconf 72' lang='lat' dir='ltr'>metatorum</span> <span class='ocrx_word' id='word_1_196' title='bbox 523 2784 646 2843; x_wconf 80' lang='lat' dir='ltr'>attinet:</span> <span class='ocrx_word' id='word_1_197' title='bbox 665 2785 698 2844; x_wconf 79' lang='lat' dir='ltr'>s,</span> <span class='ocrx_word' id='word_1_198' title='bbox 714 2784 829 2842; x_wconf 89' lang='lat' dir='ltr'>Paulus</span> <span class='ocrx_word' id='word_1_199' title='bbox 845 2784 949 2843; x_wconf 85' lang='lat' dir='ltr'>verbis</span> <span class='ocrx_word' id='word_1_200' title='bbox 962 2784 1079 2844; x_wconf 82' lang='lat' dir='ltr'>Psalmi</span> <span class='ocrx_word' id='word_1_201' title='bbox 1095 2786 1253 2864; x_wconf 73' lang='lat' dir='ltr'>allegatis:</span> <span class='ocrx_word' id='word_1_202' title='bbox 1270 2783 1476 2844; x_wconf 77' lang='lat' dir='ltr'>Filiusmcue</span> 
     </span>
     <span class='ocr_line' id='line_1_23' title="bbox 323 2893 1474 2971; baseline 0.003 -22"><span class='ocrx_word' id='word_1_203' title='bbox 323 2901 388 2971; x_wconf 83' lang='lat' dir='ltr'>sm,</span> <span class='ocrx_word' id='word_1_204' title='bbox 413 2912 472 2968; x_wconf 76' lang='lat' dir='ltr'>epo</span> <span class='ocrx_word' id='word_1_205' title='bbox 494 2894 589 2953; x_wconf 79' lang='lat' dir='ltr'>dedic</span> <span class='ocrx_word' id='word_1_206' title='bbox 606 2895 707 2968; x_wconf 76' lang='lat' dir='ltr'>penui</span> <span class='ocrx_word' id='word_1_207' title='bbox 727 2902 770 2969; x_wconf 86' lang='lat' dir='ltr'>tc,</span> <span class='ocrx_word' id='word_1_208' title='bbox 793 2893 994 2960; x_wconf 84' lang='lat' dir='ltr'>demonstrat,</span> <span class='ocrx_word' id='word_1_209' title='bbox 1017 2894 1173 2953; x_wconf 80' lang='lat' dir='ltr'>Christum</span> <span class='ocrx_word' id='word_1_210' title='bbox 1196 2913 1250 2971; x_wconf 87' lang='lat' dir='ltr'>per</span> <span class='ocrx_word' id='word_1_211' title='bbox 1267 2895 1474 2954; x_wconf 85' lang='lat' dir='ltr'>resurrectio·</span> 
     </span>
     <span class='ocr_line' id='line_1_24' title="bbox 325 3003 1474 3080; baseline 0.003 -24"><span class='ocrx_word' id='word_1_212' title='bbox 325 3016 361 3059; x_wconf 85' lang='lat' dir='ltr'>en</span> <span class='ocrx_word' id='word_1_213' title='bbox 375 3022 480 3062; x_wconf 88' lang='lat' dir='ltr'>verum</span> <span class='ocrx_word' id='word_1_214' title='bbox 498 3005 557 3062; x_wconf 86' lang='lat' dir='ltr'>Dei</span> <span class='ocrx_word' id='word_1_215' title='bbox 573 3003 679 3062; x_wconf 81' lang='lat' dir='ltr'>Filium</span> <span class='ocrx_word' id='word_1_216' title='bbox 713 3011 869 3060; x_wconf 88' lang='lat' dir='ltr'>ostensum</span> <span class='ocrx_word' id='word_1_217' title='bbox 897 3021 983 3071; x_wconf 86' lang='lat' dir='ltr'>esse,</span> <span class='ocrx_word' id='word_1_218' title='bbox 1010 3022 1199 3080; x_wconf 84' lang='lat' dir='ltr'>nequaqnam</span> <span class='ocrx_word' id='word_1_219' title='bbox 1216 3013 1316 3062; x_wconf 80' lang='lat' dir='ltr'>autom</span> <span class='ocrx_word' id='word_1_220' title='bbox 1348 3005 1474 3071; x_wconf 82' lang='lat' dir='ltr'>lectum,</span> 
     </span>
     <span class='ocr_line' id='line_1_25' title="bbox 324 3075 1472 3222; baseline 0.001 -55"><span class='ocrx_word' id='word_1_221' title='bbox 324 3125 380 3170; x_wconf 78' lang='lat' dir='ltr'>uum</span> <span class='ocrx_word' id='word_1_222' title='bbox 396 3113 516 3171; x_wconf 91' lang='lat' dir='ltr'>nonnisi</span> <span class='ocrx_word' id='word_1_223' title='bbox 532 3132 655 3170; x_wconf 88' lang='lat' dir='ltr'>sensum</span> <span class='ocrx_word' id='word_1_224' title='bbox 672 3112 755 3170; x_wconf 91' lang='lat' dir='ltr'>illum</span> <span class='ocrx_word' id='word_1_225' title='bbox 772 3111 909 3189; x_wconf 85' lang='lat' dir='ltr'>phrasis:</span> <span class='ocrx_word' id='word_1_226' title='bbox 936 3075 1096 3222; x_wconf 44' lang='lat' dir='ltr'>&#39;rpifflssm</span> <span class='ocrx_word' id='word_1_227' title='bbox 1118 3113 1272 3181; x_wconf 79' lang='lat' dir='ltr'>admittnt3</span> <span class='ocrx_word' id='word_1_228' title='bbox 1296 3121 1326 3170; x_wconf 85' lang='lat' dir='ltr'>et</span> <span class='ocrx_word' id='word_1_229' title='bbox 1350 3112 1395 3170; x_wconf 84' lang='lat' dir='ltr'>sic</span> <span class='ocrx_word' id='word_1_230' title='bbox 1413 3129 1472 3169; x_wconf 93' lang='lat' dir='ltr'>non</span> 
     </span>
    </p>
   </div>
   <div class='ocr_carea' id='block_1_3' title="bbox 322 3265 1475 4540">
    <p class='ocr_par' dir='ltr' id='par_1_3' title="bbox 322 3265 1475 4540">
     <span class='ocr_line' id='line_1_26' title="bbox 322 3265 1474 3346; baseline -0.001 -23"><span class='ocrx_word' id='word_1_231' title='bbox 322 3268 576 3326; x_wconf 75' lang='lat' dir='ltr'>tresurrcctione</span> <span class='ocrx_word' id='word_1_232' title='bbox 595 3267 712 3346; x_wconf 78' lang='lat' dir='ltr'>colligit</span> <span class='ocrx_word' id='word_1_233' title='bbox 729 3269 910 3342; x_wconf 74' lang='lat' dir='ltr'>Apostolus,</span> <span class='ocrx_word' id='word_1_234' title='bbox 938 3265 1094 3325; x_wconf 79' lang='lat' dir='ltr'>Christum</span> <span class='ocrx_word' id='word_1_235' title='bbox 1114 3285 1183 3324; x_wconf 88' lang='lat' dir='ltr'>esse</span> <span class='ocrx_word' id='word_1_236' title='bbox 1197 3267 1256 3324; x_wconf 88' lang='lat' dir='ltr'>Dci</span> <span class='ocrx_word' id='word_1_237' title='bbox 1273 3265 1397 3333; x_wconf 80' lang='lat' dir='ltr'>Filium,</span> <span class='ocrx_word' id='word_1_238' title='bbox 1421 3265 1474 3322; x_wconf 88' lang='lat' dir='ltr'>sed</span> 
     </span>
     <span class='ocr_line' id='line_1_27' title="bbox 323 3374 1469 3452; baseline 0.002 -24"><span class='ocrx_word' id='word_1_239' title='bbox 323 3374 390 3435; x_wconf 87' lang='lat' dir='ltr'>otius</span> <span class='ocrx_word' id='word_1_240' title='bbox 411 3395 448 3434; x_wconf 83' lang='lat' dir='ltr'>ex</span> <span class='ocrx_word' id='word_1_241' title='bbox 472 3397 524 3442; x_wconf 86' lang='lat' dir='ltr'>co,</span> <span class='ocrx_word' id='word_1_242' title='bbox 542 3376 619 3452; x_wconf 85' lang='lat' dir='ltr'>quod</span> <span class='ocrx_word' id='word_1_243' title='bbox 637 3375 780 3434; x_wconf 74' lang='lat' dir='ltr'>Christus</span> <span class='ocrx_word' id='word_1_244' title='bbox 798 3376 838 3432; x_wconf 91' lang='lat' dir='ltr'>sit</span> <span class='ocrx_word' id='word_1_245' title='bbox 854 3375 912 3434; x_wconf 89' lang='lat' dir='ltr'>Dei</span> <span class='ocrx_word' id='word_1_246' title='bbox 929 3375 1039 3443; x_wconf 79' lang='lat' dir='ltr'>uilius,</span> <span class='ocrx_word' id='word_1_247' title='bbox 1057 3375 1187 3433; x_wconf 86' lang='lat' dir='ltr'>debitam</span> <span class='ocrx_word' id='word_1_248' title='bbox 1205 3375 1301 3434; x_wconf 71' lang='lat' dir='ltr'>titisse</span> <span class='ocrx_word' id='word_1_249' title='bbox 1319 3375 1347 3431; x_wconf 88' lang='lat' dir='ltr'>ci</span> <span class='ocrx_word' id='word_1_250' title='bbox 1365 3391 1469 3431; x_wconf 87' lang='lat' dir='ltr'>resur·</span> 
     </span>
     <span class='ocr_line' id='line_1_28' title="bbox 322 3484 1475 3562; baseline 0.001 -21"><span class='ocrx_word' id='word_1_251' title='bbox 322 3487 457 3544; x_wconf 75' lang='lat' dir='ltr'>notionem</span> <span class='ocrx_word' id='word_1_252' title='bbox 491 3486 653 3545; x_wconf 86' lang='lat' dir='ltr'>concludit.</span> <span class='ocrx_word' id='word_1_253' title='bbox 688 3486 792 3544; x_wconf 83' lang='lat' dir='ltr'>Verba</span> <span class='ocrx_word' id='word_1_254' title='bbox 825 3494 924 3544; x_wconf 87' lang='lat' dir='ltr'>autem</span> <span class='ocrx_word' id='word_1_255' title='bbox 951 3505 986 3543; x_wconf 86' lang='lat' dir='ltr'>ex</span> <span class='ocrx_word' id='word_1_256' title='bbox 1005 3484 1133 3562; x_wconf 83' lang='lat' dir='ltr'>epistola</span> <span class='ocrx_word' id='word_1_257' title='bbox 1158 3486 1198 3543; x_wconf 90' lang='lat' dir='ltr'>ad</span> <span class='ocrx_word' id='word_1_258' title='bbox 1221 3485 1475 3542; x_wconf 81' lang='lat' dir='ltr'>Romanosaut</span> 
     </span>
     <span class='ocr_line' id='line_1_29' title="bbox 322 3593 1473 3673; baseline -0.001 -22"><span class='ocrx_word' id='word_1_259' title='bbox 322 3594 375 3654; x_wconf 73' lang='lat' dir='ltr'>nte</span> <span class='ocrx_word' id='word_1_260' title='bbox 392 3605 506 3654; x_wconf 84' lang='lat' dir='ltr'>textum</span> <span class='ocrx_word' id='word_1_261' title='bbox 524 3614 671 3673; x_wconf 82' lang='lat' dir='ltr'>graecum</span> <span class='ocrx_word' id='word_1_262' title='bbox 690 3595 827 3664; x_wconf 89' lang='lat' dir='ltr'>edicunt,</span> <span class='ocrx_word' id='word_1_263' title='bbox 852 3595 960 3653; x_wconf 63' lang='lat' dir='ltr'>‚lesum</span> <span class='ocrx_word' id='word_1_264' title='bbox 980 3593 1152 3663; x_wconf 77' lang='lat' dir='ltr'>Christum,</span> <span class='ocrx_word' id='word_1_265' title='bbox 1170 3593 1219 3670; x_wconf 87' lang='lat' dir='ltr'>qui</span> <span class='ocrx_word' id='word_1_266' title='bbox 1236 3593 1403 3652; x_wconf 81' lang='lat' dir='ltr'>secondum</span> <span class='ocrx_word' id='word_1_267' title='bbox 1420 3610 1473 3651; x_wconf 82' lang='lat' dir='ltr'>na·</span> 
     </span>
     <span class='ocr_line' id='line_1_30' title="bbox 322 3702 1473 3781; baseline -0.001 -20"><span class='ocrx_word' id='word_1_268' title='bbox 322 3713 389 3762; x_wconf 71' lang='lat' dir='ltr'>tram</span> <span class='ocrx_word' id='word_1_269' title='bbox 421 3704 619 3763; x_wconf 84' lang='lat' dir='ltr'>humannme</span> <span class='ocrx_word' id='word_1_270' title='bbox 652 3704 766 3762; x_wconf 84' lang='lat' dir='ltr'>semine</span> <span class='ocrx_word' id='word_1_271' title='bbox 799 3703 927 3762; x_wconf 82' lang='lat' dir='ltr'>Davidis</span> <span class='ocrx_word' id='word_1_272' title='bbox 960 3703 1111 3781; x_wconf 79' lang='lat' dir='ltr'>originem</span> <span class='ocrx_word' id='word_1_273' title='bbox 1145 3702 1242 3773; x_wconf 83' lang='lat' dir='ltr'>duxit,</span> <span class='ocrx_word' id='word_1_274' title='bbox 1275 3703 1334 3761; x_wconf 88' lang='lat' dir='ltr'>Dei</span> <span class='ocrx_word' id='word_1_275' title='bbox 1365 3702 1473 3760; x_wconf 76' lang='lat' dir='ltr'>titium</span> 
     </span>
     <span class='ocr_line' id='line_1_31' title="bbox 323 3806 1473 3887; baseline 0.001 -20"><span class='ocrx_word' id='word_1_276' title='bbox 323 3806 410 3877; x_wconf 79' lang='lat' dir='ltr'>piritu</span> <span class='ocrx_word' id='word_1_277' title='bbox 442 3813 542 3870; x_wconf 89' lang='lat' dir='ltr'>divino</span> <span class='ocrx_word' id='word_1_278' title='bbox 574 3833 628 3871; x_wconf 83' lang='lat' dir='ltr'>sou</span> <span class='ocrx_word' id='word_1_279' title='bbox 662 3813 775 3871; x_wconf 88' lang='lat' dir='ltr'>virtute</span> <span class='ocrx_word' id='word_1_280' title='bbox 808 3831 863 3870; x_wconf 86' lang='lat' dir='ltr'>sua</span> <span class='ocrx_word' id='word_1_281' title='bbox 895 3811 996 3870; x_wconf 82' lang='lat' dir='ltr'>divina</span> <span class='ocrx_word' id='word_1_282' title='bbox 1033 3811 1244 3887; x_wconf 85' lang='lat' dir='ltr'>potentissime</span> <span class='ocrx_word' id='word_1_283' title='bbox 1284 3811 1473 3870; x_wconf 75' lang='lat' dir='ltr'>declaratum</span> 
     </span>
     <span class='ocr_line' id='line_1_32' title="bbox 322 3919 1471 3997; baseline 0.001 -21"><span class='ocrx_word' id='word_1_284' title='bbox 322 3927 362 3976; x_wconf 70' lang='lat' dir='ltr'>&#39;fle</span> <span class='ocrx_word' id='word_1_285' title='bbox 385 3939 439 3997; x_wconf 86' lang='lat' dir='ltr'>per</span> <span class='ocrx_word' id='word_1_286' title='bbox 466 3922 595 3980; x_wconf 85' lang='lat' dir='ltr'>reditum</span> <span class='ocrx_word' id='word_1_287' title='bbox 622 3922 651 3979; x_wconf 92' lang='lat' dir='ltr'>in</span> <span class='ocrx_word' id='word_1_288' title='bbox 677 3921 788 3988; x_wconf 85' lang='lat' dir='ltr'>vitam,</span> <span class='ocrx_word' id='word_1_289' title='bbox 810 3923 858 3978; x_wconf 86' lang='lat' dir='ltr'>vel</span> <span class='ocrx_word' id='word_1_290' title='bbox 882 3920 918 3978; x_wconf 82' lang='lat' dir='ltr'>ab</span> <span class='ocrx_word' id='word_1_291' title='bbox 936 3938 973 3977; x_wconf 90' lang='lat' dir='ltr'>eo</span> <span class='ocrx_word' id='word_1_292' title='bbox 990 3919 1058 3977; x_wconf 88' lang='lat' dir='ltr'>inde</span> <span class='ocrx_word' id='word_1_293' title='bbox 1087 3928 1240 3994; x_wconf 90' lang='lat' dir='ltr'>tempore,</span> <span class='ocrx_word' id='word_1_294' title='bbox 1258 3919 1361 3996; x_wconf 85' lang='lat' dir='ltr'>quoin</span> <span class='ocrx_word' id='word_1_295' title='bbox 1378 3919 1471 3977; x_wconf 85' lang='lat' dir='ltr'>vitam</span> 
     </span>
     <span class='ocr_line' id='line_1_33' title="bbox 323 4020 1473 4109; baseline 0 -23"><span class='ocrx_word' id='word_1_296' title='bbox 323 4020 395 4099; x_wconf 77' lang='lat' dir='ltr'>dii13</span> <span class='ocrx_word' id='word_1_297' title='bbox 414 4030 567 4105; x_wconf 80' lang='lat' dir='ltr'>autjuxtn</span> <span class='ocrx_word' id='word_1_298' title='bbox 588 4032 771 4109; x_wconf 75' lang='lat' dir='ltr'>volgatam,</span> <span class='ocrx_word' id='word_1_299' title='bbox 794 4031 903 4089; x_wconf 77' lang='lat' dir='ltr'>desum</span> <span class='ocrx_word' id='word_1_300' title='bbox 936 4047 995 4086; x_wconf 93' lang='lat' dir='ltr'>non</span> <span class='ocrx_word' id='word_1_301' title='bbox 1029 4046 1144 4086; x_wconf 87' lang='lat' dir='ltr'>merum</span> <span class='ocrx_word' id='word_1_302' title='bbox 1177 4027 1473 4105; x_wconf 78' lang='lat' dir='ltr'>hominemegente</span> 
     </span>
     <span class='ocr_line' id='line_1_34' title="bbox 322 4136 1472 4214; baseline -0.003 -17"><span class='ocrx_word' id='word_1_303' title='bbox 322 4139 438 4197; x_wconf 78' lang='lat' dir='ltr'>¹vidica</span> <span class='ocrx_word' id='word_1_304' title='bbox 454 4149 570 4205; x_wconf 88' lang='lat' dir='ltr'>ortum,</span> <span class='ocrx_word' id='word_1_305' title='bbox 588 4139 641 4197; x_wconf 81' lang='lat' dir='ltr'>ced</span> <span class='ocrx_word' id='word_1_306' title='bbox 659 4140 747 4197; x_wconf 85' lang='lat' dir='ltr'>simul</span> <span class='ocrx_word' id='word_1_307' title='bbox 765 4138 1026 4214; x_wconf 84' lang='lat' dir='ltr'>praedestinatum</span> <span class='ocrx_word' id='word_1_308' title='bbox 1043 4138 1151 4205; x_wconf 86' lang='lat' dir='ltr'>inisse,</span> <span class='ocrx_word' id='word_1_309' title='bbox 1169 4136 1218 4212; x_wconf 87' lang='lat' dir='ltr'>qui</span> <span class='ocrx_word' id='word_1_310' title='bbox 1236 4155 1270 4194; x_wconf 87' lang='lat' dir='ltr'>se</span> <span class='ocrx_word' id='word_1_311' title='bbox 1287 4137 1472 4195; x_wconf 78' lang='lat' dir='ltr'>certissimis</span> 
     </span>
     <span class='ocr_line' id='line_1_35' title="bbox 322 4244 1472 4323; baseline -0.003 -17"><span class='ocrx_word' id='word_1_312' title='bbox 322 4249 480 4316; x_wconf 57' lang='lat' dir='ltr'>&amp;umentis</span> <span class='ocrx_word' id='word_1_313' title='bbox 497 4249 556 4306; x_wconf 89' lang='lat' dir='ltr'>Dei</span> <span class='ocrx_word' id='word_1_314' title='bbox 573 4248 680 4306; x_wconf 76' lang='lat' dir='ltr'>uitium</span> <span class='ocrx_word' id='word_1_315' title='bbox 698 4247 923 4323; x_wconf 82' lang='lat' dir='ltr'>comprobaret.</span> <span class='ocrx_word' id='word_1_316' title='bbox 939 4279 981 4289; x_wconf 89' lang='lat'>—-</span> <span class='ocrx_word' id='word_1_317' title='bbox 997 4246 1069 4304; x_wconf 88' lang='lat' dir='ltr'>Pari</span> <span class='ocrx_word' id='word_1_318' title='bbox 1088 4245 1174 4304; x_wconf 90' lang='lat' dir='ltr'>modo</span> <span class='ocrx_word' id='word_1_319' title='bbox 1190 4245 1312 4304; x_wconf 75' lang='lat' dir='ltr'>tandem</span> <span class='ocrx_word' id='word_1_320' title='bbox 1330 4244 1472 4304; x_wconf 75' lang='lat' dir='ltr'>Christus</span> 
     </span>
     <span class='ocr_line' id='line_1_36' title="bbox 322 4345 1471 4433; baseline -0.002 -19"><span class='ocrx_word' id='word_1_321' title='bbox 322 4345 394 4416; x_wconf 69' lang='lat' dir='ltr'>inno</span> <span class='ocrx_word' id='word_1_322' title='bbox 419 4358 486 4417; x_wconf 91' lang='lat' dir='ltr'>loco</span> <span class='ocrx_word' id='word_1_323' title='bbox 503 4357 532 4414; x_wconf 95' lang='lat' dir='ltr'>in</span> <span class='ocrx_word' id='word_1_324' title='bbox 552 4356 678 4414; x_wconf 88' lang='lat' dir='ltr'>medium</span> <span class='ocrx_word' id='word_1_325' title='bbox 696 4356 826 4432; x_wconf 82' lang='lat' dir='ltr'>prolato,</span> <span class='ocrx_word' id='word_1_326' title='bbox 844 4356 894 4413; x_wconf 87' lang='lat' dir='ltr'>ubi</span> <span class='ocrx_word' id='word_1_327' title='bbox 911 4373 945 4413; x_wconf 83' lang='lat' dir='ltr'>se</span> <span class='ocrx_word' id='word_1_328' title='bbox 964 4355 1091 4413; x_wconf 85' lang='lat' dir='ltr'>aPntre</span> <span class='ocrx_word' id='word_1_329' title='bbox 1108 4355 1232 4412; x_wconf 77' lang='lat' dir='ltr'>missum</span> <span class='ocrx_word' id='word_1_330' title='bbox 1251 4363 1281 4410; x_wconf 87' lang='lat' dir='ltr'>et</span> <span class='ocrx_word' id='word_1_331' title='bbox 1298 4354 1471 4433; x_wconf 77' lang='lat' dir='ltr'>allegatum</span> 
     </span>
     <span class='ocr_line' id='line_1_37' title="bbox 337 4450 1471 4540; baseline -0.002 -17"><span class='ocrx_word' id='word_1_332' title='bbox 337 4477 449 4524; x_wconf 80' lang='lat' dir='ltr'>munus</span> <span class='ocrx_word' id='word_1_333' title='bbox 472 4467 662 4524; x_wconf 84' lang='lat' dir='ltr'>Messianum</span> <span class='ocrx_word' id='word_1_334' title='bbox 683 4450 865 4540; x_wconf 85' lang='lat' dir='ltr'>implendum</span> <span class='ocrx_word' id='word_1_335' title='bbox 887 4464 972 4532; x_wconf 87' lang='lat' dir='ltr'>dicit,</span> <span class='ocrx_word' id='word_1_336' title='bbox 999 4482 1103 4521; x_wconf 86' lang='lat' dir='ltr'>verum</span> <span class='ocrx_word' id='word_1_337' title='bbox 1122 4483 1158 4523; x_wconf 85' lang='lat' dir='ltr'>ac</span> <span class='ocrx_word' id='word_1_338' title='bbox 1175 4463 1331 4540; x_wconf 86' lang='lat' dir='ltr'>proprium</span> <span class='ocrx_word' id='word_1_339' title='bbox 1348 4462 1407 4522; x_wconf 86' lang='lat' dir='ltr'>Dei</span> <span class='ocrx_word' id='word_1_340' title='bbox 1423 4462 1471 4521; x_wconf 76' lang='lat' dir='ltr'>ri-</span> 
     </span>
    </p>
   </div>
   <div class='ocr_carea' id='block_1_4' title="bbox 322 4676 1472 4948">
    <p class='ocr_par' dir='ltr' id='par_1_4' title="bbox 322 4676 1472 4948">
     <span class='ocr_line' id='line_1_38' title="bbox 396 4676 1472 4762; baseline 0.001 -22"><span class='ocrx_word' id='word_1_341' title='bbox 396 4681 419 4761; x_wconf 89' lang='lat'>¹)</span> <span class='ocrx_word' id='word_1_342' title='bbox 435 4683 509 4740; x_wconf 91' lang='lat' dir='ltr'>Luc.</span> <span class='ocrx_word' id='word_1_343' title='bbox 529 4679 558 4753; x_wconf 89' lang='grc'>1,</span> <span class='ocrx_word' id='word_1_344' title='bbox 574 4678 712 4762; x_wconf 79' lang='lat'>35.-²)</span> <span class='ocrx_word' id='word_1_345' title='bbox 728 4685 796 4743; x_wconf 81' lang='lat' dir='ltr'>Aci.</span> <span class='ocrx_word' id='word_1_346' title='bbox 815 4681 865 4752; x_wconf 85' lang='lat'>13,</span> <span class='ocrx_word' id='word_1_347' title='bbox 882 4679 1022 4757; x_wconf 70' lang='lat'><strong>33·—³)</strong></span> <span class='ocrx_word' id='word_1_348' title='bbox 1040 4677 1267 4751; x_wconf 86' lang='lat' dir='ltr'>Rom.l,3—4.</span> <span class='ocrx_word' id='word_1_349' title='bbox 1284 4714 1330 4727; x_wconf 92' lang='lat'>—</span> <span class='ocrx_word' id='word_1_350' title='bbox 1347 4676 1472 4762; x_wconf 81' lang='lat' dir='ltr'>⁴)Joan.</span> 
     </span>
     <span class='ocr_line' id='line_1_39' title="bbox 322 4757 1471 4836; baseline -0.003 -1"><span class='ocrx_word' id='word_1_351' title='bbox 322 4757 344 4836; x_wconf 64' lang='lat' dir='ltr'>l,</span> <span class='ocrx_word' id='word_1_352' title='bbox 361 4768 501 4833; x_wconf 49' lang='lat' dir='ltr'>ato-⁶36.</span> <span class='ocrx_word' id='word_1_353' title='bbox 527 4771 574 4834; x_wconf 86' lang='lat' dir='ltr'>cf.</span> <span class='ocrx_word' id='word_1_354' title='bbox 598 4772 709 4834; x_wconf 81' lang='lat' dir='ltr'>Orell.</span> <span class='ocrx_word' id='word_1_355' title='bbox 730 4775 778 4833; x_wconf 89' lang='lat' dir='ltr'>De</span> <span class='ocrx_word' id='word_1_356' title='bbox 799 4793 850 4834; x_wconf 81' lang='lat' dir='ltr'>un.</span> <span class='ocrx_word' id='word_1_357' title='bbox 873 4777 948 4834; x_wconf 82' lang='lat' dir='ltr'>Deo.</span> <span class='ocrx_word' id='word_1_358' title='bbox 973 4774 1010 4833; x_wconf 92' lang='lat' dir='ltr'>P.</span> <span class='ocrx_word' id='word_1_359' title='bbox 1029 4773 1048 4833; x_wconf 86' lang='lat' dir='ltr'>l.</span> <span class='ocrx_word' id='word_1_360' title='bbox 1066 4775 1094 4832; x_wconf 86' lang='lat' dir='ltr'>i.</span> <span class='ocrx_word' id='word_1_361' title='bbox 1112 4791 1136 4830; x_wconf 87' lang='lat' dir='ltr'>c.</span> <span class='ocrx_word' id='word_1_362' title='bbox 1154 4775 1203 4833; x_wconf 84' lang='lat'>31.</span> <span class='ocrx_word' id='word_1_363' title='bbox 1220 4772 1250 4830; x_wconf 88' lang='lat' dir='ltr'>in</span> <span class='ocrx_word' id='word_1_364' title='bbox 1267 4769 1348 4835; x_wconf 80' lang='lat' dir='ltr'>Bitt.</span> <span class='ocrx_word' id='word_1_365' title='bbox 1366 4771 1471 4832; x_wconf 73' lang='lat' dir='ltr'>From.</span> 
     </span>
     <span class='ocr_line' id='line_1_40' title="bbox 323 4857 1144 4948; baseline 0.002 -27"><span class='ocrx_word' id='word_1_366' title='bbox 323 4857 396 4929; x_wconf 77' lang='lat' dir='ltr'>0lon.</span> <span class='ocrx_word' id='word_1_367' title='bbox 412 4860 636 4943; x_wconf 77' lang='lat' dir='ltr'>irenopllibii.</span> <span class='ocrx_word' id='word_1_368' title='bbox 654 4865 692 4927; x_wconf 87' lang='lat' dir='ltr'>T.</span> <span class='ocrx_word' id='word_1_369' title='bbox 708 4861 739 4926; x_wconf 83' lang='lat'>4.</span> <span class='ocrx_word' id='word_1_370' title='bbox 757 4900 801 4911; x_wconf 87' lang='lat'>--</span> <span class='ocrx_word' id='word_1_371' title='bbox 818 4860 845 4948; x_wconf 66' lang='grc' dir='ltr'>εἱ)</span> <span class='ocrx_word' id='word_1_372' title='bbox 864 4865 938 4927; x_wconf 86' lang='lat' dir='ltr'>Luc.</span> <span class='ocrx_word' id='word_1_373' title='bbox 957 4863 986 4934; x_wconf 88' lang='lat' dir='ltr'>l,</span> <span class='ocrx_word' id='word_1_374' title='bbox 1001 4859 1144 4927; x_wconf 83' lang='lat'><strong>31-33.</strong></span> 
     </span>
    </p>
   </div>
   <div class='ocr_carea' id='block_1_5' title="bbox 0 0 1892 5625">
    <p class='ocr_par' dir='ltr' id='par_1_5' title="bbox 0 0 1892 5625">
     <span class='ocr_line' id='line_1_41' title="bbox 0 0 1892 5625; baseline 0 2"><span class='ocrx_word' id='word_1_375' title='bbox 0 0 1892 5625; x_wconf 95' lang='lat' dir='ltr'> </span> 
     </span>
    </p>
   </div>
  </div>
 </body>
</html>
