3775 5625
1462 449 1528 513 449

344 613 437 684 here,
460 634 554 696 quum
572 612 728 696 perillam
746 614 783 675 ad
802 613 882 675 haue
899 632 1136 695 praeparemur,
1154 632 1250 695 supra
1267 612 1483 676 declaraverat
1496 614 1530 689 ¹).

345 723 410 784 Sed
427 722 486 784 sub
502 720 564 784 lide
582 734 612 783 et
628 742 685 804 spe
702 720 733 783 in
750 721 822 784 loco
840 720 976 805 allegato
994 720 1087 784 fidem
1106 733 1137 783 et
1153 741 1243 804 spem
1257 724 1452 799 formatum,
1472 720 1491 783 i.
1502 742 1529 784 e.

344 849 415 893 eam
446 828 609 917 intelligit,
643 850 721 914 quae
754 850 795 893 ex
828 828 981 892 charitate
1013 828 1238 912 proficiscitur,
1270 841 1360 913 etper
1378 850 1447 893 eam
1465 829 1529 892 ani-

343 950 463 1013 mator,
487 951 519 1003 et
540 960 618 1024 quae
641 938 746 1023 itaque
769 959 787 1002 a
811 937 963 1001 charitate
984 938 1054 1021 ipsa
1076 936 1217 1002 essentia
1233 939 1313 1001 haud
1332 937 1446 1003 differt.

460 1047 609 1125 Quamvis
642 1061 745 1113 autem
782 1047 887 1134 gratia
919 1060 1046 1135 gratum
1078 1047 1199 1112 faciens
1225 1070 1282 1112 seu
1300 1047 1483 1133 justificans
1501 1061 1532 1111 et

344 1156 485 1221 charitas
517 1157 553 1220 re
575 1155 645 1241 ipsi
666 1158 748 1221 haud
773 1156 1022 1243 distinguantur:
1046 1158 1120 1221 illud
1139 1170 1242 1221 tamen
1261 1156 1432 1220 discrimen
1449 1157 1532 1221 inter

344 1278 509 1351 utramque
541 1265 724 1341 intercedit,
747 1267 830 1351 quod
849 1266 973 1350 justitia
997 1268 1148 1331 cordibus
1167 1267 1287 1331 nostris
1304 1287 1361 1350 per
1378 1266 1531 1350 Spiritum
1628 1304 1633 1308 -

344 1379 379 1439 S.
395 1375 502 1440 inlusa
519 1398 577 1461 pro
595 1375 721 1440 diversa
745 1397 802 1439 soa
824 1376 957 1450 virtute,
990 1397 1046 1439 seu
1080 1376 1208 1439 diverso
1231 1374 1365 1450 effectu,
1387 1398 1478 1461 quem
1501 1377 1531 1438 iu

344 1484 439 1548 nohis
456 1484 577 1571 gignit,
610 1487 706 1549 modo
730 1486 806 1558 hoc,
829 1486 924 1548 modo
941 1486 994 1548 illo
1013 1485 1140 1549 nomine
1157 1485 1362 1572 insigniatur,
1387 1484 1532 1548 nimirum

344 1594 480 1679 gratia
492 1594 673 1678 justificans
690 1616 746 1658 seu
763 1606 892 1681 gratum
907 1594 1028 1658 faciens
1046 1595 1233 1679 adpelletur,
1256 1608 1409 1680 quatenus
1430 1595 1529 1658 homi·

344 1724 417 1767 nem
438 1703 507 1767 Deo
530 1716 655 1790 gratum
692 1704 917 1788 amabilemque
947 1703 1066 1776 reddit,
1090 1725 1147 1767 seu
1169 1718 1325 1789 quatenus
1348 1716 1398 1768 est
1414 1703 1529 1788 princi-

344 1812 430 1897 pium
447 1813 623 1878 exsistendi
641 1813 936 1898 supernaturaliter,
954 1826 985 1877 et
1008 1813 1194 1887 charitas,
1219 1827 1373 1900 quatenos
1390 1815 1532 1878 volunta·

343 1934 409 1987 tem
426 1935 569 1987 nostram
594 1936 737 2007 paratam
759 1922 857 1987 allicit
873 1925 912 1986 ad
928 1923 1030 1987 Deum
1048 1944 1146 2006 super
1163 1923 1269 1989 omnia
1285 1936 1317 1986 et
1332 1936 1466 2007 propter
1483 1947 1532 1987 se·

343 2031 514 2116 metipsum
548 2032 756 2120 diligendum,
777 2053 834 2096 seu
857 2034 962 2117 quoad
978 2045 1028 2096 est
1044 2032 1233 2117 principium
1250 2032 1404 2117 operandi
1423 2055 1532 2117 supcr-

343 2141 581 2220 naturaliter²);
603 2155 696 2225 atque
717 2129 801 2226 ¹quod
823 2141 926 2227 gratia
944 2140 1128 2226 justificans
1150 2143 1188 2203 ad
1212 2163 1323 2205 omnes
1349 2142 1472 2206 animae
1491 2144 1532 2205 la-

343 2251 480 2315 cultates
497 2250 665 2323 referatur,
683 2249 822 2315 charitas
839 2264 942 2314 autem
962 2263 1080 2315 tantum
1098 2251 1292 2315 veluntatem
1309 2250 1437 2315 alliciat.

505 2514 531 2595 ξ.
548 2509 617 2579 99.
634 2507 849 2578 charitas
866 2528 894 2579 a
911 2506 1091 2595 §piritu
1110 2508 1151 2578 S.
1170 2507 1369 2577 diversa.

452 2711 487 2774 Si
503 2710 608 2799 gratia
618 2709 799 2795 justificans
817 2733 873 2775 seu
891 2710 1040 2785 charitas
1058 2724 1091 2774 ut
1108 2709 1322 2803 ostendimus,
1340 2709 1457 2771 donum
1475 2708 1533 2772 Dei

344 2821 439 2885 nobis
461 2820 654 2884 intrinsecus
677 2842 733 2904 per
759 2823 888 2884 modum
904 2820 1030 2885 habitus
1047 2821 1217 2884 inhaerens
1235 2830 1300 2882 est:
1333 2830 1418 2901 patet
1434 2841 1533 2903 porro

345 2952 483 3016 quoque,
499 2930 601 3014 ipsam
618 2952 681 2993 uon
700 2951 773 2994 esse
791 2929 944 3014 Spiritum
962 2934 1010 3004 S,
1034 2932 1118 3015 quod
1134 2930 1227 2992 Dion.
1258 2927 1486 3007 Petavius³),
1504 2942 1535 2992 et

346 3052 421 3104 ante
439 3060 510 3102 eum
526 3039 628 3125 Magi
640 3051 726 3102 ster
743 3038 968 3102 Sententiar
979 3061 1034 3102 um
1044 3048 1074 3116 ⁴)
1086 3038 1204 3112 docuit,
1217 3038 1274 3099 sed
1290 3057 1363 3100 esse
1376 3035 1534 3110 effectum,

346 3149 386 3212 ab
403 3148 476 3232 ipso
492 3147 524 3210 in
541 3148 634 3211 nohis
652 3149 852 3231 productum,
870 3147 921 3231 qui
940 3146 1065 3210 nonnisi
1083 3167 1139 3230 per
1157 3147 1401 3230 synecdochen,
1419 3167 1533 3231 nequa·

346 3277 441 3342 quarn
459 3269 563 3320 autem
579 3257 709 3342 proprie
726 3256 866 3340 Spiritus
885 3260 917 3320 S.
936 3257 1118 3340 adpelletur.
1143 3257 1224 3319 Nam
1241 3254 1425 3338 SpirituiS.,
1443 3257 1535 3319 uobis

344 3368 466 3440 inesse,
483 3378 536 3429 aut
551 3366 582 3428 io
599 3366 692 3429 nohis
710 3363 851 3441 diffundi,
867 3365 929 3429 alio
946 3368 1042 3429 modo
1059 3366 1141 3428 hand
1158 3363 1317 3437 convenit,
1335 3363 1394 3426 nisi
1412 3363 1536 3428 ratione

346 3477 507 3539 donorum
528 3473 643 3560 ipsius3
676 3496 771 3540 secus
794 3475 878 3538 enim
900 3474 1039 3559 Spiritus
1054 3473 1177 3537 divinus
1194 3496 1212 3537 a
1229 3473 1321 3537 nohis
1344 3495 1407 3536 non
1425 3487 1537 3558 posset

346 3604 423 3647 esse
440 3583 623 3658 distinctus,
641 3587 698 3648 sed
715 3606 795 3648 unus
817 3584 961 3668 idemque
979 3596 1068 3647 esset
1085 3582 1271 3657 nobiscum,
1296 3584 1379 3668 quod
1396 3584 1536 3667 panthei·

345 3714 452 3756 smum
484 3694 576 3776 sapit.
600 3695 870 3771 Quemadmodum
904 3706 935 3757 et
966 3714 1081 3756 rerera
1102 3694 1262 3764 Paulus,
1297 3715 1391 3778 quum
1410 3693 1537 3756 scribit:

350 3804 510 3864 Charitas
532 3805 592 3864 Dei
609 3807 729 3882 diffusa
746 3813 798 3866 eat
811 3812 845 3865 in
862 3808 1016 3865 cordibus
1037 3812 1162 3865 nostris
1181 3826 1251 3884 per
1269 3803 1468 3883 Spiritum
1486 3802 1536 3879 S,

347 3921 405 3994 qut
429 3917 527 3975 dotus
553 3922 604 3974 est
623 3911 768 3998 nodir⁵)‚
801 3927 910 3997 aperte
935 3913 1121 3976 charitatem
1144 3934 1161 3976 a
1185 3912 1305 3996 Spiritu
1330 3915 1361 3973 S.
1382 3923 1539 3994 tamquam

348 4018 498 4083 effectum
521 4041 539 4084 a
561 4042 658 4085 causa
682 4022 856 4107 distinguit.
898 4023 1141 4109 Augustinus
1159 4034 1263 4084 autem
1282 4022 1385 4093 docet,
1404 4019 1537 4081 charita-

348 4141 414 4192 tem
432 4150 506 4192 esse
522 4129 671 4194 virtutem
688 4132 783 4193 arrimi
801 4131 954 4211 riostri⁰);
973 4154 1071 4216 porro
1084 4131 1268 4195 charitatem
1288 4150 1360 4190 esse
1372 4129 1540 4211 justitiam,

348 4259 411 4323 qua
423 4239 502 4322 justi
520 4262 630 4303 sumus
642 4244 683 4320 ²),
718 4255 745 4302 et
766 4240 940 4324 justitiam,
959 4265 1018 4326 qua
1035 4241 1113 4325 justi
1138 4262 1264 4305 sumus,
1297 4258 1369 4300 esse
1393 4238 1539 4301 virtutem

457 4523 484 4594 ¹)
502 4519 536 4577 0.
555 4522 582 4578 6.
617 4553 657 4560 -
687 4517 998 4595 ²)Richard.a.S.
1033 4516 1131 4578 Vter,
1149 4518 1189 4573 In
1206 4518 1233 4574 2.
1252 4515 1334 4573 Saul.
1352 4517 1381 4574 d.
1400 4516 1447 4572 26.
1466 4533 1493 4586 q.
1511 4515 1541 4571 4.

347 4611 462 4672 Andr.
481 4609 603 4687 Vaga,
621 4611 661 4667 In
679 4610 768 4670 Uoue.
791 4609 923 4669 Trr'dent.
943 4610 962 4670 l,
982 4610 1007 4667 t.
1026 4626 1049 4666 c.
1070 4609 1109 4665 25
1126 4627 1167 4669 sa.
1186 4641 1223 4649 -—
1248 4604 1274 4678 ³)
1292 4606 1341 4663 De
1365 4602 1450 4661 Trio.
1469 4604 1486 4663 l.
1512 4605 1540 4663 8.

349 4725 375 4764 e.
392 4708 422 4765 4.
440 4722 470 4761 a.
487 4703 515 4762 5.
534 4703 583 4758 De
601 4702 640 4760 tt.
659 4703 755 4773 dopna.
773 4699 819 4759 ed.
838 4719 862 4757 c.
897 4695 935 4759 T.
953 4696 983 4761 2.
1001 4720 1031 4776 p.
1048 4693 1124 4758 459.
1160 4733 1199 4740 *-
1235 4699 1260 4774 ⁴)
1278 4698 1315 4756 L.
1334 4699 1361 4754 1.
1381 4697 1409 4757 d.
1434 4695 1541 4754 17.-

349 4791 377 4880 ⁵)
394 4795 483 4854 Rom.
500 4787 530 4865 5,
547 4789 577 4852 5.
611 4827 653 4835 -
686 4794 713 4866 6)
730 4793 777 4849 De
792 4809 867 4853 mor.
886 4791 971 4850 Eecl.
990 4811 1013 4847 e.
1032 4791 1081 4848 32.
1099 4809 1129 4845 a.
1150 4791 1196 4848 71.
1223 4781 1542 4866 Opp.'r.1.c.712.

349 4921 390 4932 --
414 4887 507 4963 ⁷)De
522 4890 582 4944 nol.
601 4888 629 4940 el
641 4901 688 4957 pr.
708 4902 731 4943 e.
752 4886 800 4941 70.
818 4903 848 4941 n.
867 4883 916 4942 84.
934 4881 973 4944 T.
993 4877 1043 4940 10.
1062 4900 1086 4940 c.
1108 4875 1180 4940 164.

1285 4983 1329 5050 29
