3775 5625
377 442 442 511 228
1417 435 1430 498 l

377 610 472 674 etiam
494 610 564 693 ejus
586 605 718 670 naturali
734 605 774 670 ad
790 605 908 670 bonum
929 605 1169 679 insufficientia,
1185 625 1287 689 ireque
1304 604 1437 691 spiritus
1451 602 1539 690 aliquit

377 718 484 782 linitus
500 717 660 781 actionum
676 735 734 780 scu
759 736 891 799 operum
906 713 1020 778 infiniti
1036 713 1130 798 pretii
1160 712 1432 798 perficiendorum
1460 732 1539 797 capu

294 809 304 830 ⁸
376 828 435 901 sit,
452 838 547 911 prout
568 836 601 888 et
617 844 719 908 neque
750 824 801 887 ille
821 844 922 908 neque
938 822 991 886 ltic
1006 843 1110 887 novae
1126 822 1209 887 vitae
1224 821 1382 907 spirituali
1397 821 1537 886 inluuden·

377 936 452 1008 dae,
477 945 531 997 aut
553 931 646 995 horris
672 951 729 1015 per
753 943 919 1016 peccatum
944 930 1080 1014 primum
1103 929 1230 996 amissis
1247 931 1341 995 nolris
1356 929 1537 995 restituendis

377 1064 433 1129 par
455 1053 513 1106 est.
531 1038 796 1105 satisfactionem
817 1039 902 1103 illam
923 1037 1050 1103 nonnisi
1072 1039 1100 1103 is
1122 1052 1287 1123 praestare
1309 1051 1431 1123 potest,
1448 1039 1536 1104 cuiin

376 1152 464 1216 linita
484 1150 623 1237 dignitas
647 1148 778 1233 propria
799 1161 864 1223 est,
880 1148 900 1212 i.
918 1169 945 1213 e.
962 1149 1064 1225 Deus,
1081 1150 1347 1233 quemadmodum
1363 1150 1536 1216 solummodo

375 1261 463 1325 Deus
494 1281 551 1323 seu
573 1259 709 1323 Creator
723 1253 824 1338 Λόγρς
843 1257 937 1352 nohis
960 1257 1111 1344 gratiam,
1133 1279 1194 1343 qua
1205 1257 1422 1343 justificamur
1437 1279 1472 1324 ac
1485 1280 1559 1362 san-⁸

376 1368 568 1442 ctilicamur‚
584 1367 663 1432 etin
680 1378 811 1451 accepta
821 1366 948 1452 justitia
964 1386 1209 1451 perseveramus
1226 1388 1265 1432 ac
1281 1367 1471 1443 crescimus,
1485 1389 1534 1433 cor·

375 1477 465 1561 poris
488 1476 755 1541 immortalitatem
777 1488 870 1561 atque
886 1475 1127 1550 beatitudinem,
1144 1477 1267 1540 sublata
1284 1475 1492 1541 disharmonia
1503 1477 1532 1541 io·

377 1598 424 1651 ter
450 1587 616 1650 facultates
648 1585 771 1650 animae
803 1598 949 1660 nostrae,
972 1587 1168 1661 concedere,
1191 1598 1285 1671 atque
1308 1606 1435 1651 omnem
1453 1606 1532 1649 rerunt

376 1708 519 1761 naturam
534 1695 696 1760 exstincto
712 1695 880 1759 maledicto
896 1695 929 1758 in
945 1716 1015 1759 eam
1031 1695 1254 1780 pronuntiato,
1275 1696 1446 1762 restituere
1459 1715 1491 1761 ac
1501 1695 1530 1760 iu·

376 1822 495 1871 novare
519 1806 610 1869 valet.
642 1807 792 1868 Duorum
823 1813 961 1869 alterum
991 1827 1119 1869 necesse
1133 1820 1206 1870 erat
1217 1811 1305 1889 fieri,
1323 1806 1367 1870 ait
1383 1807 1530 1882 Proclut,

375 1914 557 2000 Episcopus
574 1912 771 1998 Cyzicenus,
788 1927 846 1977 aut
859 1927 991 1978 inertem
1006 1919 1212 1979 damnatione
1226 1924 1386 1980 decretam
1400 1921 1531 1980 unienda

375 2027 510 2105 inferri,
536 2006 671 2117 quando·
686 2027 782 2086 etiam
803 2045 912 2086 ontnas
924 2036 1155 2104 peccaverant.-
1181 2031 1392 2105 cucurutium
1408 2029 1531 2106 rjututii

375 2138 410 2195 in
429 2154 553 2212 poenae
584 2136 803 2210 repensionem
831 2138 948 2214 pandi,
981 2141 1067 2212 quod
1095 2139 1250 2197 ortisano
1282 2140 1386 2198 uetito
1409 2140 1490 2218 juste
1504 2139 1531 2195 ol

375 2246 528 2304 amussim
558 2248 772 2320 responderet.
804 2244 903 2320 Atqui
927 2245 1021 2305 leonto
1053 2246 1190 2323 aulient,
1213 2251 1301 2322 quod
1319 2249 1443 2323 peccati
1456 2247 1530 2311 ator

376 2354 567 2430 subjaceret,
592 2352 719 2412 soluere
740 2355 853 2430 utique
874 2370 941 2413 naon
960 2362 1099 2430 poterat.
1129 2353 1273 2429 Anneius
1295 2356 1530 2415 verodunum

375 2465 481 2538 ipsum
493 2480 598 2536 penus
613 2480 679 2521 non
694 2457 822 2523 valebat
838 2466 1010 2521 redimere:
1030 2480 1097 2522 aton
1112 2465 1196 2522 enirn
1212 2465 1326 2538 inqens
1341 2469 1419 2524 adeo
1436 2468 1529 2524 aedem

376 2572 475 2630 tionis
487 2573 628 2646 pretium
644 2575 847 2649 suppetebat.-
864 2573 1025 2647 reliquum
1041 2589 1118 2646 erpo
1135 2580 1218 2650 erat,
1238 2581 1275 2631 ut
1289 2574 1323 2631 in
1339 2591 1431 2649 auant
1443 2589 1529 2651 peteo

377 2687 443 2738 tum
458 2681 638 2758 noncodit,
656 2677 763 2739 Deua
791 2698 862 2756 pro
891 2684 1173 2755 peccator-tous
1202 2692 1443 2743 moret-atur.
1469 2679 1530 2741 Han

376 2791 461 2848 enim
475 2791 552 2847 mati
567 2791 664 2848 unico
680 2792 826 2850 restabat
840 2792 961 2850 solutio
975 2790 1012 2865 ¹).
1037 2789 1138 2871 Atque
1156 2786 1429 2853 catechismus
1445 2788 1528 2852 llou:

380 2894 461 2956 Οιιηι
476 2901 578 2972 initur·
593 2914 637 2957 ea
653 2902 809 2958 altissimo
827 2902 995 2974 dianitotis
1007 2907 1115 2975 produ
1132 2903 1323 2960 concidisset
1340 2914 1480 2963 nostrata
1490 2915 1528 2975 tt·

375 3024 451 3085 nus,
485 3009 650 3067 subleuari
681 3010 767 3085 inde,
790 3017 822 3068 et
843 3011 878 3066 in
897 3009 1201 3084 pristinumlocum
1216 3013 1346 3070 restitui
1362 3014 1452 3070 nulio
1466 3010 1528 3069 neit

374 3124 504 3192 poterat
533 3117 698 3176 dominu-tn
721 3126 779 3176 aut
801 3117 1000 3192 Anyelorunt
1021 3120 1164 3183 uiribus:
1197 3138 1298 3194 quare
1314 3123 1471 3196 reliquunt
1482 3120 1530 3177 etti

378 3226 461 3283 illud
473 3229 589 3284 ruinae
604 3230 809 3286 etmalorum
825 3228 1014 3304 soladium,
1034 3236 1070 3286 ut
1082 3226 1156 3285 Dei
1169 3230 1241 3299 fita·
1250 3232 1262 3287 i
1287 3231 1463 3302 infinita
1475 3230 1529 3288 tir·

378 3343 443 3393 tus
449 3379 462 3412 ‚
480 3344 622 3394 msuutto
638 3338 748 3395 cornis
762 3344 897 3394 nostrae
911 3338 1140 3414 imbecillitate,
1164 3338 1322 3411 infinitam
1345 3344 1470 3400 tolleret
1478 3350 1529 3415 pet·

378 3446 442 3504 cati
458 3447 535 3521 vim,
554 3453 586 3504 et
599 3463 660 3504 atos
675 3448 905 3505 recottciliaret
917 3443 987 3505 Deo
1004 3449 1038 3504 in
1054 3450 1211 3521 sanquine
1228 3466 1286 3507 suo
1298 3448 1337 3523 ²).

487 3554 617 3613 Aduot.
643 3553 723 3615 Hinc
744 3555 822 3621 salso
845 3555 1032 3626 adstruitur,
1056 3555 1212 3615 Christum
1231 3559 1259 3615 io
1279 3558 1339 3616 SS.
1359 3559 1481 3618 Litteris
1493 3566 1532 3613 unt

379 3669 506 3736 propter
524 3661 590 3734 ejus
608 3679 675 3720 cunt
691 3663 785 3722 Patre
802 3665 1009 3735 identitatem,
1032 3667 1085 3723 sed
1117 3666 1184 3724 idco
1206 3668 1313 3726 uitium
1331 3669 1390 3726 Dei
1408 3658 1535 3746 adpetat

381 3769 459 3846 quod
474 3787 533 3827 uon
551 3789 589 3827 ex
605 3771 688 3842 viro,
714 3793 820 3832 verum
845 3794 881 3831 ex
903 3777 986 3845 Deo,
1011 3776 1123 3833 virtute
1142 3795 1176 3834 ac
1194 3777 1334 3836 efficacia
1355 3777 1453 3852 ipsius
1465 3776 1538 3833 iulet·

380 3878 540 3948 veniente,
562 3891 729 3956 conceptus
752 3883 807 3951 ait,
836 3884 1085 3958 quemadmodum
1105 3887 1197 3943 verba
1214 3885 1327 3963 angeli
1343 3886 1469 3945 Mariam
1483 3882 1543 3942 atto·

381 3986 502 4063 quentia
518 3997 568 4046 sat
584 3988 667 4046 clare
684 3991 834 4048 indicent:
866 3987 1013 4068 Spiritus
1029 3987 1065 4051 S.
1083 3964 1289 4066 superveniet
1302 3997 1338 4052 in
1355 4004 1397 4074 te,
1416 4004 1447 4055 et
1459 3996 1552 4052 vitta!

375 4094 540 4159 ,ditissimi
563 4099 763 4164 obumbrabit
788 4103 854 4163 titt.
886 4100 1026 4176 Ideoque
1048 4089 1133 4177 (διὸ)
1157 4111 1189 4161 et
1210 4107 1296 4178 quod
1309 4102 1561 4165 noscetureate

473 4315 498 4392 ¹)
516 4315 569 4374 Or.
588 4321 615 4377 1.
633 4318 731 4377 Laud.
748 4317 780 4376 S.
798 4319 840 4381 M.
858 4338 888 4378 n.
905 4320 935 4379 5.
952 4318 988 4376 In
1006 4317 1176 4383 Galland
1192 4319 1350 4382 BittPP,
1360 4323 1398 4382 T.
1411 4319 1440 4382 9.
1448 4342 1473 4400 p.
1483 4306 1573 4380 615·

385 4403 409 4483 ²)
424 4403 482 4464 Ed.
507 4407 616 4468 Visun.
637 4403 731 4468 1833.
753 4429 782 4485 p.
799 4405 852 4471 26.
877 4407 922 4473 Of.
938 4407 1012 4469 Job.
1033 4407 1082 4483 14,
1099 4407 1129 4470 4.
1155 4410 1195 4468 Is.
1212 4406 1265 4482 43,
1281 4408 1335 4473 25.
1353 4412 1447 4472 Hebr.
1461 4407 1487 4483 2,
1501 4400 1573 4468 ll)-

381 4495 499 4573 Ignat.
526 4498 585 4575 op.
603 4500 645 4556 ad
659 4499 771 4574 Epicu
788 4518 816 4559 tt.
836 4503 862 4560 7.
892 4498 1060 4564 Ooteler.
1080 4502 1148 4561 PP.
1166 4521 1216 4577 ap.
1238 4503 1334 4564 Amst.
1360 4500 1454 4567 1724.
1477 4486 1573 4560 [Z-

377 4607 411 4665 p.
427 4584 482 4648 46.
499 4588 599 4662 aptet.
616 4591 658 4646 od
671 4588 786 4664 Dioyn.
802 4609 833 4651 n.
850 4591 878 4650 9.
897 4587 977 4670 Opp.
989 4590 1010 4649 J
1017 4593 1123 4653 ustio.
1139 4613 1170 4672 p.
1188 4588 1263 4655 251.
1279 4593 1374 4655 Ireu.
1392 4592 1573 4658 Contur-

383 4677 402 4736 ἱ.
418 4679 447 4738 3.
465 4697 489 4736 c.
507 4680 557 4738 20.
572 4678 975 4760 n.3—4.p.214.cyritt.
993 4683 1031 4740 A.
1048 4685 1089 4744 In
1104 4684 1195 4744 Joan.
1214 4686 1241 4753 1,
1259 4686 1307 4747 10.
1325 4683 1439 4746 Basil.
1453 4685 1486 4742 ltt
1496 4680 1562 4741 1²¹·

381 4768 432 4826 48.
448 4787 479 4829 a,
495 4770 591 4829 3-4.
613 4767 692 4850 Opp.
719 4771 756 4831 Τ.
775 4769 804 4834 1.
821 4792 850 4850 p.
871 4769 945 4834 180.
968 4773 1147 4835 Athenas.
1167 4775 1215 4836 De
1230 4776 1296 4838 Ino.
1320 4776 1404 4840 Varo.
1422 4794 1450 4838 tu
1465 4760 1548 4833 ma
1571 4850 1573 4859 Ι

382 4860 413 4917 u
424 4859 474 4920 20.
491 4855 572 4942 Opp.
589 4859 626 4925 Τ.
648 4860 676 4922 l.
692 4883 722 4940 p.
737 4859 792 4934 53,
808 4859 863 4938 55,
878 4859 932 4928 64.
