3775 5625
347 430 414 499 388

348 618 435 659 suam
452 598 649 669 liberaverit,
671 589 779 675 λύτρον
795 597 904 658 mortis
927 617 1002 659 suae
1019 597 1168 669 solvisse,
1193 608 1285 677 atqua
1302 608 1438 659 mortem
1453 598 1534 658 unius

348 710 590 787 christipoanas
601 719 745 770 aeternas
755 709 892 770 infinitae
908 709 1063 769 bominum
1080 710 1283 770 multitudinis
1300 728 1487 789 exaequare.
1497 742 1536 752 -

347 823 490 879 Attamen
523 820 669 879 cbristus
700 819 834 895 pretium
866 797 975 878 m'ortis
1000 838 1074 879 suae
1100 819 1193 878 solvit
1219 820 1371 879 detinenti
1395 819 1536 895 primario

346 930 430 999 Deo,
454 930 671 990 sanctissimae
699 930 782 1008 legis
805 928 933 1000 vindici,
962 928 1049 1003 cujus
1067 929 1209 1003 justitiae
1237 929 1386 990 obstricti
1408 946 1536 996 eramus,

346 1057 405 1097 non
428 1049 530 1099 autem
552 1039 686 1107 diabolo,
713 1038 764 1115 qui
783 1038 865 1097 illius
881 1038 1005 1099 nonnisi
1026 1048 1192 1100 exsecutor
1217 1050 1276 1103 cst.
1308 1040 1401 1098 blora
1425 1036 1537 1097 christi

346 1166 439 1225 porro
460 1148 491 1207 in
515 1167 549 1207 se
574 1156 731 1225 spectata,
748 1147 769 1206 i.
788 1166 814 1208 e.
830 1156 952 1207 semota
977 1148 1140 1222 majestate
1158 1167 1194 1208 ac
1211 1148 1365 1226 dignitate
1391 1165 1535 1223 personae

346 1258 446 1317 Verbi
471 1258 582 1328 divini,
606 1257 710 1336 utique
738 1259 816 1317 tanti
838 1257 918 1317 baud
941 1259 1070 1336 adparet
1085 1259 1193 1336 pretii,
1211 1269 1244 1317 ut
1259 1276 1378 1336 poenas
1397 1268 1535 1318 aeternas

346 1369 478 1428 omnium
511 1367 632 1427 omnino
657 1367 813 1427 bominum
838 1378 1004 1445 exaequct3
1029 1379 1179 1446 quatenus
1211 1378 1312 1428 manen
1339 1387 1379 1429 es
1395 1387 1456 1427 uon
1471 1367 1535 1426 nudi

340 1479 477 1540 flaminis
499 1497 583 1537 mors
606 1487 671 1547 est,
696 1478 752 1537 sed
772 1479 832 1536 Dei
857 1479 942 1550 Filii,
967 1479 1018 1556 qui
1034 1498 1100 1538 eam
1116 1479 1148 1538 in
1165 1498 1259 1540 carne
1277 1479 1420 1538 adsumta
1437 1487 1469 1537 ct
1484 1476 1535 1535 sibi

347 1590 470 1670 propria
501 1588 663 1648 sustinuit:
696 1588 852 1664 proiecto,
885 1589 1045 1666 suppliciis
1068 1589 1204 1649 aeternis
1230 1590 1365 1649 omnium
1388 1588 1534 1647 bominum

352 1718 405 1759 rou
421 1708 540 1759 tantum
557 1699 746 1775 aequivalet,
763 1700 818 1758 sed
835 1718 871 1758 eo
888 1698 996 1770 etiam,
1013 1708 1087 1776 quot
1103 1708 1134 1758 ct
1151 1710 1263 1776 quanta
1281 1710 1370 1771 suut,
1393 1698 1494 1776 pretio
1509 1705 1534 1756 et

345 1808 558 1869 aestimatione
574 1809 698 1871 excedit
709 1812 750 1883 ¹).

456 1934 507 1999 11.
533 1938 570 1997 si
592 1947 694 1997 autem
717 1937 851 2015 pretium
878 1937 1033 2014 passionis
1065 1937 1246 1999 Dominicae
1270 1937 1425 1997 infinitum
1442 1943 1531 1995 esset:

345 2048 527 2126 Apostolum
544 2048 684 2108 scribere
701 2065 760 2106 non
776 2066 887 2124 posse,
904 2066 939 2106 se
957 2047 1122 2124 adimplere
1140 2066 1192 2117 ca,
1210 2065 1287 2123 quae
1304 2047 1408 2106 desint
1424 2046 1530 2123 passio·

345 2176 416 2217 num
439 2157 573 2228 Christi,
593 2159 625 2216 iu
648 2175 742 2217 carne
764 2161 875 2232 sua2).
891 2157 1090 2217 -Pretium
1111 2157 1338 2219 satisfactionis
1361 2156 1530 2216 Dominicsc

344 2267 497 2326 infinitum
529 2286 618 2337 esse,
650 2268 725 2326 nulli
746 2268 877 2326 subesse
898 2276 1002 2343 potest
1022 2266 1127 2339 dubio,
1153 2276 1184 2325 et
1207 2267 1243 2325 ad
1261 2283 1362 2345 genus
1378 2266 1530 2326 bumannn

345 2376 557 2435 redimendum
588 2376 764 2447 sufficiens,
790 2377 850 2435 imo
872 2377 1043 2436 abundans·
1072 2379 1217 2435 Attamen
1239 2376 1298 2437 boc
1322 2395 1384 2435 nou
1400 2377 1529 2435 obstante

344 2488 431 2545 Deus
452 2495 573 2563 partem
594 2504 711 2563 poenae
732 2463 911 2563 temporalis
941 2486 1051 2565 generi
1074 2485 1205 2545 humano
1222 2486 1418 2556 reservavit,
1441 2494 1474 2545 ut
1493 2483 1529 2542 sic

344 2597 483 2655 membra
507 2597 740 2657 conformentur
762 2596 856 2673 capiti
871 2595 903 2654 in
918 2596 1132 2673 passionibus,
1150 2614 1225 2672 quae
1242 2595 1272 2654 ei
1288 2595 1452 2673 aliquando
1469 2611 1528 2655 con·
1562 2607 1564 2630 ¹

345 2706 561 2765 formabuntur
577 2706 607 2765 iu
625 2706 744 2784 gloria3
762 2724 821 2781 quo
832 2705 957 2780 Justitia
972 2705 1033 2764 Dei
1050 2705 1297 2777 commendatur,
1325 2705 1446 2765 animus
1462 2701 1527 2764 avi·

344 2816 397 2876 tiis
421 2816 598 2886 cohibetur,
621 2825 652 2876 et
668 2816 801 2876 studium
825 2817 951 2876 virtutis
975 2817 1122 2877 nutritur.
1154 2817 1236 2878 Hinc
1270 2815 1399 2876 cuilibet
1428 2811 1525 2874 bomini

343 2927 488 3002 peccanti
519 2927 621 3004 aliqua
653 2944 751 3002 poena
782 2926 963 3003 temporalis
987 2928 1098 2986 luenda
1120 2936 1184 2996 est,
1208 2926 1270 2985 nisi
1289 2945 1347 3002 per
1369 2926 1522 3003 periectan

345 3035 530 3096 charitatem
547 3046 578 3096 et
595 3037 789 3115 singularem
805 3054 929 3094 sensum
955 3037 1162 3112 poenitentiae
1183 3036 1311 3114 dignum
1333 3055 1368 3095 se
1389 3043 1518 3095 monstrt·

344 3147 443 3216 verit,
461 3147 511 3207 cui
528 3156 560 3205 et
574 3146 628 3205 illa
645 3146 767 3204 omnino
791 3147 993 3210 condonetur.
1017 3146 1150 3221 Propter
1167 3147 1413 3206 communionem
1429 3155 1515 3208 tamen

345 3275 423 3333 quae
439 3256 521 3316 inter
538 3257 639 3315 omnia
655 3256 792 3314 membra
809 3255 937 3334 generis
954 3255 1078 3315 humani
1093 3257 1276 3326 intercedit,
1294 3257 1348 3316 alii
1364 3256 1431 3316 aliis
1447 3267 1511 3331 opera

346 3366 497 3442 ejusmodi
519 3366 731 3428 satisfactoria
753 3367 981 3427 communicare
1002 3375 1148 3443 possunt3
1174 3375 1265 3442 atque
1287 3365 1348 3428 boc
1367 3366 1430 3441 jam
1445 3374 1508 3423 seon

346 3496 425 3556 crgo
442 3479 610 3554 Apostolus
628 3477 685 3548 ait,
704 3496 738 3536 se
756 3479 916 3554 supplere,
942 3495 1020 3554 quac
1044 3476 1145 3536 desint
1160 3477 1341 3553 passionum
1357 3477 1435 3534 Jesu
1450 3467 1506 3532 thri·

347 3587 404 3657 sti,
436 3605 496 3644 nou
523 3587 642 3663 quidem
658 3587 689 3644 in
707 3604 759 3655 sc,
777 3587 832 3645 sed
848 3595 996 3664 respectu
1028 3586 1131 3645 habito
1165 3604 1287 3655 eorum,
1314 3604 1391 3664 qnae
1416 3577 1507 3644 antiit

347 3695 535 3770 praestanda
551 3705 637 3765 sunt,
653 3695 684 3753 in
702 3713 796 3755 carne
813 3714 871 3754 sua
886 3714 943 3771 pro
962 3712 1093 3772 corpore
1111 3695 1194 3770 ejus,
1212 3713 1291 3772 quae
1309 3706 1360 3756 est
1374 3690 1496 3756 Ecclesia.

459 3833 512 3903 12.
536 3841 688 3900 Doctrind
703 3841 762 3902 bac
779 3842 922 3920 supponi,
939 3845 1039 3901 Deum
1056 3842 1194 3918 peccatis
1211 3842 1341 3913 ollandi,
1358 3842 1389 3902 ei
1402 3836 1521 3915 injuriam

348 3947 475 4018 inferri,
492 3959 569 4020 etc,
593 3969 670 4027 quae
688 3951 788 4010 omnia
804 3950 1176 4027 anthropomorpbismum
1194 3970 1337 4012 crassum
1355 3952 1519 4029 sapiant:-

350 4057 449 4115 Deum
470 4076 530 4117 non
553 4061 680 4129 offendi,
706 4069 740 4118 ut
762 4078 819 4119 nos
843 4061 1042 4130 offendimur,
1065 4079 1162 4137 neque
1188 4062 1294 4120 eodem
1320 4080 1429 4133 sensu,
1448 4052 1534 4136 pult

351 4167 454 4237 nobis,
478 4169 506 4226 ei
530 4142 674 4243 iujuriam
694 4170 821 4239 inferri,
845 4172 1058 4241 concedimus,
1076 4181 1107 4230 et
1124 4173 1216 4231 etiam
1240 4172 1453 4249 expressiones
1463 4162 1532 4223 illi·

352 4274 677 4354 anthropopatbeticas
702 4299 789 4350 csse,
811 4281 890 4339 haud
913 4300 1079 4360 negamus:
1105 4290 1240 4341 attamen
1265 4282 1337 4341 ideo
1359 4282 1394 4340 de
1408 4266 1535 4339 necd-

351 4382 464 4444 bibitae
481 4406 671 4465 nequaquam
689 4390 769 4448 omni
785 4390 817 4447 vi
834 4410 870 4450 ac
887 4400 1042 4467 potestate
1060 4391 1286 4461 destituuntur3
1314 4410 1402 4470 quum
1423 4381 1527 4464 quill„

324 4493 472 4554 ‘nonnisi
494 4496 552 4556 boc
575 4498 699 4557 unicum
723 4497 874 4572 indicent,
900 4501 1038 4576 pcccatis
1070 4503 1137 4560 Deo
1170 4519 1230 4559 nou
1262 4499 1429 4578 praestari,
1453 4493 1526 4568 ll⁸⁶

353 4601 386 4661 ei·
402 4606 588 4680 praestanda
612 4627 630 4666 a
646 4607 735 4667 uobis
756 4618 842 4682 sunt,
860 4619 951 4688 atque
967 4613 1066 4670 Deum
1082 4619 1258 4688 peceatum,
1275 4619 1381 4691 utpote
1395 4606 1444 4668 sibi
1454 4610 1511 4662 σοῦ’

350 4768 619 4787 ———
689 4764 693 4768 ⁴

461 4872 488 4963 ι)
504 4875 551 4943 ca
567 4877 655 4941 aem.
672 4873 705 4953 e,
722 4875 775 4944 15.
791 4877 847 4949 20.
862 4915 907 4930 -
924 4883 951 4965 2)
968 4882 1033 4948 cu.
1052 4883 1081 4962 1,
1098 4881 1154 4954 24.
