3775 5625
722 396 857 461 210

934 560 1137 638 Quum
1170 560 1304 644 jam
1354 568 1768 642 peccatorum
1810 555 2224 642 inaequalitas
2271 577 2355 620 ex
2395 554 2574 620 hisce
2617 553 2780 619 adeo
2812 555 3102 620 luculen—

719 680 818 731 ter
859 667 923 731 in
967 671 1086 732 SS.
1131 666 1391 732 Litteris
1432 667 1745 740 tradatur,
1789 668 1865 729 ab
1911 664 2261 753 allegandis
2302 664 2688 729 testimoniis
2742 685 2831 730 ex
2870 665 3102 728 Tradi—

719 776 911 840 tionis
976 774 1402 840 monumentis
1466 774 1909 839 abstinendum
1973 795 2118 838 esse
2155 774 2466 849 ducimus,
2530 773 2716 859 id‘que
2752 795 2833 837 eo
2864 773 3102 862 magis-

718 907 906 971 quum
942 885 1263 949 distinctio
1297 897 1710 969 peccatorum
1746 883 1983 947 diversi
2014 883 2258 970 gradus
2282 884 2418 967 jam
2460 882 2590 967 ipsi
2621 881 2844 946 sensui
2873 881 3083 946 unius.

718 996 1021 1079 cujusque
1070 994 1327 1069 intimo,
1360 1015 1481 1059 nec
1527 1016 1653 1057 non
1705 991 2026 1057 communi
2071 992 2351 1056 omnium
2384 992 2711 1056 hominum
2747 1011 3102 1060 consonat:

716 1103 1039 1187 probetur.

928 1215 1007 1277 B.
1041 1214 1238 1276 Esse
1273 1226 1481 1277 autem
1514 1213 1662 1277 alia
1693 1224 2020 1298 peccata
2049 1208 2327 1276 natura
2359 1208 2498 1275 sua
2528 1210 2895 1275 mortalia
2926 1208 3031 1276 ali

709 1320 1068 1395 venialia,
1102 1321 1342 1406 pariter

929 1473 989 1513 α.
1041 1450 1231 1513 claris
1276 1449 1489 1514 verbis
1537 1451 1790 1513 tradunt
1838 1452 1958 1513 88.
1992 1449 2358 1513 Litterae.
2406 1448 2567 1512 Nam
2617 1469 2701 1513 ex
2750 1469 2878 1512 una
2907 1465 3102 1533 part

708 1557 940 1621 ibidem
991 1561 1296 1644 quaedam
1329 1571 1631 1644 peccata,
1680 1572 1745 1622 et
1777 1558 2028 1644 quidem
2076 1557 2354 1621 fidelium
2385 1606 2403 1632 ‚
2468 1579 2587 1621 ceu
2635 1569 3102 1643 peccatam.

708 1680 1041 1732 mortem
1074 1672 1145 1748 ¹),
1182 1670 1313 1733 sub
1363 1669 1589 1755 quibus
1639 1680 1746 1732 aut
1794 1668 2009 1732 omnia
2040 1679 2308 1752 peccata
2339 1665 2651 1741 mortalia,
2702 1679 2811 1731 aut
2846 1680 3102 1738 tantun

712 1776 938 1842 delicta
999 1778 1319 1851 enormia,
1383 1778 1610 1863 quibus
1664 1799 1896 1842 sensus
1939 1775 2366 1862 poenitentiae
2406 1797 2681 1860 prorsus
2726 1776 3101 1848 exstinctus

712 1888 1091 1971 conjunctus
1126 1900 1247 1962 est,
1278 1888 1736 1974 intelliguntur,
1786 1889 2092 1974 quaedam
2143 1908 2260 1951 ceu
2310 1885 2381 1948 in
2415 1887 2725 1950 coelum
2760 1887 3003 1950 clama
3016 1910 3085 1954 n·

708 1994 813 2059 tia
833 2002 912 2075 2),
960 1996 1185 2081 quibus
1234 1997 1593 2061 atrociores
1643 2010 1869 2062 contra
1910 1996 2099 2060 vitam
2134 2008 2198 2059 et
2232 1997 2400 2059 bona
2429 1995 2711 2079 proximi
2743 1995 3073 2081 injustitiae

711 2104 1147 2191 designantur,
1181 2118 1366 2192 atque
1402 2106 1522 2170 alia
1554 2129 1672 2171 ceu
1713 2106 2035 2170 hominem
2077 2108 2155 2169 de
2197 2127 2404 2193 regno
2440 2104 2711 2169 coelesti
2745 2106 3057 2170 excluden-

705 2213 793 2277 tia
840 2226 1299 2298 proponuntur.
1362 2219 1585 2278 Nolite
1627 2239 1887 2297 errare,
1926 2214 2154 2280 scribit
2184 2215 2500 2289 Paulus,
2534 2236 2744 2297 neque
2771 2220 3047 2295 fornica-

705 2331 819 2402 rii,
843 2346 1051 2406 neque
1070 2327 1399 2386 idolorum
1428 2333 1811 2405 servientes,
1856 2348 2062 2408 neque
2097 2328 2382 2387 adulteri
2426 2333 2641 2387 eto.-—
2663 2346 2926 2402 requam
2952 2324 3041 2384 Dei

696 2435 1132 2513 possidebunt
1171 2433 1243 2510 ³).
1336 2433 1421 2496 Et
1452 2433 1711 2496 iterum:
1762 2436 2080 2511 Invidiae,
2133 2437 2506 2512 homicidia,
2555 2436 2922 2511 ebrietates,
2953 2451 3033 2492 co-

702 2548 1156 2621 messationes,
1193 2550 1259 2604 et
1285 2547 1389 2603 his
1420 2546 1662 2604 similia
1673 2567 1702 2622 ;
1735 2564 1904 2626 quae
1929 2546 2239 2623 praedico
2291 2545 2500 2621 vobis,
2537 2550 2718 2603 siem
2738 2543 3029 2623 praedixi.-

701 2657 1030 2733 quoniam,
1067 2658 1178 2732 qui
1210 2654 1375 2713 talia
1408 2660 1630 2730 ayunt,
1668 2673 1937 2729 reqnum
1967 2653 2091 2712 Dei
2122 2673 2254 2714 non
2295 2659 2786 2733 consequuntur
2819 2655 2889 2729 ⁴).
2943 2649 3027 2711 At-

703 2780 821 2845 que
855 2760 1047 2825 Joan
1063 2781 1233 2824 nes:
1277 2762 1547 2843 Timidis
1581 2768 1822 2841 autem,
1858 2769 1925 2824 et
1951 2763 2335 2841 incredulis,
2373 2769 2439 2824 et
2466 2768 2829 2841 eoeeeratis,
2863 2767 2923 2822 et
2942 2763 3026 2819 lw-

701 2873 976 2950 micidis,
1015 2879 1078 2932 et
1101 2876 1658 2951 fornicatoribus,
1696 2880 1761 2933 et
1787 2875 2110 2952 veneficis,
2149 2879 2214 2933 et
2240 2873 2648 2951 idololatris,
2690 2881 2756 2933 et
2785 2870 3025 2934 omnibus

702 2983 1146 3061 mendacibus,
1176 2998 1346 3062 pars
1375 2984 1645 3045 illorum
1678 2989 1809 3042 erit
1820 2987 1890 3042 in
1914 2989 2144 3059 staqno
2172 2984 2431 3043 ardenti
2449 2988 2619 3060 igme,
2643 2990 2711 3042 et
2726 2983 3021 3061 sulphure:

708 3093 886 3171 quod
913 3097 1015 3151 est
1044 3111 1226 3152 mors
1256 3094 1548 3153 secunda
1570 3095 1644 3169 ⁵).
1737 3091 1841 3152 Ex
1873 3090 2071 3153 altera
2105 3110 2258 3152 vero
2293 3100 2473 3173 parte
2510 3091 2576 3153 S.
2612 3088 2935 3174 Scriptura
2956 3083 3027 3145 do-

706 3209 836 3272 cet,
889 3199 1136 3282 justum
1179 3220 1372 3284 saepe
1429 3219 1731 3284 peccare,
1777 3198 1924 3284 quin
1958 3198 2208 3262 idcirco
2258 3197 2508 3262 amittat
2538 3198 2882 3283 justitiam,
2923 3207 3025 3280 quae

703 3319 913 3373 tamen
946 3330 1089 3372 cum
1119 3322 1388 3393 peccato
1422 3309 1606 3396 gravi
1640 3322 1813 3374 stare
1847 3331 1977 3373 non
2011 3321 2231 3393 potest
2257 3315 2332 3388 ὅ).
2410 3309 2673 3390 Septies
2706 3317 2871 3371 enim
2900 3302 3025 3368 cade!

686 3424 951 3498 justus,
989 3427 1053 3480 et
1082 3429 1416 3499 resuryet:
1449 3426 1627 3501 impii
1660 3429 1875 3482 autem
1910 3429 2225 3482 corruent
2252 3427 2322 3480 in
2353 3421 2602 3480 malum
2642 3421 2714 3497 ⁷).
2806 3420 2940 3481 Non
2963 3414 3023 3473 et!

708 3536 876 3590 enim
918 3535 1106 3590 homo
1131 3534 1370 3606 Justus
1412 3538 1481 3591 in
1523 3538 1735 3608 terra,
1783 3538 1893 3612 qui
1931 3534 2154 3609 faciat
2193 3533 2430 3591 bonum
2445 3575 2469 3608 ,
2507 3538 2574 3591 et
2600 3550 2736 3591 non
2760 3522 3019 3609 peccet&-

709 3637 790 3698 Si
821 3641 1210 3715 dixerimus,
1248 3647 1555 3720 quoniam
1578 3647 1923 3721 peccat-um
1953 3661 2086 3702 non
2119 3642 2470 3717 habemus,
2508 3645 2637 3719 ipsi
2669 3660 2794 3700 nos
2822 3636 3019 3699 seduci·

710 3768 881 3826 mus,
918 3755 984 3809 et
1008 3754 1255 3808 veritas
1286 3754 1358 3809 in
1384 3751 1577 3810 nobis
1607 3770 1743 3810 non
1774 3756 1876 3810 est
1908 3748 1982 3827 ⁹).
2062 3750 2143 3810 In
2176 3751 2400 3809 inultis
2433 3751 2819 3827 offendimus
2847 3758 3019 3808 omm-

714 3854 794 3918 Sa·
824 3863 971 3938 quis
1000 3863 1070 3917 in
1100 3860 1289 3918 verbo
1324 3878 1458 3919 non
1490 3861 1775 3937 offendit,
1810 3863 1915 3919 hie
1939 3863 2283 3938 perfectus
2315 3865 2419 3919 est
2443 3859 2660 3936 virm).

929 3987 985 4046 b.
1030 3983 1099 4046 Id
1147 3982 1357 4068 ipsum
1405 3997 1615 4048 autem
1659 4005 1916 4070 semper
1960 3983 2163 4048 tenuit
2202 3984 2518 4048 Ecclesia.
2618 3984 2796 4048 Unde
2835 3978 3017 4062 antiqu

714 4090 1008 4157 Ecclesia
1064 4093 1442 4157 sententiam
1491 4093 1878 4159 contrariam
1911 4093 2228 4158 Joviniani
2273 4093 2622 4179 rejecit¹¹),
2676 4106 2853 4179 atque
2906 4086 3013 4153 Con·

941 4366 987 4449 ¹)
1024 4365 1081 4429 1.
1114 4368 1297 4431 Joan.
1318 4365 1382 4451 5,
1422 4367 1502 4431 16
1537 4390 1584 4431 8.
1652 4403 1736 4415 —
1804 4369 1862 4449 ²)
1897 4369 2034 4432 Jac.
2069 4365 2143 4443 5,
2180 4366 2240 4433 4.
2273 4405 2361 4416 —
2397 4365 2451 4454 ³)
2488 4368 2545 4431 l.
2581 4369 2724 4432 Cor.
2756 4367 2811 4443 6,
2841 4364 2877 4428 9
2902 4384 3012 4424 s.····

719 4452 775 4540 4)
823 4454 964 4521 ou.
1007 4453 1080 4530 5,
1121 4455 1229 4525 21.
1292 4494 1380 4505 -
1449 4458 1497 4539 ⁶)
1534 4458 1727 4540 Apoe.
1769 4456 1876 4535 21,
1913 4457 1973 4522 8.
2009 4458 2100 4522 of.
2134 4460 2346 4521 Matth.
2384 4457 2458 4530 5,
2503 4456 2610 4523 22.
2652 4460 2710 4524 1.
2743 4461 2883 4522 Tim.
2907 4450 2950 4525 5,
2971 4444 3009 4509 8·

723 4549 779 4609 1.
815 4545 999 4613 Jnan.
1035 4545 1099 4621 3.
1135 4545 1236 4627 14.
1275 4585 1360 4601 -2-
1396 4549 1455 4629 ⁸]
1492 4549 1552 4613 1.
1580 4549 1764 4613 Joan.
1804 4546 1865 4625 3,
1898 4549 1959 4613 8.
1998 4587 2080 4617 -,
2122 4547 2172 4637 ⁷)
2204 4552 2389 4612 Prov.
2424 4548 2542 4622 24,
2580 4549 2684 4614 16.
2725 4587 2801 4597 -
2835 4546 2879 4628 ⁸)
2903 4536 3007 4605 Eoel·

754 4673 759 4681 =-
1006 4660 1014 4661 ¹
1082 4636 1099 4648 “
1341 4653 1384 4669 '¹¹
1423 4663 1457 4669 ¹
1501 4637 1616 4726 *Ji*
1648 4637 1712 4701 Β.
1776 4676 1859 4689 --
1913 4642 1991 4727 ¹⁰)
2022 4642 2163 4704 Jac.
2201 4640 2263 4717 3,
2294 4638 2356 4704 2.
2402 4677 2485 4687 —
2545 4638 2626 4729 ¹¹)
2660 4643 2750 4706 cf.
2780 4641 3007 4701 Hieron·

1768 4728 1896 4797 321
1934 4754 2015 4795 aa.
2064 4732 2462 4813 Augustin.
2506 4736 2627 4811 Ep.
2664 4737 2796 4795 167.
2824 4718 3005 4790 adffl‘*

1600 4854 1660 4892 ν.-
1723 4822 2185 4905 Ιιῑγροειοιιι.
2218 4826 2399 4887 Hom.
2435 4828 2537 4889 22.
2569 4824 2640 4886 in
2669 4824 2862 4886 Mam.
