3775 5625
351 447 416 513 118

344 616 491 675 tationem
508 615 591 673 illam
608 612 804 690 permiserit,
835 629 873 669 ex
889 610 944 679 iis,
979 629 1055 686 quae
1079 629 1175 687 snpra
1197 611 1233 670 de
1251 611 1440 671 necessitate
1466 614 1551 691 legis

343 724 494 801 positivae
512 732 543 780 et
560 720 810 798 supernaturalis
827 718 1072 795 disputavimus,
1100 719 1191 779 facile
1210 719 1378 799 colligitur.
1398 722 1550 782 Ceterum

344 834 419 893 lieet
441 834 532 892 etiam
559 830 648 905 bnjns
672 829 792 888 decreti
812 828 906 887 divini
927 828 1079 887 rationem
1108 828 1347 907 ignoraremus:
1380 829 1411 888 id
1444 839 1547 890 tamen

344 933 435 1001 certo
448 942 575 1008 scimus,
591 938 665 997 illud
682 956 752 998 cum
770 935 928 995 attributis
941 935 1055 996 divinis
1066 954 1256 1014 nequaquam
1273 956 1433 1016 pugnare,
1456 958 1547 1017 quum

342 1052 429 1109 Dens
447 1056 684 1125 protoparentes
700 1046 797 1105 tantis
811 1045 929 1104 viribus
946 1045 1159 1119 instruxisset,
1178 1055 1211 1105 ut
1227 1047 1443 1133 adversarium
1457 1050 1546 1110 facile

342 1159 471 1218 vincere
496 1165 623 1233 possent
632 1177 641 1225 3
665 1156 838 1230 etinsuper
855 1153 1020 1214 occasione
1045 1154 1165 1229 peccati
1191 1155 1361 1232 primorum
1391 1157 1546 1218 bominum

345 1266 503 1326 Christum
527 1264 615 1323 nobis
637 1264 814 1333 donaverit,
847 1281 903 1340 per
930 1280 1019 1339 quem
1042 1262 1160 1337 majora
1182 1282 1310 1323 munera
1339 1266 1545 1342 suscepimus,

345 1395 434 1452 qnam
455 1393 492 1433 ea
514 1375 655 1447 fuerunt,
677 1392 754 1451 quae
776 1391 831 1449 per
852 1371 1000 1431 ddamum
1025 1371 1231 1449 amisimus1).
1250 1373 1335 1432 Unde
1353 1383 1386 1431 et
1403 1374 1544 1434 Ecclesia

345 1504 415 1544 cum
437 1484 626 1543 exultatione
643 1491 674 1541 ct
690 1481 864 1560 gratiarum
886 1481 1008 1541 actione
1031 1482 1061 1540 in
1088 1481 1206 1560 vigiliis
1227 1481 1429 1558 paschalibus
1445 1483 1541 1542 canit:

345 1589 395 1654 0!
406 1593 498 1665 felia
513 1597 621 1671 culpa,
639 1610 722 1669 puae
738 1595 836 1651 talem
851 1608 890 1650 uc
906 1596 1031 1651 tuntum
1047 1590 1168 1651 tatere
1181 1594 1302 1653 meruit
1316 1596 1539 1653 redemtorem.

587 1766 622 1859 ξ.
639 1765 709 1837 26.
724 1766 918 1837 Pecesti
933 1765 1074 1853 primi
1089 1766 1312 1853 gravitas.

453 1915 488 1978 si
513 1913 753 1987 solennitatem,
777 1933 840 1998 qua
862 1914 951 1978 Deus
975 1914 1083 2000 legem
1107 1912 1289 1987 constituit,
1313 1933 1416 1997 porro
1448 1914 1550 1979 facili·

346 2034 461 2097 tatem,
477 2044 539 2108 qua
554 2033 803 2107 protoparentes
820 2019 1085 2086 eem‘observure
1103 2020 1302 2105 potuissent,
1318 2032 1414 2107 atoue
1429 2024 1570 2088 molent

344 2134 515 2206 melorum,
539 2152 619 2216 quae
641 2132 786 2215 ejusdem
807 2130 1016 2195 violationem
1039 2143 1090 2196 est
1106 2143 1232 2205 secuta,
1257 2151 1317 2195 nec
1334 2152 1400 2196 non
1422 2128 1575 2217 peccati

345 2239 510 2307 commissi
532 2252 677 2303 naturam
697 2239 956 2305 consideramus:
982 2261 1047 2304 non
1065 2261 1239 2325 possumus
1260 2261 1325 2304 non
1348 2238 1460 2315 lateri,
1485 2240 1575 2325 pri-

344 2372 470 2415 morum
491 2347 656 2414 nominum
675 2361 844 2433 peccatum
865 2348 966 2414 luisse
990 2347 1163 2413 maximum
1186 2361 1280 2435 atque
1301 2346 1534 2435 gravissimum
1563 2395 1575 2422 ÷

344 2479 417 2533 seu,
434 2470 468 2522 ut
482 2456 558 2520 illud
574 2456 774 2544 Augustinus
792 2457 942 2541 adpellat,
966 2459 1180 2534 ineffabiliter
1193 2465 1318 2537 prauae
1330 2464 1566 2539 percuterent)

230 2605 235 2614 =
342 2565 473 2633 Etenim

456 2675 485 2739 1.
516 2675 604 2739 Deus
627 2673 740 2759 primis
768 2674 956 2759 parentibus
986 2677 1082 2740 modo
1116 2674 1254 2742 maxime
1278 2678 1422 2753 solenni,
1452 2678 1575 2744 unius

345 2784 472 2851 arboris
503 2782 661 2850 fructibus
683 2804 723 2848 ne
749 2795 975 2860 vescerentur,
1004 2784 1184 2859 interdixit3
1208 2784 1253 2850 illi
1284 2800 1408 2864 autem,
1437 2787 1575 2855 divina

339 2894 447 2979 jussui
463 2916 528 2958 non
545 2894 777 2979 obsequentes,
800 2894 898 2959 nihilo
915 2894 1023 2960 secius
1041 2897 1080 2960 de
1096 2895 1210 2961 iisdem
1228 2899 1450 2964 comederunt.

450 3003 481 3068 2.
497 2997 602 3067 Porro
623 3001 759 3068 facilites
781 3026 846 3067 nou
869 3003 1024 3089 peccandi
1045 3003 1078 3068 in
1099 3005 1200 3070 Adam
1222 3009 1325 3092 major
1345 3006 1420 3082 fuit,
1454 3028 1575 3094 quat!

344 3113 377 3176 in
398 3110 470 3176 aliis
490 3111 672 3178 hominibus
694 3134 841 3199 unquam.
880 3113 997 3178 Habuit
1018 3114 1102 3179 enim
1122 3129 1330 3200 praeceptum
1352 3139 1454 3182 unum
1482 3130 1575 3182 terl-

344 3234 428 3294 tum,
451 3219 545 3305 idque
569 3219 765 3285 levissimum
773 3227 801 3301 ³)
808 3246 817 3295 ;
843 3223 927 3287 nulla
942 3222 1060 3288 eratin
1080 3223 1152 3308 ipso
1169 3223 1368 3311 ignorantie,
1391 3227 1480 3292 nulla
1501 3227 1575 3292 in·

345 3330 480 3396 firmitas
511 3342 606 3415 atque
638 3330 921 3415 concupiscentia,
955 3353 1066 3397 verum
1100 3335 1206 3399 lumen
1236 3355 1403 3422 magnum,
1433 3351 1575 3402 sanum

345 3438 479 3504 liberum
508 3438 691 3514 arbitrium,
715 3439 820 3526 gretie
848 3439 954 3505 diviua
984 3441 1147 3506 suffultum
1155 3446 1183 3521 ⁴)
1190 3467 1199 3516 ;
1229 3455 1323 3530 atque
1343 3447 1447 3510 multa
1475 3447 1575 3511 ade-

345 3560 431 3623 rent,
455 3569 536 3634 qnae
568 3548 607 3612 ad
639 3549 832 3612 servandum
858 3549 1001 3613 divinum
1033 3552 1214 3616 mandatum
1245 3551 1466 3638 impellerent,
1491 3543 1573 3619 Dei

340 3656 484 3742 jubentis
501 3655 691 3730 auctoritas,
716 3677 841 3721 summa
856 3678 876 3721 e
891 3658 961 3722 Deo
978 3672 1112 3744 accepta
1127 3660 1299 3736 beneficia,
1323 3661 1468 3751 maxima
1484 3676 1572 3728 tum

347 3764 469 3829 ammae
493 3776 559 3827 tum
586 3763 736 3849 corporis
766 3766 868 3840 bone,
892 3787 1041 3831 necnon
1064 3789 1188 3852 poenae
1209 3769 1426 3855 gravissimte
1444 3785 1569 3837 trans·

346 3871 495 3959 gressori
512 3871 689 3956 positae⁵);
713 3885 746 3936 et
762 3885 867 3937 tamen
883 3874 1116 3942 beneficiorum
1131 3877 1259 3943 illorum
1275 3878 1419 3945 omnium
1437 3880 1570 3946 imm&

458 4093 486 4167 ¹)
504 4090 549 4154 cf.
565 4092 653 4155 Rom.
669 4088 701 4165 5,
721 4088 903 4160 11120.-
923 4096 951 4169 ²)
971 4097 1027 4172 Op.
1050 4096 1173 4176 imperf.
1191 4104 1267 4160 cont.
1288 4098 1412 4165 Julian.
1435 4103 1456 4163 l.
1479 4105 1507 4163 1.
1531 4113 1570 4154 0·

348 4183 419 4242 105.
437 4180 516 4262 opp.
535 4183 574 4246 r.
594 4179 646 4246 10.
665 4204 690 4242 ο.
707 4180 783 4250 935.
801 4187 846 4251 cf.
862 4185 1026 4250 maturio.
1044 4208 1069 4249 ο.
1086 4191 1136 4253 45.
1153 4190 1191 4251 u.
1209 4188 1241 4253 6.
1253 4211 1278 4251 c.
1296 4185 1373 4252 213.
1392 4226 1436 4236 -
1457 4196 1485 4272 8)
1503 4182 1569 4252 cf·

347 4270 544 4350 Augustin.
559 4277 608 4334 De
623 4274 680 4338 eiu.
698 4277 739 4336 D.
756 4279 775 4338 l.
795 4281 844 4338 14.
863 4296 887 4337 c.
905 4280 955 4341 12.
972 4278 1010 4339 Τ.
1030 4275 1058 4338 l.
1077 4299 1101 4339 c.
1120 4276 1197 4344 364.
1215 4315 1258 4324 —
1276 4282 1305 4358 ⁴)
1323 4280 1368 4342 ct.
1390 4280 1569 4363 August·

347 4365 399 4422 De
414 4362 470 4424 eiu.
486 4366 530 4423 D.
548 4365 567 4422 l.
586 4367 636 4427 21.
660 4384 684 4426 c.
702 4367 752 4426 12.
770 4389 795 4430 e.
817 4363 894 4430 633.
918 4367 969 4426 ubi
989 4368 1067 4428 inter
1091 4369 1149 4428 alia
1172 4369 1296 4430 scribit:
1324 4370 1449 4441 Quanto
1470 4369 1570 4433 enim

346 4453 445 4529 mapie
466 4455 552 4514 bomo
567 4455 735 4532 fruebatur
756 4462 834 4531 Deo,
860 4463 942 4516 tanto
958 4460 1073 4537 majore
1088 4459 1240 4535 impietate
1257 4461 1423 4538 dereliquit
1442 4466 1570 4525 Deum,

347 4549 375 4601 et
383 4544 490 4621 factate
506 4551 552 4604 est
565 4547 645 4604 malo
661 4545 773 4622 dipnus
794 4556 928 4619 aeterno,
947 4549 1000 4622 qui
1016 4552 1070 4608 boe
1087 4550 1119 4608 iu
1135 4571 1167 4609 ee
1177 4551 1309 4626 peremit
1323 4554 1447 4627 bouum,
1469 4539 1571 4630 quod

348 4652 411 4692 eeee
425 4641 529 4713 posset
543 4642 704 4697 aeteruum.
725 4673 764 4682 -—
784 4643 811 4717 ⁵)
836 4637 881 4701 cf.
897 4637 983 4697 Idem
998 4639 1038 4700 ib.
1056 4642 1075 4702 t.
1093 4644 1142 4704 14.
1160 4662 1184 4701 c.
1203 4644 1253 4707 15.
1270 4662 1295 4702 c.
1313 4639 1392 4704 366.
1417 4646 1474 4720 Op.
1491 4643 1568 4702 im·

343 4724 426 4802 perf.
445 4728 464 4787 l.
482 4728 511 4786 6.
536 4747 560 4788 c.
584 4729 634 4790 23.
656 4727 694 4787 Τ.
719 4724 769 4789 10.
786 4749 812 4790 e.
832 4724 929 4789 1336.
954 4727 1070 4798 Quanti
1090 4733 1145 4790 boe
1167 4732 1388 4808 oceumnoertt,
1412 4734 1468 4813 qui
1485 4737 1570 4793 nott

344 4820 444 4892 potest
453 4815 545 4896 falli,
569 4815 648 4878 sotis
664 4825 792 4894 apparu
803 4817 976 4896 granditate
991 4820 1148 4901 supplicii.
