3775 5625
532 1065 804 1199 PARS
858 1064 1305 1228 QUARTA.

755 1362 827 1435 De
865 1362 1042 1436 domin
1058 1388 1086 1436 e.

749 1580 764 1675 (
775 1572 1094 1677 Ἀνθρωπολογὶα.)
1200 1603 1202 1607 ·

567 1787 600 1879 ξ.
627 1793 665 1860 1.
689 1794 972 1860 Momentum
996 1807 1051 1859 ac
1076 1789 1261 1860 divisio.

438 1958 530 2074 Post
547 2015 718 2093 angelicam
736 2026 877 2075 naturam
892 2017 924 2073 in
941 2034 1041 2094 regno
1058 2015 1117 2073 Dei
1135 2015 1259 2073 excellit
1281 2025 1392 2074 natura
1407 2015 1513 2075 huma·

317 2146 374 2195 na,
392 2145 430 2183 ex
448 2144 580 2201 corpore
599 2136 629 2184 et
647 2127 758 2202 spiritu
777 2126 961 2195 constituta,
985 2144 1041 2201 per
1066 2144 1155 2201 quam
1180 2125 1308 2201 proinde
1325 2126 1413 2201 quasi
1429 2136 1513 2185 uter·

317 2255 376 2311 que
394 2235 538 2303 mundus,
557 2235 729 2310 spiritualis
747 2244 779 2293 et
795 2235 980 2310 corporalis,
1006 2234 1215 2312 conjungitur.
1241 2229 1328 2293 Unde
1345 2244 1514 2294 tractatum

318 2346 355 2402 dc
395 2346 526 2422 Angelis
560 2345 675 2421 excipit
706 2344 1023 2423 Anthropologia,
1055 2362 1130 2420 quae
1163 2344 1335 2403 doctrinam
1369 2345 1514 2404 divinitus

321 2456 490 2512 revelatam
509 2455 545 2511 de
563 2453 700 2523 homine,
724 2464 816 2529 prout
833 2456 870 2513 ab
887 2454 1032 2514 Ecclesia
1057 2455 1231 2513 custoditur
1256 2465 1346 2531 atque
1371 2456 1516 2525 traditur,

321 2565 454 2639 exponit.

430 2674 601 2732 Solvuntur
625 2674 656 2732 in
677 2673 735 2734 hac
760 2674 952 2752 Theologiae
978 2675 1186 2750 speculativae
1211 2684 1300 2751 parte
1318 2676 1516 2751 quaestiones

318 2783 406 2852 illae,
424 2802 501 2860 qnae
520 2784 556 2842 ad
575 2802 630 2842 nos
647 2784 785 2860 proxime
812 2785 957 2854 attinent,
983 2794 1013 2843 et
1030 2804 1107 2862 quae
1124 2785 1263 2862 quemvis
1281 2803 1369 2862 quam
1386 2786 1516 2845 maxime

319 2893 498 2970 exagitant,
524 2894 646 2953 scilicet
663 2894 698 2951 de
717 2904 849 2953 nostra
873 2896 1039 2974 origine,
1064 2897 1100 2954 de
1127 2905 1255 2954 nostro
1280 2895 1357 2952 fine
1383 2913 1420 2954 ac
1445 2914 1515 2953 me·

318 3002 391 3059 diis
415 3004 571 3061 eundem
595 3003 803 3073 obtinendi,
821 3014 911 3081 atque
930 3006 970 3063 dc
996 3015 1125 3064 nostra
1150 3015 1252 3064 sorte
1271 3005 1408 3066 lutura.
1431 3005 1516 3063 Unde

318 3119 349 3168 et
366 3121 520 3170 tractatus
538 3111 587 3172 hic
605 3131 726 3172 omnem
744 3123 883 3173 nostram
901 3124 1039 3173 meretur
1057 3115 1274 3183 attentionem,
1292 3133 1349 3173 non
1368 3115 1466 3172 solum
1484 3123 1517 3172 ut

318 3238 377 3277 non
395 3221 492 3278 simus
509 3222 691 3297 nobisipsis
708 3222 846 3299 hospites
864 3233 895 3282 et
910 3224 1082 3304 peregrini,
1099 3224 1153 3281 sed
1171 3233 1202 3282 et
1218 3234 1250 3283 ut
1268 3224 1358 3282 finem
1376 3233 1516 3281 nostrum

318 3331 466 3406 consequi
490 3332 656 3392 valcamus.
690 3333 774 3391 Sane
798 3333 841 3391 nil
865 3352 921 3390 nos
937 3333 1048 3411 ‘magis
1075 3333 1255 3402 dedeceret,
1281 3333 1381 3419 nilque
1407 3331 1518 3405 majori

316 3440 455 3514 periculo
483 3458 500 3497 a
526 3440 585 3498 fine
612 3450 719 3499 nostro
744 3443 851 3501 ultimo
877 3442 1043 3501 aberrandi
1059 3450 1245 3517 exponeret,
1270 3460 1359 3517 quam
1377 3439 1516 3499 deiectus

312 3549 417 3622 justae
435 3549 561 3607 notitiae
579 3550 615 3607 de
632 3551 784 3609 nobismet
800 3552 886 3627 ipsis.
913 3550 988 3625 Quis
1013 3552 1092 3609 enim
1117 3552 1205 3608 nobis
1229 3551 1331 3625 potior
1356 3568 1426 3609 esse
1451 3559 1517 3625 pot·

318 3667 367 3716 est
405 3658 657 3734 nobismetipsis?
689 3668 719 3717 et
750 3661 899 3735 quomodo
932 3661 968 3718 ad
1001 3660 1090 3719 tinem
1131 3669 1270 3718 nostrum
1307 3659 1433 3717 tendere
1465 3677 1516 3734 po·

319 3767 464 3848 terimus,
486 3768 513 3826 si
534 3768 614 3827 hunc
647 3769 876 3830 rescierimus?
903 3780 955 3829 aut
987 3771 1115 3829 eundem
1148 3770 1288 3845 assequi,
1314 3769 1340 3826 si
1352 3768 1439 3843 justa
1455 3786 1516 3825 me·

317 3876 367 3934 dia
384 3895 453 3935 eum
470 3879 655 3954 assequendi
672 3878 950 3956 ignoraverimus?

426 3982 538 4047 Potest
562 3995 668 4047 autem
696 3982 843 4048 doctrina
868 3986 907 4047 de
929 3983 1058 4048 homine
1081 3985 1249 4048 commode
1272 3982 1304 4046 in
1322 3995 1389 4047 tres
1406 3994 1516 4068 partes

318 4110 376 4153 scu
392 4090 555 4156 sectiones
572 4091 677 4156 dividi.
703 4093 845 4170 Quarum

428 4201 457 4264 1.
482 4201 550 4288 agit
565 4202 604 4265 de
620 4201 775 4266 homine
798 4202 1016 4290 generatim
1040 4214 1238 4288 spectat03

427 4309 458 4373 2.
483 4311 522 4372 de
546 4310 697 4395 triplici
721 4314 804 4395 ejus
830 4312 1075 4387 conditione,
1108 4324 1195 4376 ante
1219 4313 1384 4396 lapsum,
1408 4310 1444 4375 in
1468 4312 1515 4375 le·

320 4439 403 4502 peu,
427 4431 576 4504 etpost
608 4421 758 4505 lapsum
792 4434 1030 4507 reparatum,
1061 4421 1129 4486 sive
1162 4423 1200 4486 de
1233 4433 1337 4486 statu
1360 4422 1516 4485 tenden-

318 4527 393 4592 tiae
417 4541 454 4591 et
476 4528 581 4603 trice,
606 4541 701 4615 atque

427 4637 457 4702 3.
487 4640 526 4701 de
566 4639 739 4724 ejusdem
777 4640 1009 4704 conditione
1040 4653 1132 4726 post
1163 4653 1342 4716 mortem,
1374 4661 1443 4704 seu
1475 4639 1518 4702 de

317 4758 423 4811 statu
447 4747 607 4811 termini
633 4761 671 4812 et
693 4749 860 4833 patriae.

798 4908 1023 4918 -n—

1281 4935 1303 4999 i
