<?xml version="1.0" encoding="UTF-8"?>
<!DOCTYPE html PUBLIC "-//W3C//DTD XHTML 1.0 Transitional//EN"
    "http://www.w3.org/TR/xhtml1/DTD/xhtml1-transitional.dtd">
<html xmlns="http://www.w3.org/1999/xhtml" xml:lang="en" lang="en">
 <head>
  <title>
</title>
<meta http-equiv="Content-Type" content="text/html;charset=utf-8" />
  <meta name='ocr-system' content='tesseract 3.04.00' />
  <meta name='ocr-capabilities' content='ocr_page ocr_carea ocr_par ocr_line ocrx_word'/>
</head>
<body>
  <div class='ocr_page' id='page_1' title='image "./theologiadogmat00schwgoog/theologiadogmat00schwgoog_0504.png"; bbox 0 0 3775 5625; ppageno 0'>
   <div class='ocr_carea' id='block_1_1' title="bbox 342 570 1539 1751">
    <p class='ocr_par' dir='ltr' id='par_1_1' title="bbox 342 570 1539 1751">
     <span class='ocr_line' id='line_1_1' title="bbox 342 570 1535 659; baseline -0.003 -17"><span class='ocrx_word' id='word_1_1' title='bbox 342 577 387 642; x_wconf 81' lang='lat' dir='ltr'><strong>Et</strong></span> <span class='ocrx_word' id='word_1_2' title='bbox 401 573 476 642; x_wconf 86' lang='lat' dir='ltr'><strong>alibi</strong></span> <span class='ocrx_word' id='word_1_3' title='bbox 492 572 624 659; x_wconf 83' lang='lat' dir='ltr'><strong>passim,</strong></span> <span class='ocrx_word' id='word_1_4' title='bbox 640 570 833 657; x_wconf 85' lang='lat' dir='ltr'><strong>praesertim</strong></span> <span class='ocrx_word' id='word_1_5' title='bbox 848 570 881 635; x_wconf 93' lang='lat' dir='ltr'><strong>in</strong></span> <span class='ocrx_word' id='word_1_6' title='bbox 897 570 988 637; x_wconf 88' lang='lat' dir='ltr'><strong>libris</strong></span> <span class='ocrx_word' id='word_1_7' title='bbox 1009 574 1048 636; x_wconf 86' lang='lat' dir='ltr'><strong>de</strong></span> <span class='ocrx_word' id='word_1_8' title='bbox 1065 574 1370 654; x_wconf 70' lang='lat' dir='ltr'><strong>praedestinatione</strong></span> <span class='ocrx_word' id='word_1_9' title='bbox 1392 572 1535 639; x_wconf 69' lang='lat' dir='ltr'><strong>Sando-</strong></span> 
     </span>
     <span class='ocr_line' id='line_1_2' title="bbox 343 682 1535 768; baseline 0.003 -20"><span class='ocrx_word' id='word_1_10' title='bbox 343 708 418 750; x_wconf 78' lang='lat' dir='ltr'><strong>rum</strong></span> <span class='ocrx_word' id='word_1_11' title='bbox 426 688 470 765; x_wconf 87' lang='lat'><strong>¹),</strong></span> <span class='ocrx_word' id='word_1_12' title='bbox 501 688 590 749; x_wconf 79' lang='lat' dir='ltr'><strong>etde</strong></span> <span class='ocrx_word' id='word_1_13' title='bbox 606 686 691 747; x_wconf 78' lang='lat' dir='ltr'><strong>dono</strong></span> <span class='ocrx_word' id='word_1_14' title='bbox 707 685 1028 765; x_wconf 62' lang='lat' dir='ltr'><strong>persevernntinffl),</strong></span> <span class='ocrx_word' id='word_1_15' title='bbox 1046 682 1079 746; x_wconf 91' lang='lat' dir='ltr'><strong>in</strong></span> <span class='ocrx_word' id='word_1_16' title='bbox 1096 682 1211 768; x_wconf 74' lang='lat' dir='ltr'><strong>qubus</strong></span> <span class='ocrx_word' id='word_1_17' title='bbox 1227 685 1266 748; x_wconf 90' lang='lat' dir='ltr'><strong>de</strong></span> <span class='ocrx_word' id='word_1_18' title='bbox 1282 682 1445 750; x_wconf 81' lang='lat' dir='ltr'><strong>industria</strong></span> <span class='ocrx_word' id='word_1_19' title='bbox 1459 686 1535 752; x_wconf 83' lang='lat' dir='ltr'><strong>hane</strong></span> 
     </span>
     <span class='ocr_line' id='line_1_3' title="bbox 345 791 1536 884; baseline 0 -23"><span class='ocrx_word' id='word_1_20' title='bbox 345 793 523 861; x_wconf 86' lang='lat' dir='ltr'><strong>doctrinam</strong></span> <span class='ocrx_word' id='word_1_21' title='bbox 556 794 594 858; x_wconf 90' lang='lat' dir='ltr'><strong>de</strong></span> <span class='ocrx_word' id='word_1_22' title='bbox 626 791 767 880; x_wconf 88' lang='lat' dir='ltr'><strong>gratuita</strong></span> <span class='ocrx_word' id='word_1_23' title='bbox 793 792 951 857; x_wconf 79' lang='lat' dir='ltr'><strong>electione</strong></span> <span class='ocrx_word' id='word_1_24' title='bbox 972 805 1006 857; x_wconf 94' lang='lat' dir='ltr'><strong>et</strong></span> <span class='ocrx_word' id='word_1_25' title='bbox 1028 792 1321 878; x_wconf 71' lang='lat' dir='ltr'><strong>praedestinatione</strong></span> <span class='ocrx_word' id='word_1_26' title='bbox 1346 796 1388 860; x_wconf 94' lang='lat' dir='ltr'><strong>ad</strong></span> <span class='ocrx_word' id='word_1_27' title='bbox 1404 796 1536 884; x_wconf 73' lang='lat' dir='ltr'><strong>gratian</strong></span> 
     </span>
     <span class='ocr_line' id='line_1_4' title="bbox 345 902 1537 989; baseline 0.001 -18"><span class='ocrx_word' id='word_1_28' title='bbox 345 916 459 971; x_wconf 87' lang='lat' dir='ltr'><strong>contra</strong></span> <span class='ocrx_word' id='word_1_29' title='bbox 475 904 545 987; x_wconf 87' lang='lat' dir='ltr'><strong>ejus</strong></span> <span class='ocrx_word' id='word_1_30' title='bbox 560 902 805 989; x_wconf 81' lang='lat' dir='ltr'><strong>impugnatores</strong></span> <span class='ocrx_word' id='word_1_31' title='bbox 821 914 936 966; x_wconf 91' lang='lat' dir='ltr'><strong>tuetur.</strong></span> <span class='ocrx_word' id='word_1_32' title='bbox 977 902 1185 988; x_wconf 83' lang='lat' dir='ltr'><strong>Reliquorum</strong></span> <span class='ocrx_word' id='word_1_33' title='bbox 1200 904 1333 968; x_wconf 82' lang='lat' dir='ltr'><strong>Petrum</strong></span> <span class='ocrx_word' id='word_1_34' title='bbox 1347 902 1445 970; x_wconf 76' lang='lat' dir='ltr'><strong>effata</strong></span> <span class='ocrx_word' id='word_1_35' title='bbox 1459 907 1537 971; x_wconf 82' lang='lat' dir='ltr'><strong>ltaud</strong></span> 
     </span>
     <span class='ocr_line' id='line_1_5' title="bbox 345 1010 1537 1101; baseline -0.002 -19"><span class='ocrx_word' id='word_1_36' title='bbox 345 1015 489 1088; x_wconf 86' lang='lat' dir='ltr'><strong>citamus,</strong></span> <span class='ocrx_word' id='word_1_37' title='bbox 506 1034 602 1099; x_wconf 89' lang='lat' dir='ltr'><strong>quum</strong></span> <span class='ocrx_word' id='word_1_38' title='bbox 618 1032 736 1076; x_wconf 87' lang='lat' dir='ltr'><strong>sensus</strong></span> <span class='ocrx_word' id='word_1_39' title='bbox 750 1011 918 1077; x_wconf 87' lang='lat' dir='ltr'><strong>Ecclesiae</strong></span> <span class='ocrx_word' id='word_1_40' title='bbox 935 1010 1083 1097; x_wconf 86' lang='lat' dir='ltr'><strong>antiquae</strong></span> <span class='ocrx_word' id='word_1_41' title='bbox 1099 1012 1142 1077; x_wconf 89' lang='lat' dir='ltr'><strong>sit</strong></span> <span class='ocrx_word' id='word_1_42' title='bbox 1158 1012 1347 1079; x_wconf 80' lang='lat' dir='ltr'><strong>manifestus</strong></span> <span class='ocrx_word' id='word_1_43' title='bbox 1363 1014 1537 1101; x_wconf 87' lang='lat' dir='ltr'><strong>peripsam</strong></span> 
     </span>
     <span class='ocr_line' id='line_1_6' title="bbox 344 1121 1536 1211; baseline 0 -20"><span class='ocrx_word' id='word_1_44' title='bbox 344 1127 415 1210; x_wconf 85' lang='lat' dir='ltr'><strong>ojus</strong></span> <span class='ocrx_word' id='word_1_45' title='bbox 430 1122 547 1211; x_wconf 89' lang='lat' dir='ltr'><strong>agendi</strong></span> <span class='ocrx_word' id='word_1_46' title='bbox 562 1121 720 1187; x_wconf 89' lang='lat' dir='ltr'><strong>rationem</strong></span> <span class='ocrx_word' id='word_1_47' title='bbox 738 1124 895 1187; x_wconf 88' lang='lat' dir='ltr'><strong>adversus</strong></span> <span class='ocrx_word' id='word_1_48' title='bbox 912 1122 1077 1187; x_wconf 84' lang='lat' dir='ltr'><strong>novitates·</strong></span> <span class='ocrx_word' id='word_1_49' title='bbox 1088 1122 1336 1210; x_wconf 85' lang='lat' dir='ltr'><strong>Pelagianorum</strong></span> <span class='ocrx_word' id='word_1_50' title='bbox 1352 1136 1387 1189; x_wconf 89' lang='lat' dir='ltr'><strong>et</strong></span> <span class='ocrx_word' id='word_1_51' title='bbox 1397 1125 1536 1211; x_wconf 80' lang='lat' dir='ltr'><strong>Semipe</strong></span> 
     </span>
     <span class='ocr_line' id='line_1_7' title="bbox 344 1230 1538 1322; baseline 0.001 -22"><span class='ocrx_word' id='word_1_52' title='bbox 344 1233 557 1322; x_wconf 77' lang='lat' dir='ltr'><strong>logismorum.</strong></span> <span class='ocrx_word' id='word_1_53' title='bbox 588 1231 654 1296; x_wconf 83' lang='lat' dir='ltr'><strong>Vix</strong></span> <span class='ocrx_word' id='word_1_54' title='bbox 673 1230 758 1297; x_wconf 91' lang='lat' dir='ltr'><strong>enim</strong></span> <span class='ocrx_word' id='word_1_55' title='bbox 781 1231 931 1297; x_wconf 81' lang='lat' dir='ltr'><strong>Ecclesia</strong></span> <span class='ocrx_word' id='word_1_56' title='bbox 960 1231 1051 1317; x_wconf 87' lang='lat' dir='ltr'><strong>ipsas</strong></span> <span class='ocrx_word' id='word_1_57' title='bbox 1067 1232 1246 1317; x_wconf 86' lang='lat' dir='ltr'><strong>persensit,</strong></span> <span class='ocrx_word' id='word_1_58' title='bbox 1269 1253 1343 1298; x_wconf 87' lang='lat' dir='ltr'><strong>eum</strong></span> <span class='ocrx_word' id='word_1_59' title='bbox 1359 1254 1421 1299; x_wconf 88' lang='lat' dir='ltr'><strong>eas</strong></span> <span class='ocrx_word' id='word_1_60' title='bbox 1437 1236 1538 1301; x_wconf 83' lang='lat' dir='ltr'><strong>statim</strong></span> 
     </span>
     <span class='ocr_line' id='line_1_8' title="bbox 345 1340 1536 1428; baseline 0.002 -20"><span class='ocrx_word' id='word_1_61' title='bbox 345 1341 552 1410; x_wconf 83' lang='lat' dir='ltr'><strong>exhorruerit</strong></span> <span class='ocrx_word' id='word_1_62' title='bbox 568 1353 600 1405; x_wconf 89' lang='lat' dir='ltr'><strong>et</strong></span> <span class='ocrx_word' id='word_1_63' title='bbox 616 1340 814 1405; x_wconf 86' lang='lat' dir='ltr'><strong>damnaverit</strong></span> <span class='ocrx_word' id='word_1_64' title='bbox 828 1340 861 1404; x_wconf 94' lang='lat' dir='ltr'><strong>in</strong></span> <span class='ocrx_word' id='word_1_65' title='bbox 877 1353 926 1405; x_wconf 91' lang='lat' dir='ltr'><strong>tot</strong></span> <span class='ocrx_word' id='word_1_66' title='bbox 942 1340 1108 1417; x_wconf 77' lang='lat' dir='ltr'><strong>Consiliis,</strong></span> <span class='ocrx_word' id='word_1_67' title='bbox 1124 1362 1205 1428; x_wconf 89' lang='lat' dir='ltr'><strong>quae</strong></span> <span class='ocrx_word' id='word_1_68' title='bbox 1220 1363 1279 1426; x_wconf 87' lang='lat' dir='ltr'><strong>per</strong></span> <span class='ocrx_word' id='word_1_69' title='bbox 1294 1342 1327 1405; x_wconf 92' lang='lat' dir='ltr'><strong>id</strong></span> <span class='ocrx_word' id='word_1_70' title='bbox 1343 1355 1473 1428; x_wconf 85' lang='lat' dir='ltr'><strong>tempus</strong></span> <span class='ocrx_word' id='word_1_71' title='bbox 1490 1367 1536 1411; x_wconf 88' lang='lat' dir='ltr'><strong>ce·</strong></span> 
     </span>
     <span class='ocr_line' id='line_1_9' title="bbox 344 1450 1539 1537; baseline 0.002 -20"><span class='ocrx_word' id='word_1_72' title='bbox 344 1454 467 1519; x_wconf 83' lang='lat' dir='ltr'><strong>lehrata</strong></span> <span class='ocrx_word' id='word_1_73' title='bbox 483 1462 567 1525; x_wconf 87' lang='lat' dir='ltr'><strong>sunt,</strong></span> <span class='ocrx_word' id='word_1_74' title='bbox 584 1463 678 1535; x_wconf 89' lang='lat' dir='ltr'><strong>atque</strong></span> <span class='ocrx_word' id='word_1_75' title='bbox 694 1450 802 1535; x_wconf 87' lang='lat' dir='ltr'><strong>ipsum·</strong></span> <span class='ocrx_word' id='word_1_76' title='bbox 815 1450 980 1537; x_wconf 81' lang='lat' dir='ltr'><strong>Pelagium</strong></span> <span class='ocrx_word' id='word_1_77' title='bbox 992 1451 1183 1535; x_wconf 85' lang='lat' dir='ltr'><strong>compulerit</strong></span> <span class='ocrx_word' id='word_1_78' title='bbox 1197 1451 1354 1537; x_wconf 83' lang='lat' dir='ltr'><strong>profiteri,</strong></span> <span class='ocrx_word' id='word_1_79' title='bbox 1370 1462 1539 1532; x_wconf 66' lang='lat' dir='ltr'><strong>orations</strong></span> 
     </span>
     <span class='ocr_line' id='line_1_10' title="bbox 345 1562 1538 1644; baseline 0.002 -18"><span class='ocrx_word' id='word_1_80' title='bbox 345 1565 419 1626; x_wconf 83' lang='lat' dir='ltr'><strong>Dei</strong></span> <span class='ocrx_word' id='word_1_81' title='bbox 436 1599 479 1609; x_wconf 94' lang='lat'>-</span> <span class='ocrx_word' id='word_1_82' title='bbox 494 1581 571 1624; x_wconf 87' lang='lat' dir='ltr'><strong>uon</strong></span> <span class='ocrx_word' id='word_1_83' title='bbox 589 1563 680 1623; x_wconf 87' lang='lat' dir='ltr'><strong>dori</strong></span> <span class='ocrx_word' id='word_1_84' title='bbox 696 1564 912 1632; x_wconf 82' lang='lat' dir='ltr'><strong>seeundum</strong></span> <span class='ocrx_word' id='word_1_85' title='bbox 927 1568 1071 1624; x_wconf 84' lang='lat' dir='ltr'><strong>merito</strong></span> <span class='ocrx_word' id='word_1_86' title='bbox 1086 1562 1285 1644; x_wconf 58' lang='lat' dir='ltr'><strong>nostram.</strong></span> <span class='ocrx_word' id='word_1_87' title='bbox 1317 1562 1538 1628; x_wconf 79' lang='lat' dir='ltr'><strong>Concilium</strong></span> 
     </span>
     <span class='ocr_line' id='line_1_11' title="bbox 344 1668 1539 1751; baseline 0 -14"><span class='ocrx_word' id='word_1_88' title='bbox 344 1669 632 1737; x_wconf 74' lang='lat' dir='ltr'><strong>Arausicanum</strong></span> <span class='ocrx_word' id='word_1_89' title='bbox 653 1681 760 1733; x_wconf 90' lang='lat' dir='ltr'><strong>autem</strong></span> <span class='ocrx_word' id='word_1_90' title='bbox 780 1668 907 1734; x_wconf 88' lang='lat' dir='ltr'><strong>statuit:</strong></span> <span class='ocrx_word' id='word_1_91' title='bbox 930 1672 1173 1734; x_wconf 75' lang='lat' dir='ltr'><strong>Fortitudinem</strong></span> <span class='ocrx_word' id='word_1_92' title='bbox 1187 1674 1358 1751; x_wconf 72' lang='lat' dir='ltr'><strong>qenttttnm</strong></span> <span class='ocrx_word' id='word_1_93' title='bbox 1374 1676 1539 1738; x_wconf 82' lang='lat' dir='ltr'><strong>mundana</strong></span> 
     </span>
    </p>
   </div>
   <div class='ocr_carea' id='block_1_2' title="bbox 244 1778 1539 1867">
    <p class='ocr_par' dir='ltr' id='par_1_2' title="bbox 244 1778 1539 1867">
     <span class='ocr_line' id='line_1_12' title="bbox 244 1778 1539 1867; baseline 0.003 -24"><span class='ocrx_word' id='word_1_94' title='bbox 244 1842 255 1861; x_wconf 64' lang='lat'>‚</span> <span class='ocrx_word' id='word_1_95' title='bbox 345 1783 523 1863; x_wconf 78' lang='lat' dir='ltr'><strong>cupiditas,</strong></span> <span class='ocrx_word' id='word_1_96' title='bbox 544 1781 776 1853; x_wconf 78' lang='lat' dir='ltr'><strong>fortitudinem</strong></span> <span class='ocrx_word' id='word_1_97' title='bbox 803 1778 1071 1842; x_wconf 73' lang='lat' dir='ltr'><strong>Christianorum</strong></span> <span class='ocrx_word' id='word_1_98' title='bbox 1086 1781 1150 1842; x_wconf 83' lang='lat' dir='ltr'><strong>Dei</strong></span> <span class='ocrx_word' id='word_1_99' title='bbox 1165 1786 1315 1845; x_wconf 81' lang='lat' dir='ltr'><strong>charitas</strong></span> <span class='ocrx_word' id='word_1_100' title='bbox 1327 1784 1436 1862; x_wconf 83' lang='lat' dir='ltr'><strong>fucit,</strong></span> <span class='ocrx_word' id='word_1_101' title='bbox 1460 1807 1539 1867; x_wconf 79' lang='lat' dir='ltr'><strong>quus</strong></span> 
     </span>
    </p>
   </div>
   <div class='ocr_carea' id='block_1_3' title="bbox 342 1890 1542 4257">
    <p class='ocr_par' dir='ltr' id='par_1_3' title="bbox 342 1890 1542 2301">
     <span class='ocr_line' id='line_1_13' title="bbox 345 1890 1542 1981; baseline 0.003 -29"><span class='ocrx_word' id='word_1_102' title='bbox 345 1894 467 1971; x_wconf 73' lang='lat' dir='ltr'><strong>diffuso</strong></span> <span class='ocrx_word' id='word_1_103' title='bbox 483 1896 535 1951; x_wconf 86' lang='lat' dir='ltr'><strong>est</strong></span> <span class='ocrx_word' id='word_1_104' title='bbox 548 1895 583 1951; x_wconf 86' lang='lat' dir='ltr'><strong>in</strong></span> <span class='ocrx_word' id='word_1_105' title='bbox 598 1890 754 1950; x_wconf 82' lang='lat' dir='ltr'><strong>cordibus</strong></span> <span class='ocrx_word' id='word_1_106' title='bbox 769 1894 906 1961; x_wconf 88' lang='lat' dir='ltr'><strong>nostris,</strong></span> <span class='ocrx_word' id='word_1_107' title='bbox 923 1910 990 1952; x_wconf 89' lang='lat' dir='ltr'><strong>non</strong></span> <span class='ocrx_word' id='word_1_108' title='bbox 1002 1910 1064 1970; x_wconf 85' lang='lat' dir='ltr'><strong>per</strong></span> <span class='ocrx_word' id='word_1_109' title='bbox 1079 1891 1260 1953; x_wconf 79' lang='lat' dir='ltr'><strong>voluntatis</strong></span> <span class='ocrx_word' id='word_1_110' title='bbox 1275 1895 1468 1981; x_wconf 77' lang='lat' dir='ltr'><strong>arbitrium,</strong></span> <span class='ocrx_word' id='word_1_111' title='bbox 1485 1897 1542 1957; x_wconf 90' lang='lat' dir='ltr'><strong>sed</strong></span> 
     </span>
     <span class='ocr_line' id='line_1_14' title="bbox 342 1997 1539 2083; baseline 0.004 -21"><span class='ocrx_word' id='word_1_112' title='bbox 342 2022 404 2083; x_wconf 78' lang='lat' dir='ltr'><strong>por</strong></span> <span class='ocrx_word' id='word_1_113' title='bbox 421 1999 584 2082; x_wconf 79' lang='lat' dir='ltr'><strong>Spiritum</strong></span> <span class='ocrx_word' id='word_1_114' title='bbox 600 1997 653 2075; x_wconf 66' lang='lat' dir='ltr'><strong>S„</strong></span> <span class='ocrx_word' id='word_1_115' title='bbox 670 2004 726 2079; x_wconf 83' lang='lat' dir='ltr'><strong>qui</strong></span> <span class='ocrx_word' id='word_1_116' title='bbox 742 2000 841 2061; x_wconf 85' lang='lat' dir='ltr'><strong>dutus</strong></span> <span class='ocrx_word' id='word_1_117' title='bbox 857 2005 909 2060; x_wconf 86' lang='lat' dir='ltr'><strong>est</strong></span> <span class='ocrx_word' id='word_1_118' title='bbox 921 2001 1029 2077; x_wconf 83' lang='lat' dir='ltr'><strong>nodis,</strong></span> <span class='ocrx_word' id='word_1_119' title='bbox 1047 2000 1178 2062; x_wconf 83' lang='lat' dir='ltr'><strong>nullis</strong></span> <span class='ocrx_word' id='word_1_120' title='bbox 1193 2007 1351 2064; x_wconf 84' lang='lat' dir='ltr'><strong>meritis</strong></span> <span class='ocrx_word' id='word_1_121' title='bbox 1365 2010 1539 2081; x_wconf 69' lang='lat' dir='ltr'><strong>qratiam</strong></span> 
     </span>
     <span class='ocr_line' id='line_1_15' title="bbox 343 2107 1536 2194; baseline 0.001 -22"><span class='ocrx_word' id='word_1_122' title='bbox 343 2109 719 2191; x_wconf 78' lang='lat' dir='ltr'><strong>praevenientibus.</strong></span> <span class='ocrx_word' id='word_1_123' title='bbox 736 2142 779 2153; x_wconf 89' lang='lat'>-</span> <span class='ocrx_word' id='word_1_124' title='bbox 796 2107 944 2170; x_wconf 77' lang='lat' dir='ltr'><strong>Debetur</strong></span> <span class='ocrx_word' id='word_1_125' title='bbox 962 2129 1087 2171; x_wconf 84' lang='lat' dir='ltr'><strong>meroes</strong></span> <span class='ocrx_word' id='word_1_126' title='bbox 1105 2111 1200 2171; x_wconf 83' lang='lat' dir='ltr'><strong>donis</strong></span> <span class='ocrx_word' id='word_1_127' title='bbox 1216 2113 1384 2191; x_wconf 82' lang='lat' dir='ltr'><strong>operibus,</strong></span> <span class='ocrx_word' id='word_1_128' title='bbox 1403 2117 1434 2173; x_wconf 84' lang='lat' dir='ltr'><strong>si</strong></span> <span class='ocrx_word' id='word_1_129' title='bbox 1446 2118 1536 2194; x_wconf 70' lang='lat' dir='ltr'><strong>fleat,</strong></span> 
     </span>
     <span class='ocr_line' id='line_1_16' title="bbox 345 2219 1445 2301; baseline 0.005 -20"><span class='ocrx_word' id='word_1_130' title='bbox 345 2221 574 2298; x_wconf 62' lang='lat' dir='ltr'><strong>sederatis,</strong></span> <span class='ocrx_word' id='word_1_131' title='bbox 592 2238 695 2299; x_wconf 86' lang='lat' dir='ltr'><strong>quae</strong></span> <span class='ocrx_word' id='word_1_132' title='bbox 710 2237 788 2279; x_wconf 84' lang='lat' dir='ltr'><strong>nou</strong></span> <span class='ocrx_word' id='word_1_133' title='bbox 804 2219 996 2296; x_wconf 78' lang='lat' dir='ltr'><strong>detetur,</strong></span> <span class='ocrx_word' id='word_1_134' title='bbox 1011 2221 1244 2299; x_wconf 82' lang='lat' dir='ltr'><strong>praeeedit,</strong></span> <span class='ocrx_word' id='word_1_135' title='bbox 1261 2225 1445 2301; x_wconf 57' lang='lat' dir='ltr'><strong>oenones).</strong></span> 
     </span>
    </p>

    <p class='ocr_par' dir='ltr' id='par_1_4' title="bbox 349 2323 1541 2962">
     <span class='ocr_line' id='line_1_17' title="bbox 458 2323 1537 2413; baseline 0.006 -24"><span class='ocrx_word' id='word_1_136' title='bbox 458 2328 495 2390; x_wconf 83' lang='lat'><strong>0.</strong></span> <span class='ocrx_word' id='word_1_137' title='bbox 511 2323 657 2410; x_wconf 90' lang='lat' dir='ltr'><strong>Denique</strong></span> <span class='ocrx_word' id='word_1_138' title='bbox 675 2346 748 2388; x_wconf 90' lang='lat' dir='ltr'><strong>cnm</strong></span> <span class='ocrx_word' id='word_1_139' title='bbox 764 2323 894 2390; x_wconf 88' lang='lat' dir='ltr'><strong>nonnisi</strong></span> <span class='ocrx_word' id='word_1_140' title='bbox 910 2345 1011 2410; x_wconf 87' lang='lat' dir='ltr'><strong>opera</strong></span> <span class='ocrx_word' id='word_1_141' title='bbox 1026 2326 1128 2401; x_wconf 79' lang='lat' dir='ltr'><strong>loona,</strong></span> <span class='ocrx_word' id='word_1_142' title='bbox 1151 2347 1231 2411; x_wconf 92' lang='lat' dir='ltr'><strong>quae</strong></span> <span class='ocrx_word' id='word_1_143' title='bbox 1254 2347 1297 2391; x_wconf 86' lang='lat' dir='ltr'><strong>ex</strong></span> <span class='ocrx_word' id='word_1_144' title='bbox 1312 2330 1414 2393; x_wconf 85' lang='lat' dir='ltr'><strong>corde</strong></span> <span class='ocrx_word' id='word_1_145' title='bbox 1425 2329 1537 2413; x_wconf 79' lang='lat' dir='ltr'><strong>justifi-</strong></span> 
     </span>
     <span class='ocr_line' id='line_1_18' title="bbox 350 2433 1537 2521; baseline 0 -18"><span class='ocrx_word' id='word_1_146' title='bbox 350 2449 422 2503; x_wconf 88' lang='lat' dir='ltr'><strong>cato</strong></span> <span class='ocrx_word' id='word_1_147' title='bbox 439 2436 628 2521; x_wconf 89' lang='lat' dir='ltr'><strong>procedunt,</strong></span> <span class='ocrx_word' id='word_1_148' title='bbox 645 2454 703 2498; x_wconf 90' lang='lat' dir='ltr'><strong>sen</strong></span> <span class='ocrx_word' id='word_1_149' title='bbox 719 2455 761 2497; x_wconf 84' lang='lat' dir='ltr'><strong>ex</strong></span> <span class='ocrx_word' id='word_1_150' title='bbox 777 2433 898 2498; x_wconf 88' lang='lat' dir='ltr'><strong>motivo</strong></span> <span class='ocrx_word' id='word_1_151' title='bbox 916 2434 1081 2501; x_wconf 87' lang='lat' dir='ltr'><strong>charitatis</strong></span> <span class='ocrx_word' id='word_1_152' title='bbox 1096 2434 1190 2511; x_wconf 85' lang='lat' dir='ltr'><strong>liunt,</strong></span> <span class='ocrx_word' id='word_1_153' title='bbox 1212 2448 1247 2500; x_wconf 92' lang='lat' dir='ltr'><strong>ut</strong></span> <span class='ocrx_word' id='word_1_154' title='bbox 1260 2435 1396 2503; x_wconf 80' lang='lat' dir='ltr'><strong>inferius</strong></span> <span class='ocrx_word' id='word_1_155' title='bbox 1414 2439 1537 2503; x_wconf 89' lang='lat' dir='ltr'><strong>demon·</strong></span> 
     </span>
     <span class='ocr_line' id='line_1_19' title="bbox 350 2541 1539 2631; baseline 0.001 -20"><span class='ocrx_word' id='word_1_156' title='bbox 350 2543 520 2619; x_wconf 85' lang='lat' dir='ltr'><strong>strabitur,</strong></span> <span class='ocrx_word' id='word_1_157' title='bbox 551 2541 800 2627; x_wconf 84' lang='lat' dir='ltr'><strong>promissionem</strong></span> <span class='ocrx_word' id='word_1_158' title='bbox 822 2544 982 2608; x_wconf 81' lang='lat' dir='ltr'><strong>mercedis</strong></span> <span class='ocrx_word' id='word_1_159' title='bbox 1003 2546 1153 2620; x_wconf 81' lang='lat' dir='ltr'><strong>habeant,</strong></span> <span class='ocrx_word' id='word_1_160' title='bbox 1176 2558 1269 2631; x_wconf 87' lang='lat' dir='ltr'><strong>atque</strong></span> <span class='ocrx_word' id='word_1_161' title='bbox 1293 2545 1435 2612; x_wconf 83' lang='lat' dir='ltr'><strong>charitas</strong></span> <span class='ocrx_word' id='word_1_162' title='bbox 1452 2546 1539 2612; x_wconf 87' lang='lat' dir='ltr'><strong>nohis</strong></span> 
     </span>
     <span class='ocr_line' id='line_1_20' title="bbox 349 2651 1539 2739; baseline 0.003 -22"><span class='ocrx_word' id='word_1_163' title='bbox 349 2652 489 2739; x_wconf 87' lang='lat' dir='ltr'><strong>primum</strong></span> <span class='ocrx_word' id='word_1_164' title='bbox 520 2673 577 2737; x_wconf 86' lang='lat' dir='ltr'><strong>per</strong></span> <span class='ocrx_word' id='word_1_165' title='bbox 603 2651 868 2736; x_wconf 89' lang='lat' dir='ltr'><strong>justificationem</strong></span> <span class='ocrx_word' id='word_1_166' title='bbox 901 2654 1101 2719; x_wconf 85' lang='lat' dir='ltr'><strong>conseratur:</strong></span> <span class='ocrx_word' id='word_1_167' title='bbox 1134 2667 1168 2719; x_wconf 92' lang='lat' dir='ltr'><strong>ut</strong></span> <span class='ocrx_word' id='word_1_168' title='bbox 1197 2656 1319 2720; x_wconf 89' lang='lat' dir='ltr'><strong>hancce</strong></span> <span class='ocrx_word' id='word_1_169' title='bbox 1351 2677 1539 2730; x_wconf 86' lang='lat' dir='ltr'><strong>mereamur,</strong></span> 
     </span>
     <span class='ocr_line' id='line_1_21' title="bbox 350 2760 1541 2851; baseline 0.001 -23"><span class='ocrx_word' id='word_1_170' title='bbox 350 2783 488 2849; x_wconf 87' lang='lat' dir='ltr'><strong>prorsus</strong></span> <span class='ocrx_word' id='word_1_171' title='bbox 503 2760 574 2826; x_wconf 86' lang='lat' dir='ltr'><strong>fieri</strong></span> <span class='ocrx_word' id='word_1_172' title='bbox 590 2760 713 2848; x_wconf 90' lang='lat' dir='ltr'><strong>nequit;</strong></span> <span class='ocrx_word' id='word_1_173' title='bbox 737 2783 810 2829; x_wconf 90' lang='lat' dir='ltr'><strong>nam</strong></span> <span class='ocrx_word' id='word_1_174' title='bbox 834 2761 1026 2848; x_wconf 89' lang='lat' dir='ltr'><strong>principium</strong></span> <span class='ocrx_word' id='word_1_175' title='bbox 1048 2762 1154 2830; x_wconf 88' lang='lat' dir='ltr'><strong>meriti</strong></span> <span class='ocrx_word' id='word_1_176' title='bbox 1170 2764 1337 2830; x_wconf 84' lang='lat' dir='ltr'><strong>manifeste</strong></span> <span class='ocrx_word' id='word_1_177' title='bbox 1353 2786 1420 2830; x_wconf 90' lang='lat' dir='ltr'><strong>non</strong></span> <span class='ocrx_word' id='word_1_178' title='bbox 1437 2776 1541 2851; x_wconf 86' lang='lat' dir='ltr'><strong>potest</strong></span> 
     </span>
     <span class='ocr_line' id='line_1_22' title="bbox 352 2871 1437 2962; baseline 0.002 -23"><span class='ocrx_word' id='word_1_179' title='bbox 352 2875 467 2939; x_wconf 88' lang='lat' dir='ltr'><strong>eadere</strong></span> <span class='ocrx_word' id='word_1_180' title='bbox 484 2873 544 2938; x_wconf 87' lang='lat' dir='ltr'><strong>sub</strong></span> <span class='ocrx_word' id='word_1_181' title='bbox 561 2871 719 2948; x_wconf 88' lang='lat' dir='ltr'><strong>meritum,</strong></span> <span class='ocrx_word' id='word_1_182' title='bbox 736 2875 794 2938; x_wconf 88' lang='lat' dir='ltr'><strong>sed</strong></span> <span class='ocrx_word' id='word_1_183' title='bbox 810 2874 998 2939; x_wconf 88' lang='lat' dir='ltr'><strong>necessario</strong></span> <span class='ocrx_word' id='word_1_184' title='bbox 1015 2876 1055 2940; x_wconf 90' lang='lat' dir='ltr'><strong>sd</strong></span> <span class='ocrx_word' id='word_1_185' title='bbox 1070 2874 1146 2939; x_wconf 92' lang='lat' dir='ltr'><strong>illud</strong></span> <span class='ocrx_word' id='word_1_186' title='bbox 1163 2888 1235 2940; x_wconf 89' lang='lat' dir='ltr'><strong>ante</strong></span> <span class='ocrx_word' id='word_1_187' title='bbox 1251 2875 1437 2962; x_wconf 85' lang='lat' dir='ltr'><strong>requiritur.</strong></span> 
     </span>
    </p>

    <p class='ocr_par' dir='ltr' id='par_1_5' title="bbox 352 2981 1539 3507">
     <span class='ocr_line' id='line_1_23' title="bbox 460 2981 1538 3070; baseline 0.004 -25"><span class='ocrx_word' id='word_1_188' title='bbox 460 2981 582 3062; x_wconf 83' lang='lat' dir='ltr'><strong>Quodsi</strong></span> <span class='ocrx_word' id='word_1_189' title='bbox 599 2994 705 3047; x_wconf 91' lang='lat' dir='ltr'><strong>autem</strong></span> <span class='ocrx_word' id='word_1_190' title='bbox 721 2983 859 3070; x_wconf 81' lang='lat' dir='ltr'><strong>gratiam</strong></span> <span class='ocrx_word' id='word_1_191' title='bbox 876 2983 1130 3049; x_wconf 84' lang='lat' dir='ltr'><strong>sanctificantem</strong></span> <span class='ocrx_word' id='word_1_192' title='bbox 1146 2985 1264 3050; x_wconf 87' lang='lat' dir='ltr'><strong>mereri</strong></span> <span class='ocrx_word' id='word_1_193' title='bbox 1284 2986 1368 3050; x_wconf 91' lang='lat' dir='ltr'><strong>haud</strong></span> <span class='ocrx_word' id='word_1_194' title='bbox 1386 2988 1538 3052; x_wconf 89' lang='lat' dir='ltr'><strong>valemus:</strong></span> 
     </span>
     <span class='ocr_line' id='line_1_24' title="bbox 352 3091 1538 3182; baseline 0.005 -26"><span class='ocrx_word' id='word_1_195' title='bbox 352 3104 469 3180; x_wconf 90' lang='lat' dir='ltr'><strong>quanto</strong></span> <span class='ocrx_word' id='word_1_196' title='bbox 486 3091 591 3156; x_wconf 74' lang='lat' dir='ltr'><strong>miurus</strong></span> <span class='ocrx_word' id='word_1_197' title='bbox 607 3092 744 3179; x_wconf 88' lang='lat' dir='ltr'><strong>gratiam</strong></span> <span class='ocrx_word' id='word_1_198' title='bbox 761 3094 916 3158; x_wconf 87' lang='lat' dir='ltr'><strong>actualem</strong></span> <span class='ocrx_word' id='word_1_199' title='bbox 933 3093 1051 3159; x_wconf 89' lang='lat' dir='ltr'><strong>mereri</strong></span> <span class='ocrx_word' id='word_1_200' title='bbox 1064 3094 1251 3179; x_wconf 87' lang='lat' dir='ltr'><strong>poterimus,</strong></span> <span class='ocrx_word' id='word_1_201' title='bbox 1263 3095 1332 3160; x_wconf 91' lang='lat' dir='ltr'><strong>sine</strong></span> <span class='ocrx_word' id='word_1_202' title='bbox 1348 3098 1443 3181; x_wconf 88' lang='lat' dir='ltr'><strong>eujus</strong></span> <span class='ocrx_word' id='word_1_203' title='bbox 1455 3118 1538 3182; x_wconf 87' lang='lat' dir='ltr'><strong>prae·</strong></span> 
     </span>
     <span class='ocr_line' id='line_1_25' title="bbox 352 3201 1538 3289; baseline 0.004 -23"><span class='ocrx_word' id='word_1_204' title='bbox 352 3201 501 3267; x_wconf 90' lang='lat' dir='ltr'><strong>ventione</strong></span> <span class='ocrx_word' id='word_1_205' title='bbox 517 3214 549 3264; x_wconf 88' lang='lat' dir='ltr'><strong>et</strong></span> <span class='ocrx_word' id='word_1_206' title='bbox 564 3201 723 3286; x_wconf 89' lang='lat' dir='ltr'><strong>adjutorio</strong></span> <span class='ocrx_word' id='word_1_207' title='bbox 740 3201 826 3277; x_wconf 90' lang='lat' dir='ltr'><strong>nihil,</strong></span> <span class='ocrx_word' id='word_1_208' title='bbox 843 3205 926 3287; x_wconf 94' lang='lat' dir='ltr'><strong>quod</strong></span> <span class='ocrx_word' id='word_1_209' title='bbox 943 3205 983 3267; x_wconf 90' lang='lat' dir='ltr'><strong>ad</strong></span> <span class='ocrx_word' id='word_1_210' title='bbox 999 3205 1133 3268; x_wconf 86' lang='lat' dir='ltr'><strong>salutem</strong></span> <span class='ocrx_word' id='word_1_211' title='bbox 1149 3217 1294 3269; x_wconf 85' lang='lat' dir='ltr'><strong>nostram</strong></span> <span class='ocrx_word' id='word_1_212' title='bbox 1309 3205 1463 3289; x_wconf 92' lang='lat' dir='ltr'><strong>pertinet,</strong></span> <span class='ocrx_word' id='word_1_213' title='bbox 1479 3206 1538 3273; x_wconf 88' lang='lat' dir='ltr'><strong>elfi-</strong></span> 
     </span>
     <span class='ocr_line' id='line_1_26' title="bbox 354 3310 1539 3402; baseline 0.003 -25"><span class='ocrx_word' id='word_1_214' title='bbox 354 3333 439 3387; x_wconf 93' lang='lat' dir='ltr'><strong>cere,</strong></span> <span class='ocrx_word' id='word_1_215' title='bbox 455 3310 670 3378; x_wconf 87' lang='lat' dir='ltr'><strong>etideoetiam</strong></span> <span class='ocrx_word' id='word_1_216' title='bbox 687 3313 793 3378; x_wconf 89' lang='lat' dir='ltr'><strong>nosad</strong></span> <span class='ocrx_word' id='word_1_217' title='bbox 804 3312 1071 3398; x_wconf 88' lang='lat' dir='ltr'><strong>justificationem</strong></span> <span class='ocrx_word' id='word_1_218' title='bbox 1086 3335 1279 3400; x_wconf 88' lang='lat' dir='ltr'><strong>praeparare</strong></span> <span class='ocrx_word' id='word_1_219' title='bbox 1297 3335 1357 3379; x_wconf 90' lang='lat' dir='ltr'><strong>seu</strong></span> <span class='ocrx_word' id='word_1_220' title='bbox 1374 3315 1539 3402; x_wconf 90' lang='lat' dir='ltr'><strong>disponere</strong></span> 
     </span>
     <span class='ocr_line' id='line_1_27' title="bbox 354 3423 678 3507; baseline -0.003 -21"><span class='ocrx_word' id='word_1_221' title='bbox 354 3443 417 3486; x_wconf 94' lang='lat' dir='ltr'><strong>non</strong></span> <span class='ocrx_word' id='word_1_222' title='bbox 434 3443 618 3507; x_wconf 89' lang='lat' dir='ltr'><strong>possumus.</strong></span> <span class='ocrx_word' id='word_1_223' title='bbox 643 3423 678 3486; x_wconf 91' lang='lat' dir='ltr'><strong>ld</strong></span> 
     </span>
    </p>

    <p class='ocr_par' dir='ltr' id='par_1_6' title="bbox 354 3532 1541 4161">
     <span class='ocr_line' id='line_1_28' title="bbox 461 3532 1540 3617; baseline 0.006 -23"><span class='ocrx_word' id='word_1_224' title='bbox 461 3535 501 3594; x_wconf 87' lang='lat' dir='ltr'><strong>A.</strong></span> <span class='ocrx_word' id='word_1_225' title='bbox 520 3532 666 3597; x_wconf 89' lang='lat' dir='ltr'><strong>consulto</strong></span> <span class='ocrx_word' id='word_1_226' title='bbox 698 3533 919 3616; x_wconf 82' lang='lat' dir='ltr'><strong>Apostolus</strong></span> <span class='ocrx_word' id='word_1_227' title='bbox 943 3532 1038 3596; x_wconf 91' lang='lat' dir='ltr'><strong>tradit</strong></span> <span class='ocrx_word' id='word_1_228' title='bbox 1059 3532 1091 3596; x_wconf 92' lang='lat' dir='ltr'><strong>in</strong></span> <span class='ocrx_word' id='word_1_229' title='bbox 1114 3532 1249 3617; x_wconf 84' lang='lat' dir='ltr'><strong>epistola</strong></span> <span class='ocrx_word' id='word_1_230' title='bbox 1272 3535 1318 3597; x_wconf 93' lang='lat' dir='ltr'><strong>ad</strong></span> <span class='ocrx_word' id='word_1_231' title='bbox 1334 3535 1540 3610; x_wconf 86' lang='lat' dir='ltr'><strong>Romanos,</strong></span> 
     </span>
     <span class='ocr_line' id='line_1_29' title="bbox 354 3639 1539 3730; baseline 0.006 -26"><span class='ocrx_word' id='word_1_232' title='bbox 354 3641 446 3724; x_wconf 88' lang='lat' dir='ltr'><strong>cujus</strong></span> <span class='ocrx_word' id='word_1_233' title='bbox 476 3639 575 3704; x_wconf 90' lang='lat' dir='ltr'><strong>totius</strong></span> <span class='ocrx_word' id='word_1_234' title='bbox 606 3641 808 3728; x_wconf 85' lang='lat' dir='ltr'><strong>dogmaticae</strong></span> <span class='ocrx_word' id='word_1_235' title='bbox 829 3641 930 3727; x_wconf 89' lang='lat' dir='ltr'><strong>partis</strong></span> <span class='ocrx_word' id='word_1_236' title='bbox 953 3654 1178 3728; x_wconf 90' lang='lat' dir='ltr'><strong>argumentum</strong></span> <span class='ocrx_word' id='word_1_237' title='bbox 1203 3642 1266 3707; x_wconf 91' lang='lat' dir='ltr'><strong>hoc</strong></span> <span class='ocrx_word' id='word_1_238' title='bbox 1289 3653 1359 3717; x_wconf 85' lang='lat' dir='ltr'><strong>est,</strong></span> <span class='ocrx_word' id='word_1_239' title='bbox 1375 3644 1539 3730; x_wconf 85' lang='lat' dir='ltr'><strong>gratuitam</strong></span> 
     </span>
     <span class='ocr_line' id='line_1_30' title="bbox 354 3747 1540 3838; baseline 0.004 -25"><span class='ocrx_word' id='word_1_240' title='bbox 354 3769 429 3814; x_wconf 89' lang='lat' dir='ltr'><strong>esse</strong></span> <span class='ocrx_word' id='word_1_241' title='bbox 445 3747 648 3814; x_wconf 86' lang='lat' dir='ltr'><strong>vocationem</strong></span> <span class='ocrx_word' id='word_1_242' title='bbox 665 3751 703 3814; x_wconf 87' lang='lat' dir='ltr'><strong>sd</strong></span> <span class='ocrx_word' id='word_1_243' title='bbox 721 3752 866 3827; x_wconf 86' lang='lat' dir='ltr'><strong>salutem,</strong></span> <span class='ocrx_word' id='word_1_244' title='bbox 884 3754 1031 3838; x_wconf 92' lang='lat' dir='ltr'><strong>quodque</strong></span> <span class='ocrx_word' id='word_1_245' title='bbox 1052 3750 1102 3816; x_wconf 83' lang='lat' dir='ltr'><strong>nis</strong></span> <span class='ocrx_word' id='word_1_246' title='bbox 1118 3751 1261 3816; x_wconf 89' lang='lat' dir='ltr'><strong>enuntiat</strong></span> <span class='ocrx_word' id='word_1_247' title='bbox 1276 3752 1402 3819; x_wconf 88' lang='lat' dir='ltr'><strong>verbis:</strong></span> <span class='ocrx_word' id='word_1_248' title='bbox 1444 3759 1540 3834; x_wconf 72' lang='lat' dir='ltr'><strong>Ipitur</strong></span> 
     </span>
     <span class='ocr_line' id='line_1_31' title="bbox 355 3863 1541 3944; baseline 0.003 -22"><span class='ocrx_word' id='word_1_249' title='bbox 355 3881 431 3922; x_wconf 87' lang='lat' dir='ltr'><strong>non</strong></span> <span class='ocrx_word' id='word_1_250' title='bbox 459 3863 651 3941; x_wconf 82' lang='lat' dir='ltr'><strong>volentis,</strong></span> <span class='ocrx_word' id='word_1_251' title='bbox 683 3884 806 3944; x_wconf 85' lang='lat' dir='ltr'><strong>neque</strong></span> <span class='ocrx_word' id='word_1_252' title='bbox 837 3870 1061 3941; x_wconf 83' lang='lat' dir='ltr'><strong>currentis,</strong></span> <span class='ocrx_word' id='word_1_253' title='bbox 1103 3867 1176 3926; x_wconf 74' lang='lat' dir='ltr'><strong>aad</strong></span> <span class='ocrx_word' id='word_1_254' title='bbox 1212 3868 1455 3928; x_wconf 73' lang='lat' dir='ltr'><strong>miserentis</strong></span> <span class='ocrx_word' id='word_1_255' title='bbox 1491 3872 1541 3928; x_wconf 81' lang='lat' dir='ltr'><strong>est</strong></span> 
     </span>
     <span class='ocr_line' id='line_1_32' title="bbox 354 3966 1540 4056; baseline 0.003 -23"><span class='ocrx_word' id='word_1_256' title='bbox 354 3966 473 4056; x_wconf 72' lang='lat' dir='ltr'><strong>Dei-¹⁹).</strong></span> <span class='ocrx_word' id='word_1_257' title='bbox 513 3973 630 4056; x_wconf 81' lang='lat' dir='ltr'><strong>Atque:</strong></span> <span class='ocrx_word' id='word_1_258' title='bbox 662 3975 733 4035; x_wconf 87' lang='lat' dir='ltr'><strong>Aut</strong></span> <span class='ocrx_word' id='word_1_259' title='bbox 755 3979 844 4054; x_wconf 88' lang='lat' dir='ltr'><strong>quis</strong></span> <span class='ocrx_word' id='word_1_260' title='bbox 865 3980 982 4054; x_wconf 88' lang='lat' dir='ltr'><strong>prior</strong></span> <span class='ocrx_word' id='word_1_261' title='bbox 1008 3976 1115 4035; x_wconf 89' lang='lat' dir='ltr'><strong>dedit</strong></span> <span class='ocrx_word' id='word_1_262' title='bbox 1133 3975 1213 4052; x_wconf 84' lang='lat' dir='ltr'><strong>illi,</strong></span> <span class='ocrx_word' id='word_1_263' title='bbox 1231 3981 1269 4035; x_wconf 86' lang='lat' dir='ltr'><strong>et</strong></span> <span class='ocrx_word' id='word_1_264' title='bbox 1293 3979 1540 4040; x_wconf 81' lang='lat' dir='ltr'><strong>retribuetur</strong></span> 
     </span>
     <span class='ocr_line' id='line_1_33' title="bbox 357 4078 733 4161; baseline 0.008 -19"><span class='ocrx_word' id='word_1_265' title='bbox 357 4086 406 4159; x_wconf 87' lang='lat' dir='ltr'><strong>(ut</strong></span> <span class='ocrx_word' id='word_1_266' title='bbox 421 4078 630 4161; x_wconf 89' lang='lat' dir='ltr'><strong>retribuatur)</strong></span> <span class='ocrx_word' id='word_1_267' title='bbox 647 4084 733 4161; x_wconf 82' lang='lat' dir='ltr'><strong>et⁶)?</strong></span> 
     </span>
    </p>

    <p class='ocr_par' dir='ltr' id='par_1_7' title="bbox 464 4189 1536 4257">
     <span class='ocr_line' id='line_1_34' title="bbox 464 4189 1536 4257; baseline 0.002 -8"><span class='ocrx_word' id='word_1_268' title='bbox 464 4192 505 4252; x_wconf 87' lang='lat' dir='ltr'><strong>B.</strong></span> <span class='ocrx_word' id='word_1_269' title='bbox 536 4190 721 4254; x_wconf 85' lang='lat' dir='ltr'><strong>Ecclesia</strong></span> <span class='ocrx_word' id='word_1_270' title='bbox 742 4211 821 4254; x_wconf 89' lang='lat' dir='ltr'><strong>vero</strong></span> <span class='ocrx_word' id='word_1_271' title='bbox 847 4189 957 4255; x_wconf 90' lang='lat' dir='ltr'><strong>definit</strong></span> <span class='ocrx_word' id='word_1_272' title='bbox 971 4190 1004 4254; x_wconf 94' lang='lat' dir='ltr'><strong>in</strong></span> <span class='ocrx_word' id='word_1_273' title='bbox 1022 4189 1202 4255; x_wconf 85' lang='lat' dir='ltr'><strong>Concilio</strong></span> <span class='ocrx_word' id='word_1_274' title='bbox 1228 4192 1536 4257; x_wconf 77' lang='lat' dir='ltr'><strong>Arausicanoll.:</strong></span> 
     </span>
    </p>
   </div>
   <div class='ocr_carea' id='block_1_4' title="bbox 357 4283 1534 4381">
    <p class='ocr_par' dir='ltr' id='par_1_8' title="bbox 357 4283 1534 4381">
     <span class='ocr_line' id='line_1_35' title="bbox 357 4283 1534 4381; baseline 0.004 -22"><span class='ocrx_word' id='word_1_275' title='bbox 357 4297 398 4359; x_wconf 73' lang='lat' dir='ltr'><strong>ot</strong></span> <span class='ocrx_word' id='word_1_276' title='bbox 413 4303 487 4380; x_wconf 84' lang='lat' dir='ltr'><strong>quis</strong></span> <span class='ocrx_word' id='word_1_277' title='bbox 510 4283 581 4361; x_wconf 82' lang='lat' dir='ltr'><strong>sine</strong></span> <span class='ocrx_word' id='word_1_278' title='bbox 595 4307 707 4378; x_wconf 76' lang='lat' dir='ltr'><strong>pratia</strong></span> <span class='ocrx_word' id='word_1_279' title='bbox 722 4301 784 4362; x_wconf 87' lang='lat' dir='ltr'><strong>Dei</strong></span> <span class='ocrx_word' id='word_1_280' title='bbox 806 4303 1026 4380; x_wconf 80' lang='lat' dir='ltr'><strong>credentibus,</strong></span> <span class='ocrx_word' id='word_1_281' title='bbox 1049 4302 1250 4381; x_wconf 80' lang='lat' dir='ltr'><strong>volentibus,</strong></span> <span class='ocrx_word' id='word_1_282' title='bbox 1270 4304 1534 4378; x_wconf 73' lang='lat' dir='ltr'><strong>desiderantibus,</strong></span> 
     </span>
    </p>
   </div>
   <div class='ocr_carea' id='block_1_5' title="bbox 358 4551 1527 4824">
    <p class='ocr_par' dir='ltr' id='par_1_9' title="bbox 358 4551 1527 4824">
     <span class='ocr_line' id='line_1_36' title="bbox 468 4551 1527 4642; baseline 0 -26"><span class='ocrx_word' id='word_1_283' title='bbox 468 4558 494 4631; x_wconf 91' lang='lat'><strong>¹)</strong></span> <span class='ocrx_word' id='word_1_284' title='bbox 514 4551 553 4618; x_wconf 84' lang='lat' dir='ltr'><strong>T.</strong></span> <span class='ocrx_word' id='word_1_285' title='bbox 571 4553 622 4618; x_wconf 90' lang='grc'><strong>10.</strong></span> <span class='ocrx_word' id='word_1_286' title='bbox 640 4576 665 4615; x_wconf 84' lang='lat' dir='ltr'><strong>e.</strong></span> <span class='ocrx_word' id='word_1_287' title='bbox 684 4554 758 4619; x_wconf 76' lang='lat'><strong>790.</strong></span> <span class='ocrx_word' id='word_1_288' title='bbox 787 4552 1527 4642; x_wconf 69' lang='lat' dir='ltr'><strong>-²)1b.c.822.-³)00nc.1)t0spot.n.t</strong></span> 
     </span>
     <span class='ocr_line' id='line_1_37' title="bbox 358 4641 1524 4730; baseline 0.002 -26"><span class='ocrx_word' id='word_1_289' title='bbox 358 4647 490 4717; x_wconf 82' lang='lat' dir='ltr'><strong>Massi,</strong></span> <span class='ocrx_word' id='word_1_290' title='bbox 509 4646 583 4709; x_wconf 79' lang='lat' dir='ltr'><strong>Oott.</strong></span> <span class='ocrx_word' id='word_1_291' title='bbox 602 4644 738 4710; x_wconf 73' lang='lat' dir='ltr'><strong>eoncT</strong></span> <span class='ocrx_word' id='word_1_292' title='bbox 765 4645 796 4709; x_wconf 80' lang='lat'><strong>4.</strong></span> <span class='ocrx_word' id='word_1_293' title='bbox 813 4670 838 4710; x_wconf 89' lang='lat' dir='ltr'><strong>c.</strong></span> <span class='ocrx_word' id='word_1_294' title='bbox 856 4646 931 4711; x_wconf 85' lang='lat'><strong>313.</strong></span> <span class='ocrx_word' id='word_1_295' title='bbox 965 4683 1007 4695; x_wconf 90' lang='lat'><em>-</em></span> <span class='ocrx_word' id='word_1_296' title='bbox 1042 4647 1116 4730; x_wconf 80' lang='lat'><strong><em>⁴)0.</em></strong></span> <span class='ocrx_word' id='word_1_297' title='bbox 1135 4653 1271 4712; x_wconf 82' lang='lat'><em>17-18.</em></span> <span class='ocrx_word' id='word_1_298' title='bbox 1303 4650 1351 4716; x_wconf 89' lang='lat' dir='ltr'><strong>Ib.</strong></span> <span class='ocrx_word' id='word_1_299' title='bbox 1370 4651 1409 4717; x_wconf 74' lang='grc' dir='ltr'><strong>Τ,</strong></span> <span class='ocrx_word' id='word_1_300' title='bbox 1425 4647 1453 4712; x_wconf 88' lang='lat'><strong>8.</strong></span> <span class='ocrx_word' id='word_1_301' title='bbox 1471 4641 1524 4709; x_wconf 82' lang='grc'><strong>715.</strong></span> 
     </span>
     <span class='ocr_line' id='line_1_38' title="bbox 362 4735 1263 4824; baseline 0.003 -22"><span class='ocrx_word' id='word_1_302' title='bbox 362 4735 538 4822; x_wconf 80' lang='lat' dir='ltr'>⁵)R0m,9‚</span> <span class='ocrx_word' id='word_1_303' title='bbox 557 4735 607 4804; x_wconf 91' lang='grc'><strong>16.</strong></span> <span class='ocrx_word' id='word_1_304' title='bbox 628 4774 668 4787; x_wconf 79' lang='lat'><strong>-·</strong></span> <span class='ocrx_word' id='word_1_305' title='bbox 689 4737 817 4819; x_wconf 82' lang='lat' dir='ltr'><strong>⁶)R0m.</strong></span> <span class='ocrx_word' id='word_1_306' title='bbox 836 4736 1213 4824; x_wconf 79' lang='lat' dir='ltr'><strong>11‚35.0f.2.Tim.1,</strong></span> <span class='ocrx_word' id='word_1_307' title='bbox 1232 4739 1263 4806; x_wconf 87' lang='grc'><strong>9.</strong></span> 
     </span>
    </p>
   </div>
   <div class='ocr_carea' id='block_1_6' title="bbox 0 0 1896 5625">
    <p class='ocr_par' dir='ltr' id='par_1_10' title="bbox 0 0 1896 5625">
     <span class='ocr_line' id='line_1_39' title="bbox 0 0 1896 5625; baseline 0 0"><span class='ocrx_word' id='word_1_308' title='bbox 0 0 1896 5625; x_wconf 95' lang='lat' dir='ltr'><strong> </strong></span> 
     </span>
    </p>
   </div>
  </div>
 </body>
</html>
