3775 5625
339 399 404 473 458

341 584 478 642 absolute
496 592 582 643 certo
608 602 663 641 seu
684 583 887 643 infallibiliter
903 593 1055 656 statuere,
1080 606 1114 645 se
1136 607 1206 646 esse
1218 588 1339 663 justos,
1368 588 1525 669 quinimo,

339 693 448 752 saltem
469 692 640 752 Lutherani
661 694 841 763 defendunt,
864 706 952 756 recto
975 696 1006 755 in
1030 696 1087 757 hac
1110 697 1177 775 ipsa
1199 699 1257 757 fide
1273 697 1524 773 justificationem

340 803 522 862 consistere.

446 909 521 973 lude
543 908 720 994 explicatur
741 931 880 996 quoque,
913 932 1010 997 quare
1043 912 1220 978 Concilium
1253 912 1525 979 Tridentinum

339 1032 510 1104 sequentes
532 1019 679 1083 Canones
699 1018 857 1104 posuerit,
878 1020 993 1105 quibus
1014 1020 1170 1107 triplicem
1199 1044 1345 1087 errorem
1368 1022 1458 1087 illum
1478 1025 1523 1088 da·

339 1129 472 1193 mnavit:
494 1130 535 1192 Si
550 1136 624 1209 puis
638 1134 774 1211 dicerit,
793 1136 879 1193 omni
895 1134 1019 1195 bomini
1034 1142 1076 1195 uit
1090 1139 1310 1197 remissionem
1323 1145 1525 1213 peccatorum

339 1247 568 1319 assequendum
588 1247 859 1302 necessarium
882 1263 984 1324 esse,
1011 1256 1048 1306 ut
1072 1251 1207 1306 credat
1230 1256 1358 1326 certo,
1388 1257 1420 1307 et
1443 1250 1523 1306 abs·

340 1371 410 1429 pue
432 1371 454 1411 u
464 1356 519 1411 ltu
539 1351 812 1413 haesitatione
824 1357 981 1431 propriae
997 1356 1195 1429 infirmitatis
1210 1366 1242 1416 et
1256 1358 1522 1435 indispositionis,

337 1471 470 1539 peccota
495 1464 556 1522 sibi
581 1480 650 1521 esse
675 1465 828 1522 remissa:
847 1482 876 1523 a.
895 1483 919 1523 s.
943 1499 982 1508 -
998 1460 1039 1523 Si
1064 1467 1138 1541 puis
1164 1467 1300 1543 dicerit,
1328 1465 1525 1524 bominemu

338 1576 479 1648 peccatis
494 1575 620 1631 absolvi
635 1572 859 1649 acjustificari
874 1592 925 1632 em
948 1593 1010 1652 eo,
1036 1579 1138 1651 quod
1158 1592 1197 1633 se
1221 1573 1377 1633 absolvi
1401 1593 1448 1634 ac
1464 1576 1524 1651 ju·

341 1680 533 1753 stificuri
558 1690 665 1742 certo
687 1687 844 1757 credot;-
875 1691 932 1743 aut
954 1685 1109 1742 neminem
1131 1683 1434 1760 oerejustifirutum
1450 1702 1522 1760 esse,

341 1793 406 1849 nisi
421 1793 478 1866 pui
494 1795 615 1864 eredat,
633 1810 667 1850 se
682 1810 751 1851 esse
758 1792 991 1869 justificatum·
1016 1801 1048 1852 et
1065 1792 1139 1851 boo
1162 1797 1249 1852 sola
1266 1792 1304 1864 fi
1310 1798 1333 1850 rt
1338 1811 1356 1850 e
1372 1796 1524 1851 absolu·

343 1903 484 1961 tionem
500 1909 538 1960 et
548 1901 902 1977 justificationem
914 1902 1086 1977 perfici:
1104 1922 1133 1961 a.
1152 1920 1177 1962 s.
1193 1904 1231 1980 ¹).

448 2005 636 2070 Doctrinam
661 2006 854 2071 Catholicam
887 2020 990 2072 autem
1022 2007 1187 2071 erroribus
1218 2006 1308 2072 hisce
1341 2006 1524 2093 oppositam,

343 2128 531 2202 sequentem
544 2115 576 2179 in
593 2118 722 2181 modum
747 2117 894 2202 exponit:
928 2118 1026 2180 Sicut
1047 2139 1139 2180 nemo
1162 2123 1239 2197 pius
1262 2126 1301 2179 de
1322 2119 1387 2180 Dei
1402 2122 1524 2179 miseri·

342 2233 466 2309 cordio,
485 2234 523 2289 dc
541 2228 818 2309 sternumentis,
836 2237 937 2307 deque
953 2228 1244 2291 Sacramentorum
1259 2234 1394 2310 virtute,
1414 2238 1447 2290 et
1460 2226 1524 2303 effi·

343 2343 433 2400 cneio
456 2343 605 2401 dubitare
624 2344 729 2417 debet·
755 2344 802 2400 sic
828 2344 976 2420 quilibet,
1004 2346 1079 2399 dum
1095 2359 1129 2399 se
1144 2343 1263 2419 ipsum,
1282 2358 1442 2415 suumque
1454 2356 1524 2416 pro·

341 2454 448 2529 priam
463 2449 693 2527 infirmitatem,
708 2460 739 2509 et
751 2452 1025 2527 indispositionem
1042 2452 1187 2528 respicit,
1202 2453 1240 2508 de
1255 2468 1316 2509 sua
1329 2453 1444 2524 pratia
1457 2450 1525 2522 for·

343 2561 477 2638 mitiore,
495 2570 528 2619 et
544 2563 655 2619 timere
667 2569 788 2638 potest;
810 2578 883 2619 cum
903 2560 1015 2619 nullus
1037 2562 1141 2618 scire
1162 2562 1270 2619 valeat
1290 2561 1527 2619 certitudine

341 2669 464 2747 fidei,
491 2672 552 2729 cui
577 2688 651 2729 non
670 2679 802 2748 potest
817 2673 978 2729 subesse
998 2669 1163 2755 fulsum,
1180 2687 1214 2728 ae
1227 2671 1374 2743 pretinm
1390 2668 1455 2727 Dei
1469 2684 1528 2727 esse

345 2789 550 2841 consecutum
565 2777 600 2856 ²).

452 2888 609 2951 Probatur
640 2900 744 2952 aunem
777 2888 931 2952 adversus
963 2886 1144 2950 Novatores
1169 2884 1289 2950 saeculi
1312 2886 1396 2950 XVl.
1423 2887 1528 2972 dogma

346 3013 492 3065 nostrum

453 3115 491 3174 A.
517 3108 646 3174 disertis
671 3109 793 3174 divinae
826 3105 1056 3191 Scripturas
1088 3103 1292 3169 testimoniis.
1326 3106 1418 3168 Sunt
1438 3107 1526 3185 justi,

346 3226 390 3291 ait
418 3223 711 3296 EcclesiastcS,
744 3234 838 3299 utque
869 3223 1041 3299 sopientes,
1069 3228 1102 3279 et
1124 3237 1223 3295 opera
1245 3237 1360 3277 eorum
1383 3220 1420 3277 in
1444 3233 1529 3277 manu
1572 3188 1577 3287 l

346 3342 427 3403 Dei:
459 3349 492 3399 et
517 3348 640 3399 tamen
659 3338 786 3396 nescit
810 3333 938 3409 bomo,
966 3340 1099 3390 utrum
1123 3347 1274 3406 umore,
1302 3346 1352 3386 un
1376 3327 1530 3387 ostiorli·

344 3469 445 3526 pnus
469 3450 575 3523 sit³),
607 3464 664 3506 seu
697 3454 730 3505 ut
753 3452 862 3504 textus
894 3435 1065 3500 hebraicus
1097 3435 1207 3508 habet,
1239 3446 1273 3497 et
1302 3456 1471 3496 umorem
1497 3450 1532 3493 ar

349 3562 476 3618 ortium
496 3559 684 3615 nesciens
705 3557 831 3630 bomo,
857 3547 875 3611 i.
898 3569 924 3611 e.
950 3545 1093 3631 quamvis
1115 3545 1211 3607 homo
1229 3563 1346 3627 reapse
1358 3545 1469 3627 justus
1485 3539 1530 3604 sit:

348 3663 380 3725 id
397 3674 501 3725 tamen
518 3660 579 3724 soli
595 3661 664 3724 Deo
682 3659 846 3747 cognitum
862 3669 927 3728 est3
951 3657 1047 3719 homo
1065 3666 1170 3717 autem
1187 3652 1256 3737 ipse
1273 3652 1422 3739 ignorat,
1440 3664 1532 3715 utrum

324 3824 328 3844 ,
350 3771 453 3833 aDeo
471 3769 635 3856 diligatur,
659 3791 697 3833 an
720 3789 824 3833 secus
851 3764 1074 3830 Siracidcs:
1100 3765 1153 3826 Ne
1175 3769 1320 3825 itineris:
1338 3766 1493 3840 Petraei,
1509 3769 1534 3820 et

351 3887 429 3958 quid
451 3883 532 3942 mibi
556 3886 673 3942 accidit
693 3875 936 3942 tristei-De
963 3880 1188 3954 propitiato
1218 3885 1381 3950 peccato
1418 3877 1482 3960 (gr.
1504 3876 1534 3929 n

348 3995 646 4070 propitiatione
667 3990 933 4068 peccatorum)
962 3990 1047 4048 noli
1071 4006 1154 4046 esse
1183 3989 1269 4045 sine
1293 3994 1419 4063 metu,
1445 3998 1535 4060 nepus

352 4105 486 4178 urbicius
498 4110 663 4178 peccatum
679 4118 776 4175 super
789 4107 964 4174 peccatum.
982 4096 1030 4156 Et
1044 4115 1085 4155 ne
1100 4098 1208 4155 dicas:
1224 4095 1402 4154 Miseratio
1414 4090 1535 4154 Domini

353 4229 468 4286 mnpnn
483 4221 541 4288 est,
559 4212 777 4270 multitudinis
789 4218 994 4286 peccatorum
1010 4224 1155 4266 meorum
1171 4207 1391 4265 miserebitur.
1409 4240 1454 4249 —
1471 4199 1536 4263 Non

354 4326 462 4381 tardes
493 4323 634 4379 converti
665 4325 707 4379 ad
736 4318 928 4397 Dominum,
951 4327 982 4377 et
1003 4335 1043 4376 ne
1063 4315 1200 4390 differas
1220 4320 1259 4373 de
1281 4317 1334 4372 die
1356 4317 1393 4373 in
1416 4311 1536 4384 diem⁴).

355 4431 476 4490 Sensus
493 4437 557 4488 est:
582 4425 668 4498 Noli,
689 4424 831 4509 quamvis
857 4423 911 4486 tibi
927 4436 1002 4507 post
1019 4422 1168 4486 delictum
1186 4419 1400 4484 commissum
1417 4419 1461 4482 nil
1476 4412 1537 4481 mall

356 4533 522 4606 acciderit,
546 4546 652 4596 certus
676 4554 766 4606 esse,
790 4532 846 4596 tibi
865 4533 905 4594 ob
924 4533 1026 4595 solam
1042 4508 1300 4594 mis⁰crieordiam
1318 4529 1461 4593 diuinam
1475 4545 1535 4612 pec·

358 4653 427 4703 cata
444 4642 617 4704 condonari
624 4667 632 4714 3
659 4644 716 4705 sed
732 4641 838 4726 potius
856 4641 893 4704 de
911 4662 1023 4704 eorum
1040 4639 1234 4703 remissione
1252 4638 1340 4702 time.
1364 4639 1415 4704 Ne
1431 4654 1536 4724 pergas

358 4795 571 4805 ——-—--

464 4854 490 4942 1)
504 4859 577 4923 Can.
589 4864 635 4922 13.
649 4865 695 4923 14.
711 4897 747 4904 -
760 4856 788 4944 ¹²)
802 4862 875 4936 Cup.
887 4866 914 4927 b.
930 4898 969 4904 -
982 4861 1006 4941 3)
1017 4862 1098 4925 Eccl.
1110 4860 1140 4936 9,
1161 4858 1188 4922 1.
1203 4896 1246 4905 -
1261 4855 1287 4947 4)
1298 4857 1400 4924 Eccli.
1411 4855 1441 4931 5,
1453 4849 1535 4921 4-8,
