3775 5625
1470 324 1537 345 νυν

463 445 494 512 3.
515 440 648 512 Status
668 437 830 534 gratiae.
861 439 1045 520 Hominem,
1074 449 1109 509 nt
1129 453 1282 530 operetur
1304 455 1403 529 opert
1423 443 1538 512 saluta
1574 478 1577 482 ·

356 555 420 631 ria,
451 556 519 620 Deo
550 576 608 641 per
635 553 772 641 gratiam
801 552 1053 619 sanctificantem
1081 555 1284 638 conjunctum
1312 565 1388 620 eso
1413 554 1540 629 debere,

356 663 486 730 disertis
510 664 618 729 verbis
649 665 789 728 declarat
820 665 1012 737 Salvator,
1043 684 1138 748 quum
1165 662 1223 727 ait:
1253 663 1388 728 Monate
1415 670 1451 727 in
1475 685 1538 747 me,

318 806 320 810 ⁷
354 788 388 840 et
401 797 459 855 eqo
476 780 512 837 in
527 778 624 838 vobis.
655 774 754 837 Sient
771 780 895 853 patmos
916 794 984 836 non
997 784 1106 851 potest
1116 775 1211 848 ferre
1223 774 1372 848 motam
1386 795 1407 835 a
1423 768 1539 838 amiet-

354 890 444 965 ipso,
467 890 533 947 nisi
547 888 705 947 manserit
723 888 759 945 in
780 888 861 946 cite:
886 888 933 945 sie
953 902 1022 945 nee
1043 902 1128 963 aas,
1154 886 1234 944 nisi
1256 887 1297 944 in
1318 902 1372 944 me
1391 903 1539 946 manse·

354 994 491 1072 ritie¹).
529 990 712 1078 Requiritur
733 990 838 1076 itaque
862 992 900 1055 ad
926 992 1010 1054 bona
1027 987 1300 1074 operriacieuda,
1317 1012 1380 1054 uon
1397 1011 1539 1077 quaeque

352 1100 468 1188 gratia,
490 1102 547 1166 sed
563 1121 617 1176 ea,
638 1121 718 1186 quae
739 1099 817 1165 facit
837 1098 999 1164 hominem
1014 1120 1088 1164 esse
1105 1099 1211 1162 vivum
1228 1100 1406 1163 membrum
1422 1121 1537 1184 corpo·

352 1210 399 1274 ris
417 1209 627 1284 christiin
645 1209 799 1285 charitas,
815 1231 873 1274 seu
889 1208 969 1274 fides
985 1208 1246 1293 per-charitatem
1267 1207 1411 1273 animata.
1435 1210 1538 1272 Porro

351 1319 385 1381 in
402 1321 435 1383 S.
452 1319 583 1384 Litteris
604 1318 725 1405 passim
746 1318 812 1383 vita
831 1331 961 1383 aeterna
983 1318 1157 1403 adpellatur
1179 1316 1411 1398 haereditss2),
1427 1317 1537 1382 haere·

352 1427 437 1492 ditas
458 1440 565 1492 autem
587 1449 651 1492 non
668 1440 718 1493 est
734 1448 914 1503 servorum,
930 1428 988 1491 sed
1003 1425 1159 1502 filiorum,
1179 1424 1234 1490 tilii
1257 1437 1362 1490 autem
1376 1424 1538 1489 reddimur

350 1556 410 1619 per
425 1535 561 1623 gratiam
578 1534 841 1611 sanctificantem,
859 1548 892 1600 et
906 1534 982 1600 hinc
998 1534 1125 1599 nonnisi
1139 1534 1172 1598 iu
1187 1535 1248 1598 hac
1264 1533 1428 1599 constituti
1442 1534 1539 1598 vitam

350 1655 513 1709 aeternam
530 1645 648 1710 mereri
663 1666 847 1731 possumus.
877 1650 980 1731 Atque
1002 1647 1129 1710 tandem
1146 1644 1312 1729 Scriptura
1327 1656 1479 1719 testatam,
1494 1643 1539 1708 ita

348 1753 476 1817 fundari
500 1753 647 1818 meritum
664 1755 696 1819 in
712 1754 851 1820 amicitia
868 1776 939 1819 cum
955 1755 1036 1830 Deo,
1052 1767 1086 1818 ut
1103 1753 1224 1828 statim,
1241 1765 1334 1839 atque
1350 1752 1462 1839 aliquis
1479 1772 1538 1837 per

348 1875 517 1946 peccatum
532 1864 636 1930 Deum
652 1863 802 1940 offendat,
820 1863 925 1929 omnia
941 1863 1064 1929 amittat
1079 1862 1293 1929 bonamerita.
1311 1862 1365 1942 Si,
1383 1861 1532 1925 ait·Eae·

348 1971 471 2047 chiei,
487 1982 643 2037 averterit
655 1996 692 2037 se
702 1980 822 2053 justas
832 1996 852 2036 a
858 1980 996 2053 justitia
1007 1996 1083 2054 sua,
1096 1982 1129 2037 et
1135 1978 1257 2054 feeerit
1264 1978 1468 2055 iniquitatem
1477 1991 1534 2032 se-

347 2085 491 2144 candum
507 2104 618 2147 omnes
634 2087 914 2165 abominationes,
939 2105 1024 2166 qaas
1040 2090 1174 2165 operari
1189 2085 1275 2144 sotei
1288 2088 1419 2163 impias,
1436 2102 1536 2143 nam-

346 2195 432 2273 quid
444 2194 546 2254 viaet?
572 2196 914 2272 Omnesjastitiae.
929 2198 1036 2273 ejas,
1059 2213 1158 2273 qaas
1176 2194 1357 2270 fecerat,
1380 2210 1536 2252 nonre-

346 2304 649 2366 cordadaniar:
665 2309 700 2365 in
711 2308 1010 2383 praevaricatione,
1028 2323 1093 2385 qna
1107 2307 1359 2382 praevaricatus
1375 2307 1437 2379 esi,
1455 2306 1489 2361 et
1502 2306 1537 2362 in

341 2418 480 2486 peceato
497 2431 570 2483 suo,
587 2415 676 2492 qaod
684 2418 849 2493 peccavit,
873 2417 908 2474 in
927 2418 1009 2493 ipsis
1028 2417 1187 2473 morietur
1196 2410 1232 2489 ³).
1255 2407 1377 2473 Deinde
1395 2406 1423 2472 si
1438 2405 1536 2471 vitam

346 2530 511 2583 aeternam
526 2521 667 2583 nondum
686 2531 898 2608 regeneratus
918 2532 1032 2605 posset
1053 2518 1185 2595 mereri,
1209 2530 1296 2584 certe
1312 2528 1426 2603 posset
1440 2514 1536 2580 etiarn

345 2627 485 2715 gratiam
495 2627 725 2713 justificantem
741 2629 871 2714 proprie
888 2628 1015 2703 mereri,
1032 2629 1116 2715 quod
1133 2639 1238 2708 tamen
1254 2638 1376 2714 pugnat
1391 2647 1463 2691 cum
1479 2626 1533 2688 do·

350 2736 455 2801 ctrina
472 2737 587 2802 Cone.
605 2737 843 2814 Tridentini,
860 2736 1062 2813 declarantis,
1079 2758 1139 2801 nos
1155 2735 1258 2824 gratis
1269 2734 1449 2820 justificari.
1472 2732 1534 2821 lgi-

349 2858 403 2910 tur
420 2845 567 2909 meritum
583 2845 666 2910 vitae
682 2867 747 2909 non
763 2846 796 2909 in
812 2847 883 2910 solo
901 2866 1010 2930 opere,
1026 2847 1083 2910 sed
1100 2845 1196 2910 etiam
1211 2844 1243 2909 in
1260 2843 1413 2931 dignitate
1424 2864 1535 2929 perso·

348 2975 407 3018 nae
429 2954 668 3018 tundamentum
689 2955 799 3030 habet,
820 2966 912 3040 atque
928 2955 1025 3019 homo
1042 2955 1137 3019 debet
1151 2953 1243 3019 evehi
1264 2974 1322 3038 per
1337 2952 1474 3041 gratiam
1489 2951 1536 3015 in·

347 3065 534 3127 haerentem
550 3075 582 3127 et
598 3062 751 3147 Spiritum
768 3066 802 3128 S.
819 3063 1045 3129 inhabitantem
1066 3065 1105 3128 ad
1127 3063 1326 3129 consortium
1340 3075 1472 3127 naturae
1488 3061 1534 3124 di·

347 3172 455 3248 vinae,
479 3183 515 3236 ut
539 3192 638 3256 opera
660 3170 766 3236 divina
789 3193 847 3237 seu
868 3173 952 3238 vitae
979 3186 1127 3238 aeternae
1144 3171 1310 3237 meritoria
1324 3171 1466 3251 faciae).
1491 3171 1534 3235 Et

348 3282 422 3345 hino
451 3279 565 3344 merito
587 3302 606 3345 a
626 3280 692 3346 Pio
715 3283 752 3346 V.
777 3283 858 3348 haec
878 3282 964 3367 Baji
986 3282 1144 3348 sententia
1164 3283 1311 3346 damnata
1335 3294 1400 3346 est:
1426 3281 1537 3362 Opera

351 3394 436 3452 dona
461 3415 482 3452 a
500 3394 581 3472 filiis
597 3395 782 3474 adoptionis
795 3395 911 3475 faeta,
935 3415 1002 3457 non
1017 3400 1181 3475 accipiant
1195 3398 1354 3454 radonem
1370 3397 1477 3452 meriti
1492 3411 1537 3452 ete
1570 3421 1572 3424 >

350 3520 402 3578 eo,
419 3504 507 3581 quod
517 3505 603 3581 fiant
612 3522 674 3583 per
690 3501 852 3584 Spiritum
874 3506 1060 3585 adoptionis
1081 3496 1318 3566 inhabitantem
1329 3503 1430 3563 eorda
1443 3501 1533 3581 fitio-

349 3631 423 3672 rum
438 3611 500 3671 Dei
506 3656 519 3690 ,
543 3615 604 3673 sed
619 3620 745 3674 tantam
761 3634 806 3675 ea
821 3634 872 3692 eo,
891 3616 980 3693 qaod
992 3619 1071 3675 eunt
1086 3616 1272 3692 conformia
1288 3613 1366 3690 ieyi,
1388 3612 1537 3692 qnodque

345 3741 407 3801 per
423 3741 462 3781 ea
475 3729 669 3800 praestatur
685 3725 867 3785 odedientia
884 3725 990 3801 teau).

351 3889 567 3907 ..ι-ι*

349 3971 566 4055 Hieronym.
593 3979 634 4036 In
653 3975 757 4042 Jovin.
780 3978 799 4039 l.
823 3983 851 4039 2.
874 4000 904 4040 n.
927 3983 958 4039 3.
982 3977 1062 4060 opp.
1085 3979 1123 4038 Τ.
1148 3976 1177 4040 2.
1194 3999 1218 4040 o.
1236 3973 1310 4039 326.
1341 3974 1533 4056 Angustia.

348 4067 397 4124 De
417 4065 469 4126 tib.
491 4071 557 4128 aab.
580 4069 598 4129 l.
620 4072 648 4128 2.
673 4072 744 4130 c.1.
766 4090 797 4129 n.
820 4074 849 4131 3.
868 4069 949 4151 Opp.
966 4071 1005 4130 T.
1030 4071 1058 4130 1.
1079 4091 1106 4129 o.
1124 4065 1199 4130 585.
1232 4069 1410 4130 Bernard.
1438 4069 1533 4130 Serm.
1639 4117 1640 4120 .

349 4159 400 4221 81.
416 4157 450 4216 a'n
467 4159 552 4218 Cant.
570 4181 599 4221 n.
618 4163 646 4219 6.
669 4157 749 4241 Opp.
767 4160 805 4222 Τ.
822 4157 853 4220 4.
871 4181 896 4223 c.
916 4157 1013 4222 1554.
1073 4166 1075 4171 ’

460 4248 487 4326 ¹)
504 4248 597 4312 Joan.
616 4245 669 4323 15,
685 4247 716 4312 4.
748 4249 794 4312 cf.
813 4248 865 4333 14,
882 4247 934 4315 21.
955 4250 985 4314 1.
1017 4251 1085 4313 Cor.
1102 4250 1133 4325 2,
1151 4249 1182 4312 9.
1208 4248 1238 4312 2.
1255 4250 1334 4311 Tim.
1352 4248 1431 4313 4.'8.
1463 4251 1532 4312 Jao.

351 4336 450 4412 1,12.
483 4377 526 4386 -
548 4336 586 4426 ’2)
601 4340 716 4421 Ephes.
735 4340 765 4415 1,
785 4339 836 4406 14.
859 4341 926 4404 001.
943 4341 976 4416 3,
993 4340 1046 4405 24.
1070 4343 1168 4408 Hebr.
1188 4342 1215 4414 1,
1234 4338 1285 4404 14.
1307 4341 1334 4404 l..
1351 4343 1437 4403 Patr.
1456 4340 1485 4425 1,
1500 4338 1531 4405 4.

350 4429 395 4490 Of.
412 4432 500 4493 Rom.
518 4430 548 4515 8,
567 4428 709 4494 15-17.
742 4433 811 4494 Gal.
827 4430 860 4507 4,
878 4432 908 4496 7.
925 4434 986 4497 Tit.
1004 4432 1034 4508 3,
1053 4429 1083 4496 7.
1107 4469 1149 4480 -
1173 4433 1197 4514 ³)
1217 4432 1326 4494 Eaeeh.
1345 4430 1398 4506 18,
1413 4429 1467 4497 24.
1485 4432 1531 4496 Of.

348 4519 418 4582 Jac.
435 4519 466 4597 2,
485 4521 534 4585 10.
553 4559 595 4569 -
612 4518 639 4608 ⁴)
658 4523 705 4587 cf.
721 4524 930 4603 Angustia.
955 4529 1003 4586 De
1017 4523 1069 4598 aa.
1086 4533 1113 4583 et
1128 4545 1209 4603 oper.
1227 4544 1252 4586 o.
1269 4527 1318 4586 14.
1336 4545 1366 4586 n.
1383 4527 1433 4584 21.
1451 4522 1532 4606 opp.

349 4608 388 4673 Τ.
410 4610 441 4676 6.
468 4635 493 4673 c.
518 4611 590 4677 177.
621 4617 670 4675 De
694 4615 770 4694 spis.
798 4623 826 4675 et
840 4615 896 4678 litt.
913 4636 937 4678 o.
955 4618 1004 4676 29.
1020 4636 1052 4677 n.
1068 4618 1118 4681 61.
1152 4612 1393 4683 T.10.a.11‚3.
1426 4613 1531 4681 (ione.

349 4702 451 4770 Trid.
467 4705 550 4768 Sese.
567 4709 596 4769 6.
613 4726 638 4766 o.
656 4710 706 4770 16.
722 4727 789 4769 ean.
806 4709 857 4770 32.
875 4743 916 4755 -
935 4707 961 4790 ⁵)
976 4710 1073 4784 Prot).
1090 4710 1138 4769 13.
1155 4706 1200 4769 cf.
1216 4709 1314 4786 Pnop.
1332 4709 1381 4770 12.
1399 4709 1447 4768 17.
