3775 5625
1421 414 1487 518 421

296 581 458 661 deusest,
477 598 574 657 neque
598 579 670 639 illud
694 596 791 657 neque
816 579 878 639 ista
898 596 991 653 posse
1012 581 1075 639 tolli
1097 598 1153 657 per
1164 580 1419 655 justificationem
1438 593 1489 644 aut

295 688 618 763 assecurationem).
659 688 853 765 Quapropter
886 698 917 749 et
938 688 1124 767 docuerunt,
1157 700 1219 748 tum
1242 692 1399 752 liutherus
1421 704 1484 752 tum

295 799 466 869 Calvinus,
498 809 627 876 peccata
648 818 703 875 per
727 799 859 877 gratiam
871 799 1096 875 justificantem
1115 818 1173 857 non
1190 818 1265 858 vere
1283 802 1351 859 tolli
1368 812 1420 861 aut
1438 803 1488 860 dc·

293 909 365 977 lcri,
382 908 438 968 sed
456 893 729 986 solummooo‘tegt
746 917 873 968 autnon
890 908 1083 983 imputari¹).

400 1016 499 1076 Aliam
516 1017 701 1076 sententiam
717 1016 753 1076 de
770 1017 890 1075 ratione
908 1036 965 1075 seu
982 1017 1119 1076 essentia
1137 1018 1371 1091 justificationis
1386 1019 1417 1076 in
1436 1038 1487 1078 no·

293 1127 342 1184 lois
370 1126 563 1205 excogitavit
584 1126 789 1205 0siander‚
820 1126 982 1203 professor
1001 1127 1193 1205 Theologiae
1211 1128 1487 1205 Regiomontanus,

291 1236 345 1311 qui
361 1237 533 1305 statuebat,
556 1236 690 1313 gratiam
703 1236 925 1323 justificantem
950 1254 1006 1294 seu
1023 1236 1176 1309 justitiam
1198 1247 1334 1295 nostram
1352 1255 1423 1295 esse
1436 1237 1486 1312 jn·

290 1339 411 1404 stitiam
427 1345 488 1403 Dei
505 1344 714 1414 essentialem,
732 1363 791 1419 qua
807 1345 873 1420 ipse
895 1345 1038 1404 nimirum
1055 1344 1162 1418 justus
1184 1354 1247 1416 est,
1264 1347 1352 1404 nobis
1368 1348 1486 1407 inhabi-

290 1457 455 1530 tantem2).

402 1566 496 1623 Mart.
519 1567 692 1623 Bucerus
718 1582 792 1621 vcro
816 1565 966 1640 duplicem
984 1564 1139 1637 justitiam
1165 1565 1330 1634 assumsit,
1347 1584 1405 1641 qua
1423 1566 1485 1624 ior·

290 1672 416 1731 maliter
442 1672 663 1745 justificemur,
696 1691 785 1731 unam
807 1673 1033 1749 imperfectam,
1061 1692 1137 1750 qnae
1159 1674 1189 1731 in
1214 1674 1380 1733 virtutibus
1398 1676 1485 1733 nobis

290 1780 524 1840 inhaerentibus
542 1782 602 1840 sita
618 1782 676 1849 sit,
708 1791 740 1840 et
756 1783 885 1840 alteram
907 1782 1097 1858 perfectam,
1119 1801 1196 1859 quse
1219 1782 1261 1841 sit
1281 1783 1349 1859 ipsa
1366 1783 1485 1843 christi

281 1888 413 1963 justitia
429 1891 517 1948 uoltis
535 1890 700 1966 imputata,
717 1900 878 1967 utramque
896 1892 1098 1957 sententiam,
1121 1890 1350 1949 Catholicorum
1377 1902 1408 1949 et
1424 1894 1483 1950 No·

288 2008 432 2058 vatorum
449 1999 640 2078 conjungere
657 2002 813 2072 volenst).

400 2109 604 2168 Recentiores
620 2111 838 2168 Protestantes
854 2118 955 2167 tamen
974 2109 1056 2167 dicta
1067 2117 1187 2185 patrum
1205 2109 1330 2168 multum
1349 2110 1483 2167 emollie-

289 2228 383 2289 runt,
403 2218 447 2277 its
470 2228 504 2276 ut
524 2219 661 2278 nonnulli
686 2218 917 2297 'theologorum
950 2219 1122 2278 interillos
1139 2219 1450 2278 solummodoverbis
1467 2238 1484 2277 a

288 2327 380 2386 uoltis
396 2327 549 2387 dissidere
565 2328 737 2392 videantur.
777 2329 999 2387 Verumtamen
1017 2328 1134 2405 mando
1151 2346 1257 2386 eorum
1275 2327 1416 2387 doctrina
1432 2328 1483 2387 ad·

289 2436 434 2497 curatius
465 2437 683 2513 perpenditur,
717 2446 766 2503 sat
789 2456 934 2515 magnum
958 2437 1056 2497 adhuc
1079 2437 1248 2497 discrimen
1269 2437 1351 2495 inter
1379 2454 1434 2493 nos
1453 2446 1484 2493 et

285 2547 377 2622 ipsos
407 2544 602 2605 intercedere
625 2546 807 2608 advertitur.
847 2546 969 2605 Etenim
987 2548 1057 2606 dum
1085 2546 1229 2606 Ecclesia
1253 2544 1413 2605 Catholica
1430 2546 1481 2603 do·

287 2664 352 2723 cet,
368 2655 467 2713 Deum
484 2653 515 2711 in
526 2654 753 2727 justificatione
771 2656 809 2713 ol)
827 2656 938 2714 merita
956 2657 1074 2715 Christi
1091 2656 1242 2715 hominem
1260 2673 1429 2722 renovare,
1453 2664 1484 2713 ct

285 2773 439 2823 renovato
457 2763 485 2822 ei
503 2782 706 2842 unaquoque,
723 2774 755 2823 et
775 2765 896 2842 quidem
922 2765 1041 2842 pariter
1057 2775 1184 2841 propter
1201 2764 1447 2823 satisfactionem
1466 2783 1483 2821 a

286 2872 416 2949 Glaristo
433 2873 565 2932 Domino
582 2875 763 2950 praestitam
780 2875 881 2943 simul,
898 2876 943 2934 uti
960 2877 1100 2953 culpam,
1115 2876 1159 2934 ita
1176 2884 1207 2932 et
1223 2893 1361 2950 poenam,
1386 2873 1479 2934 hanc·

284 3000 346 3058 oue
365 2991 417 3042 aut
437 2982 526 3058 plane
543 2993 594 3043 aut
616 2985 726 3043 saltem
744 2993 911 3053 aeternam,
928 2986 1113 3052 condonare,
1129 2985 1183 3062 ita,
1200 2993 1233 3042 ut
1248 2984 1370 3042 interna
1386 3000 1478 3050 reno·

283 3091 371 3150 vatio
403 3091 444 3150 sit
476 3093 564 3167 quasi
595 3092 729 3152 conditio
750 3093 879 3166 hujusce
905 3093 1154 3152 condonationis:
1179 3094 1396 3155 Protestantes
1417 3101 1479 3149 sta—

397 3359 424 3447 ¹)
441 3363 488 3424 Ib.
506 3378 536 3422 a.
555 3368 605 3424 22.
623 3385 653 3443 p.
674 3360 748 3426 125.
765 3385 790 3424 s.
808 3386 833 3430 c.
846 3367 885 3425 N.
902 3368 953 3428 21.
972 3365 1074 3434 Quom
1087 3371 1184 3424 cutem
1201 3364 1343 3423 inchoata
1358 3363 1415 3422 illc
1432 3380 1477 3421 re·

280 3453 408 3515 nordio
422 3454 457 3513 in
472 3457 528 3514 iac
544 3454 606 3513 uita
621 3454 664 3514 ait
681 3455 877 3534 imperfecto,
897 3460 927 3515 et
938 3463 1101 3534 peccatam·
1109 3457 1208 3514 Mino
1222 3454 1257 3513 io
1272 3473 1372 3527 corae,
1389 3453 1479 3513 etiam

280 3544 605 3618 inrertatrssadabitet:
626 3545 994 3624 justitiafldeicororto
1007 3546 1128 3607 Deoia
1141 3545 1311 3622 protrita
1331 3552 1363 3605 et
1382 3544 1476 3604 beroi-
1571 3557 1574 3563 “

278 3635 473 3713 piissima
503 3636 752 3715 imputatione
773 3637 958 3716 justitiae
980 3637 1127 3698 Gloriati
1147 3639 1259 3713 absque
1278 3638 1342 3696 ulla
1357 3642 1475 3696 nostro·

281 3747 355 3788 rum
368 3746 492 3806 operam
507 3727 662 3788 additione
678 3728 825 3799 consistit,
838 3732 919 3804 quod
927 3728 1066 3788 videlicet
1079 3729 1166 3788 codis
1177 3735 1332 3804 peccato
1346 3726 1475 3787 remis·

280 3839 325 3879 sa
348 3825 382 3877 et
405 3825 499 3878 tecta
515 3818 607 3891 sint,
624 3819 862 3895 nequeuntis
880 3820 1117 3898 imputentur.
1134 3819 1287 3880 Luther.
1302 3821 1350 3879 De
1366 3819 1475 3896 captio.

281 3908 387 3970 Babil.
404 3907 483 3989 Opp.
501 3909 548 3970 ed.
566 3931 591 3970 c.
608 3910 646 3972 Τ.
663 3907 694 3972 2.
705 3911 725 3972 f.
738 3907 790 3971 74.
807 3913 906 3971 Homo
921 3910 1108 3970 christianus
1123 3910 1185 3970 sine
1202 3909 1370 3987 baptizatus
1386 3908 1476 3968 etiam

277 4001 410 4060 nolens
425 4019 496 4059 noro
511 4007 634 4078 potest
646 4004 800 4079 perdere
816 4003 987 4072 salutem,
1004 4001 1069 4062 cisi
1087 4001 1165 4061 nolit
1184 4002 1350 4071 credere;
1371 4001 1475 4059 ceolla

277 4091 364 4153 esim
385 4097 537 4169 peccato
548 4099 710 4166 possunt
728 4111 805 4151 enm
820 4096 1009 4166 damnare,
1030 4091 1096 4152 cisi
1111 4094 1192 4152 sola
1207 4090 1472 4150 incredulitas.

276 4216 324 4231 -··
345 4177 372 4265 ⁸)
387 4182 542 4246 Ianthen
572 4183 687 4242 Aeeort.
704 4182 771 4242 Art.
789 4187 818 4244 2.
851 4181 931 4263 Opp.
948 4181 996 4244 cd.
1013 4204 1037 4242 c.
1056 4179 1095 4247 T.
1112 4179 1143 4245 2.
1160 4185 1179 4245 f.
1197 4171 1250 4258 99.
1266 4201 1299 4261 p.
1317 4177 1347 4242 2.
1379 4181 1474 4242 Aliud

264 4280 327 4361 ¹cst
341 4273 445 4333 omnio
459 4279 581 4351 peccota
593 4272 712 4342 remitti,
729 4272 816 4333 aliud
831 4273 933 4334 ornain
949 4273 1024 4337 tolli.
1042 4309 1083 4319 ·-
1101 4272 1247 4334 Calvio.
1264 4271 1368 4332 Autid.
1382 4270 1471 4332 oenc.

280 4363 371 4426 Trid.
388 4367 430 4423 od
445 4383 519 4425 aeae.
536 4365 565 4424 5.
584 4363 633 4427 ed.
648 4385 673 4425 c.
689 4385 720 4444 p.
739 4362 813 4425 124.
846 4365 971 4424 Monet
988 4383 1070 4423 vere
1089 4371 1280 4442 peccatum
1300 4361 1340 4422 ira
1355 4362 1470 4426 nobis,

275 4474 398 4531 neque
428 4474 493 4532 per
522 4455 761 4532 Baptismum
792 4454 922 4529 atatim
952 4476 1023 4514 urea
1044 4454 1102 4514 die
1123 4453 1396 4530 exetiapuitar:
1419 4457 1472 4512 sed

276 4544 358 4626 puio
388 4547 532 4605 deletur
563 4552 689 4605 reatus
722 4543 882 4626 (poenae),
908 4545 1155 4625 imputatione
1185 4547 1326 4605 nullom
1347 4551 1408 4604 est.
1428 4581 1469 4590 --

275 4639 310 4716 ²)
326 4634 374 4696 of.
393 4635 518 4714 Ooofut.
535 4636 663 4718 scripti,
684 4639 764 4713 quod
783 4644 890 4698 contra
908 4637 1011 4716 ipsum
1027 4637 1166 4697 ediderat
1184 4638 1403 4696 Menecliden.
1427 4670 1469 4683 -

276 4724 589 4808 ⁴)va.·ooocord.
606 4729 643 4789 P.
661 4731 690 4789 2.
708 4747 733 4787 o.
749 4731 779 4789 3.
796 4749 827 4788 a.
844 4729 940 4810 sap.
962 4724 1034 4790 132.
