3775 5625
404 410 449 475 32

404 579 534 637 rationis
551 597 622 637 esse
638 596 768 653 prorsus
785 580 981 647 subtractos,
1006 587 1096 656 atque
1121 579 1253 638 animam
1278 581 1461 640 rationalem
1477 582 1509 640 in
1526 600 1595 643 cor·
1636 622 1649 633 -

403 706 461 765 pus
477 688 653 747 immediate
670 706 767 767 agere
783 690 905 757 valere,
930 707 987 748 nec
1004 707 1063 747 non
1081 707 1226 749 sensuum
1251 708 1474 768 corporeorum
1489 691 1596 750 imme-

404 797 501 866 diate,
527 797 632 856 eodem
656 817 786 873 prorsus
810 798 914 878 modo,
943 817 1001 875 quo
1023 817 1169 857 sensuum
1194 799 1415 875 spiritualium,
1439 800 1500 858 sibi
1525 818 1596 859 esse

405 907 571 972 consciam.
597 906 683 981 Quod
699 919 844 968 neutrum
860 909 961 967 locum
978 908 1094 967 habere
1111 918 1234 984 posset,
1259 909 1287 967 si
1312 909 1412 969 anima
1434 909 1596 968 rationalis

404 1017 651 1083 substantialiter
666 1036 725 1076 non
743 1026 830 1076 esset
847 1036 915 1077 cum
935 1036 1067 1093 corpore
1085 1017 1257 1092 conjuncta.
1281 1018 1403 1078 Etenim
1429 1019 1457 1078 si
1482 1037 1596 1095 eorpus

402 1127 497 1186 vitam
515 1127 670 1203 propriam
686 1128 718 1185 in
735 1145 769 1186 se
786 1126 929 1195 baberet,
947 1136 978 1185 et
993 1126 1115 1185 nonnisi
1130 1128 1252 1187 vinculo
1270 1128 1439 1206 conjugali,
1456 1137 1490 1188 ut
1505 1129 1595 1188 doce·

402 1236 486 1305 bant,
499 1237 618 1295 animae
631 1237 776 1301 rationali
787 1245 872 1295 esset
884 1236 1096 1309 conjunctum:
1113 1246 1221 1312 aperte
1236 1237 1314 1296 haec
1330 1237 1522 1308 immediate,
1547 1255 1596 1295 so·

402 1345 433 1425 la
448 1346 621 1416 voluntate,
636 1346 668 1403 in
686 1364 798 1423 eorpus
816 1365 913 1425 agere
930 1346 1053 1405 minime
1071 1355 1191 1422 posset,
1209 1364 1305 1422 neque
1323 1364 1436 1405 sensus
1453 1346 1596 1422 corporis

402 1454 588 1525 immediate,
604 1456 625 1517 i.
643 1474 669 1513 e.
688 1474 748 1514 una
765 1465 917 1532 tamquam
935 1474 1010 1514 suos
1025 1456 1199 1532 percipere.
1217 1490 1259 1499 —
1277 1456 1415 1515 Tandem
1431 1455 1516 1525 illud,
1534 1455 1594 1514 ani-

403 1582 483 1622 mam
499 1564 529 1622 in
548 1565 767 1635 morientibus,
789 1565 868 1641 quod
884 1566 995 1624 attinet
1012 1567 1047 1624 ad
1066 1566 1283 1625 efficacitatem
1300 1566 1512 1641 spiritualem,
1537 1583 1596 1623 non

402 1690 476 1732 raro
501 1691 632 1748 corpore
657 1673 755 1733 adbuc
777 1674 918 1751 vigente,
943 1693 1015 1733 esse
1034 1674 1100 1748 jam
1124 1674 1315 1751 impeditam,
1346 1674 1461 1734 iterum
1493 1673 1595 1749 potius

403 1782 588 1847 sententiam
612 1792 767 1853 nostram,
794 1802 883 1860 quam
907 1783 1092 1842 sententiam
1122 1783 1371 1842 adversariorum
1404 1783 1594 1858 comprobat.

402 1892 479 1956 llam
496 1893 643 1968 quomodo
660 1892 691 1950 id
707 1892 776 1951 lieri
791 1902 909 1969 posset,
924 1892 952 1950 si
968 1892 1068 1951 anima
1084 1893 1244 1951 rationalis
1261 1901 1293 1951 et
1309 1910 1423 1969 corpus
1440 1891 1596 1968 propriam

402 2001 635 2062 subsistentiam
666 2001 831 2081 baberent,
854 2011 886 2060 et
909 2002 981 2062 hinc
1013 2002 1106 2062 etiam
1137 2002 1377 2078 independenter
1401 2001 1438 2060 ab
1463 2000 1596 2060 invicem

403 2119 622 2186 operarentur,
638 2111 727 2185 plane
744 2129 802 2169 non
819 2111 1023 2194 perspicitur;
1048 2111 1233 2190 intelligitur
1250 2120 1368 2191 autem,
1385 2111 1413 2169 si
1429 2110 1533 2169 anima
1547 2128 1595 2168 ra·

403 2219 527 2284 lionalis
545 2237 614 2279 curn
631 2238 760 2295 corpore
778 2238 867 2278 unam
885 2220 984 2280 elficit
1000 2230 1156 2290 naturam,
1183 2230 1213 2279 et
1236 2220 1307 2279 hinc
1325 2221 1418 2280 etiam
1434 2238 1526 2281 unam
1542 2238 1596 2296 per

403 2346 438 2394 se
463 2328 664 2387 exsistentem
697 2329 912 2407 substantiam,
945 2329 1031 2404 Quod
1055 2330 1188 2388 sienim
1213 2329 1313 2389 anima
1339 2329 1502 2388 rationalis
1528 2346 1597 2389 cum

403 2456 535 2514 corpore
551 2440 582 2496 in
599 2456 688 2503 unam
704 2456 760 2514 per
776 2457 811 2498 se
828 2440 1031 2498 exsistentem
1058 2440 1257 2518 conjungitur
1288 2438 1505 2498 substantiam:
1531 2437 1595 2497 ani·

402 2565 453 2605 ma
468 2548 630 2606 rationalis
646 2548 785 2626 legibus,
802 2549 912 2626 quibus
929 2567 1043 2625 corpus
1060 2549 1240 2608 necessario
1259 2548 1441 2608 adstrictum
1459 2556 1524 2618 est,
1544 2564 1595 2623 pa·

401 2656 482 2716 riter
499 2656 720 2736 adstringitur,
736 2659 780 2716 lta
796 2668 829 2717 ut
845 2659 967 2716 nonnisi
983 2658 1079 2718 hocce
1097 2659 1294 2718 adolescente
1317 2657 1385 2733 ipsa
1408 2674 1527 2733 quoque
1544 2674 1596 2714 ex·

402 2766 568 2842 pandatur,
585 2776 676 2844 atque
693 2767 814 2826 nonnisi
834 2767 865 2825 in
893 2785 1025 2844 corpore
1052 2785 1127 2827 sano
1154 2786 1246 2834 sana,
1262 2767 1282 2827 i.
1299 2784 1326 2826 e.
1344 2765 1505 2826 efficaciae
1521 2782 1597 2828 auae

403 2885 606 2952 attemperate
624 2877 736 2936 efficax
752 2877 809 2947 sit,
832 2877 932 2935 instar
957 2877 1046 2946 lucis,
1072 2895 1148 2953 quae
1166 2878 1304 2953 quantivis
1320 2876 1350 2934 in
1367 2894 1402 2934 se
1419 2876 1527 2935 lucens
1544 2874 1597 2943 sit,

401 2994 502 3051 tamen
536 3004 669 3062 corpora
697 2986 818 3045 nonnisi
850 2987 1018 3062 pellucido,
1053 2987 1175 3045 minime
1193 2995 1294 3046 autem
1312 3003 1409 3061 opaca
1432 2985 1596 3060 pelluceat.

402 3093 506 3170 Quoad
538 3095 613 3154 illud
645 3105 763 3165 autem,
796 3115 908 3172 corpus
927 3079 993 3170 jam
1018 3106 1184 3164 mortuum,
1214 3096 1341 3171 capillos
1363 3103 1394 3153 et
1413 3111 1535 3172 ungnes
1559 3111 1598 3151 ex

401 3204 578 3264 continuato
604 3204 702 3265 adbuc
720 3215 790 3282 post
805 3207 900 3264 vitam
918 3207 1102 3266 exstinetam
1120 3223 1270 3282 processu
1288 3204 1354 3263 sive
1373 3203 1511 3264 ohemieo
1529 3202 1597 3261 sive

401 3313 580 3374 mechanico
604 3316 805 3391 protrudere:
829 3325 986 3391 putamus,
1010 3314 1041 3373 id
1065 3323 1118 3374 aut
1135 3333 1230 3391 aeque
1249 3313 1340 3372 facile
1358 3322 1410 3372 aut
1426 3330 1522 3389 aeque
1539 3311 1596 3375 dit-

400 3423 522 3487 ficulter
539 3425 705 3501 explicari,
721 3425 789 3484 sive
806 3443 902 3484 cansa
917 3418 999 3483 ¹vitae
1017 3422 1190 3499 corporalis
1222 3423 1322 3482 anima
1352 3422 1515 3483 rationalis
1531 3431 1596 3481 sta·

402 3541 522 3602 tuatur,
539 3534 605 3592 sive
624 3534 724 3593 anima
741 3533 891 3593 animalis.

509 3638 541 3702 4.
567 3627 683 3716 Quodsi
699 3653 817 3712 autem,
834 3643 951 3701 instant
965 3661 1074 3718 porro,
1101 3643 1201 3700 anima
1215 3641 1377 3700 rationalis
1394 3659 1451 3700 seu
1467 3639 1598 3717 spiritus

401 3751 432 3810 iu
453 3750 575 3810 bomine
597 3761 661 3820 est,
687 3752 739 3828 qui
755 3751 912 3811 sensualia
936 3752 1056 3830 cogitet
1072 3761 1103 3810 et
1119 3761 1262 3828 appetat,
1287 3769 1346 3809 non
1371 3759 1474 3815 autem
1496 3749 1599 3809 anima

402 3861 553 3921 naturalis
580 3855 638 3945 (bit
664 3857 864 3939 liotutlteleb
890 3861 1019 3920 concedi
1034 3860 1215 3921 necessario
1233 3860 1337 3930 debet,
1355 3859 1499 3918 animalia
1514 3859 1597 3935 pari·

401 3978 450 4029 ter
467 3970 580 4046 spiritu
596 3987 667 4028 esse
684 3970 841 4045 praedita,
867 3988 923 4029 seu
948 3970 1078 4030 animam
1102 3970 1284 4029 rationalem
1301 3969 1338 4026 ab
1356 3967 1457 4027 anima
1473 3966 1599 4027 animali

401 4097 460 4138 non
479 4079 631 4149 essentia,
658 4079 713 4138 sed
739 4088 857 4139 tantum
874 4080 978 4158 gradu
994 4079 1120 4138 differre
1132 4077 1172 4152 ¹).
1191 4111 1235 4124 —
1250 4079 1474 4139 Verumtamen
1492 4094 1597 4156 quam·

401 4188 449 4247 via
466 4189 567 4250 anima
590 4189 752 4248 rationalis
776 4198 902 4264 praeter
926 4189 1179 4264 suprasensualia
1202 4189 1294 4247 etiam
1318 4188 1418 4263 posslt
1438 4187 1600 4247 sensualia

400 4298 579 4374 percipere,
603 4299 737 4367 sentire,
763 4298 905 4376 cogitare
923 4307 955 4356 et
971 4307 1132 4374 appetere:
1156 4298 1225 4356 inde
1243 4297 1366 4357 minime
1383 4298 1598 4374 consequitur,

401 4408 533 4468 animam
550 4408 733 4468 rationalem
758 4407 859 4467 animal
883 4407 1007 4466 animali
1023 4407 1127 4484 reipsa
1143 4426 1202 4467 non
1218 4417 1397 4483 praestare,
1413 4425 1472 4466 sen
1489 4426 1595 4469 essen·

400 4517 446 4576 aia
469 4519 507 4578 ab
531 4535 567 4577 ea
588 4536 647 4577 non
671 4519 813 4586 differre,
838 4527 870 4577 et
894 4517 1013 4594 quidem
1038 4526 1099 4576 tam
1124 4536 1250 4598 parum,
1274 4536 1363 4594 qnam
1383 4536 1494 4593 parum
1515 4518 1599 4587 inda,

401 4627 543 4704 qnoniam
561 4637 593 4687 et
608 4627 737 4703 spiritus
754 4627 860 4687 finitus
878 4636 909 4686 et
924 4627 1054 4703 spiritus
1070 4627 1208 4687 infinitus
1226 4627 1381 4706 cogitant,
1400 4627 1516 4702 conjici
1530 4639 1599 4704 pot·

514 4842 540 4926 ¹)
557 4842 605 4905 ot.
621 4842 787 4928 guinisi,
802 4844 822 4905 l.
835 4864 866 4910 e.
880 4864 912 4924 p.
930 4840 1005 4906 160.
