3775 5625
1377 443 1442 514 241

320 629 329 671 a
352 622 446 696 atque
470 622 563 694 porta
584 608 766 674 Ezechielis
790 631 852 673 non
875 608 1048 695 aperienda
1071 611 1294 690 cord‘erunt¹);
1326 625 1358 676 et
1374 633 1444 677 earn

320 719 410 784 ailam
424 742 552 800 semper
573 721 747 797 Virginem,
768 714 814 777 ἀεὶ
835 719 997 797 παρθένον,
1021 715 1066 779 dri
1088 718 1228 799 norom).
1276 721 1443 785 b'erurnta·

320 848 326 888 ι
342 817 406 891 nort
424 839 545 891 tanturn
563 826 680 914 singuli
698 828 822 901 Patres,
838 829 895 892 sed
912 841 941 892 et

361 939 397 1018 Q.
420 936 493 1021 ipsa
516 936 705 1001 universalis
729 937 919 1002 Ecclesia
941 959 1070 1022 sernper
1094 959 1166 1002 cum
1190 939 1343 1023 Symbola
1360 943 1444 1024 Apo·

321 1043 369 1111 ico
384 1047 535 1130 professa
551 1060 601 1111 est
619 1049 737 1111 Jearcm
754 1051 935 1127 Christano,
954 1051 1077 1111 Filium
1094 1051 1156 1111 Dei
1172 1056 1316 1128 ornicum,
1335 1050 1445 1110 Donni·

320 1178 334 1218 n
361 1167 528 1219 noctram:
560 1165 614 1240 qui
648 1166 867 1240 conceptue
898 1166 949 1220 eat
979 1162 1019 1219 de
1035 1159 1165 1239 Spiritu
1182 1157 1233 1237 S„
1259 1166 1446 1221 notassem

320 1274 390 1329 orio
413 1270 593 1345 Veretum
618 1279 650 1331 et
666 1267 799 1352 insuper
820 1267 851 1330 in
874 1267 985 1331 Corne.
1008 1251 1336 1341 chalcedonensi,
1361 1268 1445 1351 quod

320 1377 422 1440 uolam
452 1375 599 1439 beorris
631 1377 671 1440 tt.
698 1377 917 1460 approbando,
941 1397 1030 1439 suam
1056 1376 1130 1440 fecit
1151 1378 1220 1461 ejus
1238 1373 1444 1439 sententiam:

320 1494 440 1566 toeptua
463 1493 515 1546 eat
531 1489 569 1546 de
585 1486 716 1566 Spiritu
733 1485 771 1547 S.
788 1494 878 1548 eastra
898 1496 1028 1549 uterum
1044 1493 1164 1547 enutrio
1186 1488 1344 1565 Virginis,
1363 1506 1447 1568 qrtoe

320 1617 345 1655 m
360 1597 475 1656 calva
491 1602 727 1673 virginitate
744 1598 884 1674 edidit,
903 1597 1224 1677 quemadmodum
1244 1597 1357 1657 aulea
1373 1602 1445 1657 air·-

321 1710 422 1766 :itote
439 1709 670 1785 concepit³).

360 1816 400 1877 D.
417 1812 561 1898 Denique
578 1812 738 1898 quoniam,
754 1813 807 1899 qui
824 1815 919 1877 horno
937 1812 1056 1877 carnali
1072 1811 1281 1899 generatione
1293 1811 1446 1886 enascitur,

329 1942 448 2009 genus,
466 1934 498 1986 et
513 1922 586 1987 ideo
604 1944 697 1988 ornare
715 1923 757 1998 id,
774 1925 857 2008 quod
875 1924 987 1987 adhoc
998 1922 1147 2007 pertinet,
1166 1935 1374 2009 propagatur,
1391 1942 1444 1985 ne·

320 2031 397 2096 tario
415 2054 478 2095 non
496 2045 616 2096 tanturn
632 2035 738 2120 legem
755 2033 879 2119 peccati
894 2032 926 2095 in
942 2032 1096 2097 membris
1120 2031 1226 2106 sentit,
1249 2033 1306 2095 sed
1323 2043 1355 2095 et
1371 2051 1445 2116 pec·

320 2163 326 2199 r
346 2162 424 2205 vero
448 2162 485 2205 ac
502 2142 649 2226 proprio,
672 2155 803 2206 rratruae
821 2142 945 2207 scilicet
967 2162 1024 2206 seu
1041 2140 1172 2228 generis
1190 2140 1328 2214 humani,
1346 2140 1445 2204 obuo-

320 2270 326 2311 ι
346 2264 410 2316 est:
436 2250 595 2325 Christus,
617 2252 790 2315 Redenrtor
812 2264 924 2316 noster
950 2252 1086 2326 futurus,
1108 2263 1139 2316 et
1165 2263 1338 2334 propterea
1354 2248 1447 2313 simui

320 2361 522 2434 aexsistens,
535 2360 610 2424 licet
626 2381 797 2446 exgenere
815 2362 951 2425 hunuano
968 2360 1098 2445 prodire
1116 2373 1148 2424 et
1163 2360 1194 2423 in
1209 2360 1270 2423 boc
1284 2358 1446 2423 radicibus

320 2470 342 2533 ai
362 2470 461 2556 defigi
484 2469 643 2543 debuerit,
684 2482 787 2535 tannen
812 2470 931 2536 carnali
949 2469 1169 2556 generatione,
1192 2489 1250 2552 per
1267 2467 1373 2552 ipsum
1390 2488 1445 2554 ge·

329 2580 498 2643 humanum
515 2578 605 2642 nasci
622 2600 686 2641 uon
704 2591 845 2661 poterat,
864 2580 921 2642 sed
939 2579 1202 2664 quemadmodum
1216 2576 1338 2662 prirnua
1347 2577 1448 2640 Adam

320 2687 414 2752 atione
432 2688 489 2750 suit
505 2687 674 2763 excitatus,
691 2687 735 2751 ita
751 2689 831 2752 alter
848 2689 959 2761 Adam,
976 2708 1034 2771 per
1052 2708 1145 2773 quern
1163 2708 1268 2773 genus
1278 2686 1447 2749 hermanum

341 2795 597 2872 instaurandum,
622 2795 749 2862 nonnisi
772 2819 855 2862 nuova
878 2796 1043 2867 creatione
1067 2793 1180 2883 generi
1213 2808 1341 2870 nostro,
1364 2792 1447 2859 oliva

321 2920 402 2982 stro,
422 2907 521 2973 inseri
544 2908 654 2991 potuit.
700 2912 801 2973 Prout
817 2921 921 2972 autern
939 2927 1038 2991 porro
1056 2907 1108 2969 lex
1118 2904 1264 2989 justitiae
1282 2904 1447 2992 exigebat,

323 3012 398 3080 ilius
416 3016 476 3080 Dei
493 3038 534 3080 ex
551 3017 687 3104 uirginis
706 3030 796 3082 utero
815 3027 1012 3089 nasceretur,
1036 3014 1080 3078 ita
1101 3035 1224 3100 quoque
1236 3016 1291 3099 jus
1309 3012 1446 3098 aequita-

320 3127 512 3205 postulabat,
533 3138 568 3189 ut
589 3127 759 3214 integritas
784 3149 822 3191 ae
839 3125 1036 3190 interneritas
1054 3122 1188 3210 virginis
1205 3144 1263 3207 per
1281 3124 1351 3207 ejus
1369 3121 1446 3186 nati-

320 3252 382 3299 ern
398 3236 480 3299 baud
497 3250 760 3321 corrumperetur
777 3248 830 3300 aut
846 3234 1087 3299 imminueretur
1096 3239 1133 3312 ⁴).

355 3350 488 3412 Adnot.
515 3350 599 3424 Quae
616 3352 646 3408 in
664 3345 837 3428 Evangelio
854 3351 989 3407 Lucae
1006 3349 1161 3424 leguntur,
1187 3345 1324 3424 dogmati
1340 3353 1447 3403 nostro

323 3474 374 3517 me
398 3460 613 3529 adversantur,
640 3460 786 3519 videlicet
809 3457 941 3516 Mariam
970 3475 1003 3514 se
1020 3455 1247 3532 pruificatiouis
1264 3455 1329 3534 legi
1346 3453 1447 3528 subje-

320 3583 345 3636 e,
363 3569 542 3645 etquidem,
560 3570 804 3646 utEvangeliata
821 3567 914 3635 addit,
932 3585 969 3624 ex
986 3563 1189 3643 legeDornini
1206 3564 1340 3640 scripta:
1361 3546 1447 3634 outa

320 3693 346 3735 te
367 3679 585 3737 masculinum
605 3680 800 3757 adoperiens
816 3676 958 3750 vulvam,
982 3679 1133 3755 aureolum
1149 3671 1297 3732 Domino
1314 3673 1450 3732 ooooda'-

320 3808 468 3824 Ν--ι-ι--ι

361 3882 390 3952 ¹)
408 3879 584 3952 Procles,
619 3879 671 3942 Or.
690 3875 1038 3942 abolendarum.
1064 3878 1092 3939 1.
1127 3871 1355 3933 ballenon.
1380 3870 1447 3932 ΡΡ.

320 3961 339 4030 ).
354 3993 383 4052 p.
405 3968 480 4033 614.
497 3971 675 4050 Epiphan.
692 3971 788 4032 Haec.
806 3970 854 4028 78.
872 3987 902 4028 n.
919 3968 1036 4028 8-19,
1057 3965 1094 4026 Τ.
1114 3963 1142 4027 1.
1159 3986 1189 4045 p.
1208 3961 1295 4025 1040
1312 3983 1353 4026 ss.
1370 3961 1447 4020 Am·

320 4081 352 4124 u.
383 4065 433 4122 De
448 4063 544 4121 instit.
561 4061 638 4138 airy.
654 4081 680 4121 o.
697 4064 727 4120 8.
744 4057 823 4140 Opp.
840 4060 879 4119 T.
897 4055 927 4119 2.
945 4078 970 4119 o.
987 4053 1053 4117 262
1070 4077 1094 4117 s.
1111 4055 1369 4132 Hildebertus,
1385 4052 1406 4114 l.
1423 4073 1448 4113 c.

332 4157 358 4231 ²)
399 4154 579 4234 Epiphan.
609 4154 722 4220 ducor.
756 4171 779 4210 e.
813 4154 882 4210 121.
909 4145 989 4227 Opp.
1023 4149 1061 4210 T.
1094 4144 1124 4207 2.
1156 4168 1186 4225 p.
1222 4142 1295 4206 123.
1336 4140 1447 4204 Cone.

320 4242 379 4306 ¹01.
401 4246 444 4305 ΙΙ.
474 4246 549 4305 Ooll.
568 4247 596 4302 8.
621 4264 670 4302 ou.
696 4245 723 4302 6.
740 4241 875 4312 Mansi,
894 4240 968 4302 Colo.
988 4238 1077 4299 Cone.
1095 4238 1133 4301 Τ.
1151 4234 1181 4298 9.
1199 4257 1223 4298 c.
1241 4232 1318 4299 379.
1335 4233 1448 4296 Oonc.

325 4335 364 4397 ol.
380 4335 440 4394 III.
458 4337 523 4396 Act.
541 4338 591 4394 18.
623 4335 669 4394 lb.
687 4334 725 4392 T.
745 4330 795 4393 11.
814 4353 838 4392 o.
856 4327 930 4392 638.
955 4328 1064 4389 (ione.
1082 4330 1213 4388 Later.
1242 4327 1297 4389 IV.
1315 4349 1340 4387 c.
1357 4325 1447 4387 1.1b.

320 4421 361 4490 22.
378 4448 403 4488 o.
421 4423 565 4489 981-2.
581 4425 702 4500 [diury.
724 4424 809 4485 Aleae.
826 4423 858 4483 S.
877 4420 978 4480 Boail.
1001 4419 1194 4480 Renaudot
1228 4419 1302 4479 Cbll.
1327 4416 1446 4492 Μέντῃ.

321 4522 361 4580 nt.
381 4520 413 4577 T.
440 4521 466 4576 1.
482 4539 513 4595 p.
533 4519 581 4578 66.
609 4515 727 4591 Liturp.
744 4513 962 4587 dicendumar.
1000 4513 1075 4572 Noa.
1107 4511 1153 4570 Ib.
1175 4531 1204 4589 p.
1229 4505 1303 4570 115.
1327 4520 1383 4568 etc.
1402 4505 1447 4568 Of.

321 4626 353 4680 a,
369 4607 489 4685 dottam.
507 4606 676 4688 magnetii.
693 4604 807 4684 Ticina
826 4600 923 4666 1835.
940 4599 972 4664 2.
990 4601 1032 4665 m.
1052 4624 1083 4682 p.
1099 4597 1175 4662 417.
1195 4635 1251 4662 ,—-
1285 4595 1312 4677 ³)
1331 4599 1394 4660 Aet.
1417 4600 1446 4657 2.

323 4699 481 4771 ,Mansi,
499 4700 575 4759 Cott.
594 4699 685 4760 Oouo.
702 4698 740 4756 Τ.
758 4693 788 4757 6.
806 4716 830 4756 o.
848 4691 924 4757 971.
942 4694 980 4754 T.
999 4690 1028 4754 7.
1046 4715 1070 4753 c.
1090 4687 1164 4753 102.
1189 4691 1257 4752 coll.
1278 4688 1380 4764 Epiri.
1397 4692 1447 4753 28.
1477 4702 1481 4710 ’

320 4809 364 4852 tn.
379 4791 422 4850 M.
440 4793 480 4849 od
495 4792 582 4850 Flac.
601 4809 625 4850 e.
644 4793 672 4850 2.
689 4787 735 4848 lb.
754 4788 792 4847 T.
809 4782 841 4847 5.
860 4807 884 4846 o.
904 4781 991 4847 1369
1009 4804 1033 4844 ε.
1067 4817 1107 4828 -
1142 4786 1171 4861 ⁴)
1189 4782 1233 4844 ct.
1252 4781 1447 4860 Angustia.

320 4887 342 4944 d.
359 4883 466 4945 Fumat.
484 4883 502 4943 l.
520 4883 571 4940 29.
590 4901 613 4942 o.
632 4883 660 4941 4.
680 4877 761 4958 Opp.
778 4877 816 4937 T.
835 4874 864 4939 8.
882 4897 907 4938 c.
923 4871 999 4937 444.

1122 4979 1163 5044 16
