3775 5625
352 364 419 430 424

352 552 415 596 non
432 526 722 599 essentialiter,
739 547 778 589 ac
794 525 822 589 si
838 545 897 588 sna
913 521 1027 589 natura
1042 537 1075 590 et
1091 523 1233 592 essentitl
1249 529 1446 603 essetDeus,
1461 533 1532 615 quod

350 639 430 706 solis
446 636 597 723 personis
615 634 727 699 divinis
745 634 910 719 proprium
933 646 1000 706 est;
1032 655 1134 721 neque
1160 636 1434 722 hypostatice,
1455 641 1532 726 quasi

351 749 456 815 divina
488 745 657 832 hypostasi
682 743 889 818 subsisteret,
921 745 984 808 hoc
1005 744 1091 809 enim
1114 745 1174 810 soli
1191 748 1347 812 humanae
1364 761 1493 814 naturae
1506 750 1533 813 iu

351 858 479 925 Christo
502 855 666 927 convenit;
684 854 741 918 sed
758 854 853 917 etiam
874 852 1002 919 minime
1025 856 1177 919 duntaxat
1198 856 1454 923 extrinsecus
1474 861 1535 925 sola

350 965 606 1032 denominatione
631 977 684 1027 aut
700 962 841 1049 origine,
859 976 1015 1052 quatenus
1032 963 1156 1029 scilieet
1172 978 1293 1029 tantum
1304 967 1388 1051 justi
1404 967 1533 1033 nomina·

349 1099 430 1150 mur,
448 1088 502 1140 aut
523 1074 627 1138 divina
648 1070 821 1137 elficientid
831 1072 912 1156 justi
929 1094 1056 1144 sumus;
1089 1093 1200 1138 verum
1227 1074 1336 1159 potius
1360 1075 1533 1142 intrinse·

350 1206 417 1249 cus
452 1182 625 1269 (physice
646 1195 678 1245 et
701 1181 940 1259 moraliter),
968 1193 1123 1267 quatenus
1147 1204 1206 1267 pro
1227 1184 1289 1248 hac
1306 1183 1371 1248 vita
1388 1184 1493 1251 idonei
1508 1199 1535 1250 et

350 1293 498 1379 dispositi
516 1314 574 1357 seu
600 1291 701 1376 parati
719 1292 757 1353 ad
774 1302 940 1375 peccatam
962 1289 1145 1355 evitandum
1166 1305 1196 1356 et
1214 1295 1253 1356 ad
1269 1294 1453 1360 salutariter
1469 1316 1535 1379 ope·

350 1405 501 1475 randum,
522 1401 542 1464 i.
567 1422 594 1465 e,
617 1401 656 1464 ad
673 1401 775 1464 Deum
791 1420 887 1484 super
905 1399 1012 1463 omnia
1034 1414 1167 1485 propter
1183 1402 1393 1487 semetipsum
1411 1403 1535 1491 diligen·

349 1514 433 1586 dum,
450 1524 482 1575 et
498 1533 539 1575 ex
555 1511 615 1574 hac
632 1509 785 1573 charitate
811 1509 1004 1573 credendum
1021 1522 1053 1573 et
1069 1512 1285 1594 sperandum,
1308 1534 1368 1577 seu
1385 1514 1425 1576 ad
1441 1513 1537 1577 Deum

349 1621 444 1685 modo
470 1618 704 1704 supernaturali
726 1618 991 1705 cognoscendum
1012 1631 1044 1682 et
1065 1621 1254 1694 colendum,
1286 1643 1346 1706 pro
1364 1623 1467 1686 altera
1480 1620 1538 1685 vita

348 1742 452 1794 autem
471 1750 607 1813 capaces
623 1727 758 1791 visionis
774 1727 834 1791 Dei
850 1726 1014 1792 intuitivae
1026 1729 1263 1814 percipiendae,
1281 1730 1443 1795 mediante
1456 1730 1535 1795 vide·

352 1839 426 1904 licet
442 1837 558 1902 lumine
574 1836 698 1925 gloriae
716 1836 853 1910 divinae,
874 1836 1019 1922 adeoque
1042 1837 1185 1922 perfecte
1202 1839 1271 1903 Deo
1290 1838 1412 1905 similes
1431 1862 1536 1905 sumus

348 1930 465 2021 effecti,
482 1967 519 2010 ac
536 1944 642 2009 divino
660 1947 797 2030 quodam
814 1945 932 2008 decore
951 1944 1120 2032 fulgemus.
1144 1947 1285 2033 Utroque
1304 1947 1400 2023 enirn,
1417 1961 1452 2013 et
1465 1950 1533 2033 phy·

348 2056 416 2120 sica
437 2055 599 2120 habilitate
626 2068 658 2119 et
688 2053 802 2118 morali
834 2052 1077 2139 promtitudine,
1109 2057 1147 2120 ad
1171 2078 1329 2122 summum
1345 2058 1472 2123 Bonum
1487 2080 1533 2123 co·

346 2166 578 2253 gnoscendum,
595 2186 693 2249 snper
710 2163 816 2228 omnia
833 2176 865 2228 et
880 2177 1013 2248 propter
1030 2165 1241 2249 semetipsum
1258 2166 1473 2254 diligendum,
1488 2188 1532 2231 eo·

347 2296 407 2360 que
436 2275 620 2346 fruendum,
652 2274 720 2337 Deo
745 2272 972 2347 assimilamur,
994 2284 1025 2335 et
1046 2272 1184 2338 indolem
1207 2274 1343 2339 divinam
1359 2277 1453 2363 quasi
1467 2297 1534 2361 prae

346 2382 440 2447 nobis
451 2382 592 2447 ferimus.
605 2382 806 2466 Quapropter
818 2393 850 2445 et
863 2380 906 2445 ait
922 2380 1103 2446 Christus
1117 2383 1317 2448 Dominus:
1329 2388 1452 2449 Estote
1466 2409 1533 2466 erpo

345 2515 403 2556 voa
415 2496 613 2574 perfecti,
632 2500 741 2553 sicut
754 2501 788 2555 et
800 2493 906 2553 Pater
923 2500 1028 2553 uester
1041 2496 1214 2573 perfectus
1237 2496 1332 2573 est¹).
1365 2496 1408 2558 Et
1431 2496 1450 2559 J
1457 2516 1532 2559 oan-

347 2623 431 2665 nes:
467 2602 632 2676 Quoniam
654 2622 726 2661 cum
748 2608 953 2681 apparuerit,
978 2604 1138 2663 similer
1159 2610 1188 2663 ei
1209 2611 1354 2665 ortanus:
1387 2612 1535 2687 quoniam

346 2714 569 2772 videbimus
586 2732 686 2787 eum,
705 2718 811 2772 sicut
825 2710 929 2791 σεῖ’).

454 2818 600 2903 Reliqua,
632 2839 711 2904 quae
733 2831 900 2903 praeterea
922 2819 1047 2903 adjecta
1062 2831 1149 2893 suot,
1173 2841 1229 2905 per
1253 2842 1289 2885 se
1314 2823 1403 2887 clara
1421 2837 1536 2889 suntet

346 2940 466 3012 aperta.
491 2927 635 2992 Dicimus
653 2949 766 3012 nempe
783 2927 888 3015 gratia
898 2927 1112 3012 justificante,
1133 2951 1194 2994 nos
1211 2930 1337 2996 scilicet
1352 2954 1433 2998 vere
1449 2956 1532 3024 rege·

347 3051 478 3102 neraotc
496 3058 534 3102 ac
550 3050 737 3112 renovante,
754 3050 918 3122 peccata
938 3059 1081 3123 reapse
1104 3039 1189 3103 tolli
1207 3061 1251 3103 ac
1268 3041 1408 3117 deleri,
1426 3043 1534 3109 iterum

345 3147 376 3211 in
395 3146 599 3233 oppositione
621 3169 770 3211 errorum
791 3146 1061 3221 Protestantium,
1078 3147 1320 3224 adstruentium,
1337 3149 1369 3214 in
1381 3151 1532 3235 justifica·

345 3257 432 3322 tione
450 3256 566 3321 delicta
582 3279 638 3342 per
661 3256 780 3322 Christi
796 3256 910 3320 merita
925 3257 1127 3320 solummodo
1145 3270 1276 3321 externe
1295 3258 1361 3346 tegi
1392 3274 1449 3325 aut
1463 3261 1533 3335 radi,

346 3389 409 3430 non
427 3367 594 3440 eradicari,
611 3379 744 3430 autnon
761 3365 918 3450 imputari.
941 3365 1062 3430 Contra
1077 3368 1209 3430 eosdem
1226 3389 1369 3453 quoque,
1388 3391 1530 3437 asseren-

345 3491 405 3551 tes,
421 3475 708 3540 saoctificationem
725 3477 763 3539 ad
775 3474 1037 3560 justificationem
1056 3497 1165 3540 coram
1181 3476 1250 3541 Deo
1267 3479 1350 3542 haud
1362 3480 1532 3566 pertinere,

344 3588 400 3650 sed
433 3585 539 3669 potius
571 3587 653 3649 hanc
685 3599 844 3671 tamquam
865 3584 981 3671 aliquid
1007 3586 1046 3650 ab
1064 3607 1102 3650 ea
1116 3585 1301 3651 distinctum
1319 3590 1432 3676 sequi,
1449 3606 1532 3680 atqrte

344 3715 504 3779 nunquam
520 3695 551 3757 in
569 3695 662 3759 nobis
679 3717 753 3760 esse
771 3717 879 3760 veram
897 3717 935 3759 ac
951 3697 1141 3780 perlectam,
1166 3718 1261 3781 quum
1276 3712 1465 3783 peccatum,
1485 3723 1530 3766 ne·

344 3803 488 3868 cessario
505 3806 544 3868 ad
560 3817 706 3869 naturam
723 3817 867 3870 nostram
882 3805 1059 3890 pertinens,
1075 3827 1117 3870 ex
1133 3806 1193 3870 hac
1210 3807 1301 3871 evelli
1318 3831 1460 3892 prorsus
1476 3833 1532 3876 noo

344 3913 458 3998 possit,
475 3914 614 3999 positum
632 3927 683 3978 est
697 3916 783 3989 illud,
800 3937 860 3978 nos
878 3936 936 3999 per
953 3915 1090 4002 gratiam
1102 3913 1334 4000 justificantem
1347 3918 1436 3985 effici
1448 3920 1532 3986 simul

343 4045 433 4088 vere
451 4044 495 4087 ac
511 4024 666 4088 interne
678 4026 692 4108 j
702 4036 819 4088 ustos
841 4046 883 4089 ac
901 4037 1078 4098 sanctos,
1100 4024 1120 4088 i.
1137 4046 1163 4089 e.
1182 4047 1200 4089 a
1217 4027 1302 4089 bono
1321 4028 1532 4095 commutabili

343 4135 382 4196 ad
398 4134 517 4197 bonum
532 4133 801 4208 incommutabile,
818 4155 836 4198 a
853 4133 992 4198 sensuali
1010 4135 1172 4218 voluptate
1190 4136 1229 4198 ad
1245 4135 1360 4211 Deum,
1379 4159 1532 4205 summum

342 4244 475 4317 bonum,
492 4265 681 4317 conversos,
699 4264 757 4307 seu
774 4245 813 4308 ad
830 4265 878 4318 ea,
896 4266 976 4329 quae
994 4246 1033 4308 ad
1054 4245 1188 4308 salutem
1203 4257 1350 4310 nostram
1365 4249 1531 4333 pertinent,

342 4351 477 4418 idoneos
494 4374 532 4416 ac
548 4367 688 4438 paratos.
713 4355 764 4416 Ex
781 4376 843 4439 quo
861 4366 977 4438 sponte
994 4375 1052 4418 sua
1067 4353 1269 4441 intelligitur,
1290 4361 1423 4442 quando
1441 4382 1530 4447 porro

341 4484 399 4546 per
415 4462 553 4549 gratiam
564 4463 793 4547 justificantem
820 4458 955 4527 dicimur
972 4463 1147 4548 adoptivi
1163 4464 1230 4527 Dei
1246 4464 1340 4531 Filii
1361 4467 1453 4545 fieri,
1475 4491 1529 4534 non

342 4592 415 4635 esse
431 4571 668 4659 intelligendam
690 4573 896 4658 adoptionem
917 4594 1005 4636 mere
1022 4586 1203 4648 externam,
1226 4575 1283 4638 sed
1300 4598 1427 4654 veram,
1443 4579 1528 4644 inter·

342 4744 558 4759 *a

449 4811 474 4892 ¹)
491 4812 600 4878 Mattb.
616 4808 647 4889 5,
665 4808 717 4874 18.
737 4849 778 4859 -
797 4819 828 4888 ¹)
848 4810 878 4876 1.
893 4811 988 4909 duan,
1003 4810 1034 4887 3,
1049 4810 1081 4876 2.
