3775 5625
402 441 446 517 20

401 608 505 683 νοερᾶς
518 596 753 681 capitilavium
768 600 819 659 καὶ
838 598 1101 678 drupoppaiaarau,
1123 606 1333 678 confiteamur
1345 605 1388 680 ¹),
1409 601 1475 665 imo
1496 601 1529 665 id
1554 600 1600 686 ip·

401 734 473 797 sum
489 711 521 775 in
538 732 599 775 suo
615 709 689 775 fidei
706 711 839 775 decreto
853 709 1043 796 ,enuntiant
1061 710 1143 775 Hinc
1160 732 1285 797 quoque
1301 711 1491 796 explicatur,
1503 732 1601 796 quare

402 820 635 894 Gennadius,
652 819 704 905 qui
720 817 828 883 lloruit
845 818 933 883 circa
949 818 1044 883 liutem
1062 841 1147 885 saec.
1164 821 1213 894 V„
1236 834 1268 884 ct
1290 820 1434 906 quamvis
1456 822 1496 885 ab
1514 820 1601 886 omni

400 930 587 1015 suspicione
613 928 917 1016 sennpclagianismi
943 928 1099 995 vindicari
1124 951 1188 994 non
1214 930 1334 1015 possit,
1362 942 1467 993 tamen
1496 932 1601 1015 quoad

400 1038 554 1125 reliquam
576 1039 755 1103 doctrinam
775 1036 942 1102 Ecclesiae
965 1058 1029 1101 non
1058 1050 1167 1123 potest
1188 1060 1253 1102 non
1278 1038 1371 1103 tastis
1393 1038 1456 1103 lide
1483 1039 1600 1126 dignus

400 1148 552 1234 reputari,
574 1148 647 1211 idco
665 1148 760 1212 etiam
777 1148 815 1211 ab
832 1145 1027 1211 Hadriano
1043 1149 1078 1211 P.
1099 1147 1132 1210 in
1148 1147 1284 1232 epistola
1301 1148 1374 1212 data
1389 1149 1429 1213 ad
1447 1148 1600 1214 Carolum

399 1259 440 1338 M.
456 1260 589 1323 multum
603 1258 761 1331 laudatus,
786 1255 869 1321 inter
885 1255 1107 1321 ecclesiastica
1123 1257 1284 1343 dogmata,
1305 1256 1325 1321 i.
1342 1278 1370 1323 e.
1391 1257 1474 1321 inter
1492 1269 1599 1324 certas

399 1366 473 1431 fidei
495 1366 678 1433 Catholicae
705 1364 891 1439 sententias,
912 1366 995 1428 hanc
1014 1385 1136 1448 ponere
1161 1366 1317 1450 potuerit:
1348 1368 1482 1446 Neque
1504 1375 1600 1430 duaa

400 1501 447 1541 an
457 1485 553 1540 intas
568 1500 639 1539 esre
654 1482 791 1539 dicimus
808 1482 843 1537 in
858 1497 923 1538 uno
940 1479 1080 1550 domine,
1099 1481 1186 1539 sicut
1199 1478 1347 1541 Jaeotm
1362 1482 1469 1539 etalii
1486 1476 1598 1557 Sqro-

399 1609 473 1651 rum
489 1594 709 1667 disputatores
726 1592 880 1659 scribunt,
897 1607 995 1649 unam
1013 1586 1196 1666 animalem,
1221 1608 1285 1665 qua
1301 1591 1464 1649 animetur
1479 1606 1599 1665 corpur

398 1710 430 1761 et
444 1704 593 1761 immixta
608 1704 652 1761 ait
666 1702 831 1778 sanquini,
849 1708 880 1759 et
895 1703 1034 1759 atteram
1049 1702 1241 1778 spiritalem,
1259 1718 1342 1776 quae
1357 1702 1519 1759 rationem
1535 1700 1597 1757 mi-

397 1814 536 1886 niatret;
561 1814 786 1882 acediemur,
811 1828 923 1870 unam
940 1823 1022 1868 esse
1044 1814 1275 1885 eandemque
1297 1811 1461 1867 unimam
1483 1810 1519 1867 in
1535 1808 1597 1866 lto·

397 1922 490 1999 mine,
507 1938 590 1996 quae
606 1929 639 1979 et
652 1937 772 1995 corpus
788 1936 850 1978 aua
865 1920 1017 1977 societate
1033 1918 1181 1992 nidificet,
1195 1927 1228 1977 et
1242 1919 1441 1994 semetipsam
1458 1936 1520 1977 aua
1536 1935 1596 1977 ro·

398 2032 485 2087 tione
500 2032 660 2108 disponat,
681 2030 802 2087 ltadena
822 2031 857 2087 in
878 2046 913 2086 ae
938 2030 1118 2087 libertatem
1137 2030 1282 2105 arbitrii,
1305 2037 1344 2088 ut
1362 2031 1396 2087 in
1418 2046 1497 2086 auae
1518 2030 1597 2087 aud·

397 2141 537 2197 stantiae
558 2138 639 2215 (inda
655 2137 857 2214 substantia)
881 2140 982 2213 elipat
1001 2141 1206 2212 capitatione,
1227 2143 1315 2213 quod
1333 2138 1446 2213 oult³).
1475 2132 1598 2198 Deinde

397 2242 426 2307 si
447 2243 531 2328 quod
555 2244 657 2307 adhuc
670 2241 808 2316 ,dubium
828 2254 977 2317 restaret,
999 2242 1180 2307 doctrinam
1203 2254 1348 2307 nostram
1364 2240 1541 2305 solenniter
1558 2242 1597 2306 ab

396 2351 545 2415 Ecclesia
561 2372 634 2415 esse
651 2350 899 2436 pronuntiatam,
914 2350 990 2413 illud
1007 2371 1144 2435 prorsus
1161 2350 1286 2435 dispolli
1302 2351 1396 2415 debet
1412 2370 1470 2436 per
1486 2350 1595 2416 delini·

396 2459 517 2524 tionem
535 2460 647 2526 Conc.
666 2460 971 2544 Corrstantinop.
992 2460 1043 2523 ll'.
1062 2479 1089 2523 a.
1108 2458 1193 2535 869„
1216 2460 1300 2544 quod
1324 2480 1447 2526 canone
1465 2481 1526 2525 suo
1546 2460 1596 2525 ll.

398 2570 482 2652 (10.)
499 2570 543 2635 ita
559 2570 669 2634 statuit
686 2571 863 2635 secundum
884 2569 1071 2633 versionem
1087 2569 1310 2634 Anastasii:
1340 2573 1449 2633 Veteri
1465 2582 1498 2634 ot
1511 2591 1596 2636 nouo

400 2682 599 2745 Testamenta
628 2702 741 2742 unam
769 2685 935 2742 animam
966 2684 1204 2742 rationalem
1227 2692 1265 2742 et
1286 2685 1597 2743 intellectualem

396 2794 538 2855 debere
555 2790 619 2871 (vel
635 2790 754 2875 potius,
774 2801 810 2853 ut
830 2789 1004 2854 Radcrns
1020 2787 1126 2865 vertit,
1146 2795 1298 2854 unicam
1315 2793 1472 2871 domini,
1490 2811 1596 2853 eam·

397 2924 467 2982 que
490 2908 647 2964 ratione
671 2913 707 2964 et
736 2907 1014 2979 intellipentia
1041 2908 1255 2979 pollentem
1283 2922 1366 2964 esse
1395 2902 1594 2980 animam),

398 3010 468 3088 piar
484 3003 583 3088 ψυχὴν
597 3002 715 3087 λογικὴν
726 3028 757 3067 τι
772 3007 822 3067 nai
836 3002 1034 3086 rainaldique,
1056 3022 1088 3073 et
1111 3015 1258 3073 omnibus
1273 3015 1434 3089 deiloquis
1445 3015 1597 3088 pao-idua

397 3133 429 3184 et
443 3125 611 3198 maqiatria
630 3122 801 3182 Ecclesiae
817 3127 948 3182 eandam
969 3125 1152 3199 opinionem
1173 3126 1443 3194 asaeoeraatidaa,
1468 3124 1503 3182 in
1520 3130 1597 3182 tan·

397 3241 465 3292 tum
486 3235 660 3309 impietatis
686 3235 833 3310 quidam,
862 3236 1024 3292 naulorum
1049 3234 1290 3293 incentionibus
1316 3237 1427 3292 dantes
1452 3249 1596 3309 operam,

397 3346 617 3419 devenerunt,
642 3351 682 3402 ut
703 3346 798 3402 duaa
819 3361 902 3401 eum
923 3342 1066 3401 tatere
1087 3343 1235 3400 animas
1260 3343 1505 3418 impudenter
1526 3345 1597 3400 do·

394 3454 636 3528 paratizare,
663 3461 701 3511 et
719 3454 944 3528 quidusdam
970 3453 1280 3510 irrationalibus
1303 3453 1511 3510 conatibus
1528 3468 1598 3526 per

397 3563 645 3638 sapientiam,
674 3579 770 3637 quae
794 3564 920 3621 stulta
940 3559 1058 3631 facta
1079 3568 1148 3636 eat,
1171 3561 1376 3636 propriam
1398 3559 1599 3618 haeresim

398 3670 643 3742 confirmare
655 3678 884 3746 pertentent
905 3669 1090 3746 [vitiosis
1111 3672 1359 3729 ratiunculis
1375 3687 1482 3728 suam
1498 3669 1598 3728 liae·

397 3782 514 3838 resim
530 3783 755 3857 stabiliant,
781 3793 858 3833 arata
875 3769 1100 3854 ἀσυλλογίστοις
1123 3769 1323 3854 ἐπιχειρήμασι
1345 3767 1397 3852 τὴν
1421 3773 1500 3832 idiar
1526 3795 1598 3850 κρα-

397 3879 534 3947 adranam
550 3879 688 3968 uiperea).
713 3891 828 3968 Itaque
844 3901 957 3952 sancta
972 3892 1052 3951 liaeo
1069 3902 1102 3952 et
1116 3895 1314 3951 ranioeraalis
1330 3887 1499 3968 Synodua,
1525 3894 1598 3949 oel-

397 4003 447 4060 uti
473 4006 632 4076 quoddam
655 4003 830 4077 pessimum
857 4003 1046 4079 zizanium,
1080 4020 1165 4061 natac
1193 4003 1428 4077 pernriaantem
1458 4017 1599 4076 nequam

398 4112 581 4186 opinionem
597 4114 735 4169 euellere
747 4112 924 4188 festinans,
941 4145 986 4154 —
1006 4113 1083 4172 talia
1098 4113 1272 4188 impietatis
1287 4113 1473 4170 incentores
1488 4118 1520 4169 et
1532 4130 1598 4185 pa·

397 4228 551 4297 traterea,
569 4229 601 4280 et
615 4220 668 4279 dia
684 4223 806 4280 similia
821 4224 1007 4300 sentientes,
1030 4239 1150 4296 maqna
1169 4239 1247 4280 uoce
1262 4220 1596 4299 artatltematizat,

397 4337 436 4388 et
459 4331 628 4408 definit,
652 4340 767 4406 atque
785 4336 1031 4409 promulqat,
1056 4333 1427 4406 neminemproraua
1449 4330 1599 4389 dedere

397 4443 459 4497 vel
473 4457 637 4498 aeroare
653 4445 919 4517 quoquomodo
937 4450 1089 4501 statuta
1105 4440 1222 4516 liujus
1237 4442 1451 4516 impietatis
1466 4447 1597 4498 aucto·

403 4601 618 4612 Μ...

504 4694 534 4772 ¹)
551 4692 599 4754 Ib⁴
616 4713 641 4754 c.
661 4690 802 4755 701-2.
821 4691 867 4758 cf.
885 4689 1075 4755 699-700.
1094 4727 1134 4739 -—
1158 4699 1189 4769 ²)
1205 4694 1269 4754 Aea.
1288 4694 1337 4752 18.
1356 4692 1402 4753 Ib.
1421 4712 1446 4752 c.
1464 4686 1543 4755 636.
1559 4691 1596 4751 B.

398 4782 555 4938 5235:
570 4785 640 4848 cccl.
662 4787 759 4860 dopm.
785 4805 810 4846 o.
828 4785 877 4845 Id
904 4781 985 4865 Opp.
1008 4785 1207 4863 Angustia.
1232 4784 1270 4843 T.
1288 4780 1319 4846 8.
1337 4803 1407 4864 app.
1424 4801 1451 4844 a.
1471 4779 1525 4848 ll.
1550 4780 1597 4847 Ol.
