3775 5625
1478 408 1544 475 423

350 597 426 656 per
449 573 717 636 voluntariam
741 580 1036 654 susceptionem
1057 582 1215 651 prottoe
1248 576 1326 655 (nos
1343 572 1412 637 Deo
1430 587 1544 661 gratos

353 704 393 748 ac
410 682 534 747 anticos
551 681 734 760 efficientis)
751 691 789 744 et
803 687 992 745 donorum
1014 682 1179 763 (virtutum
1191 684 1229 747 ad
1237 695 1327 748 actus
1335 683 1440 747 bonos
1456 683 1544 748 incli-

353 792 531 871 nantium),
549 797 648 855 unde
663 798 770 854 bomo
789 814 838 854 ec
852 797 1004 870 injusto
1020 797 1239 872 fitjuetna,
1269 802 1306 855 et
1320 815 1370 855 ec
1385 802 1544 857 inimico

353 911 528 991 amicus,
547 911 592 964 ut
605 910 661 963 sit
674 908 817 963 haeres
833 905 1044 963 secundom
1061 925 1165 983 spem
1181 910 1286 965 oitoe
1303 905 1543 983 oeteroae¹);

352 1013 403 1076 vel
420 1010 550 1098 gratia
575 1010 807 1094 justificans
832 1022 894 1074 est
915 1031 962 1074 ea
985 1011 1304 1095 supernaturalis
1328 1012 1462 1098 gratia
1493 1012 1542 1076 in·

351 1135 478 1195 terna,
500 1118 617 1184 nobis
639 1140 707 1204 per
731 1120 879 1183 modum
899 1119 1055 1183 habitus
1074 1119 1303 1194 inhaerens,
1325 1141 1397 1206 qua
1417 1121 1540 1186 reddi·

351 1253 441 1295 mur
458 1242 671 1294 consortes
689 1241 848 1293 naturae
875 1227 1045 1303 divinae,
1063 1251 1131 1293 seu
1149 1242 1276 1293 mente
1301 1229 1544 1293 immutamur

351 1352 391 1404 et
423 1339 471 1403 ad
503 1339 618 1402 Deum
642 1336 924 1411 convertimur,
957 1337 1025 1411 ita,
1047 1338 1219 1402 ntnobis
1244 1338 1445 1402 renovatis
1468 1361 1542 1403 non

351 1460 499 1513 tautum
530 1459 693 1532 peccata
713 1446 983 1520 remittantur,
1006 1459 1044 1511 et
1066 1447 1217 1533 quidem
1240 1468 1330 1512 vere
1355 1448 1544 1513 tollantur

352 1579 396 1623 ac
429 1558 653 1630 deleantur,
685 1558 752 1620 sed
784 1568 821 1620 et
842 1577 911 1619 nos
936 1554 1061 1620 simus
1086 1577 1177 1620 vere
1195 1556 1295 1640 justi
1326 1576 1374 1619 ac
1406 1558 1544 1633 sancti,

349 1667 435 1732 Deo
459 1665 578 1753 grati,
611 1664 788 1749 adoptivi
810 1664 881 1728 Dei
902 1663 999 1737 lilii,
1016 1666 1211 1728 haeredes
1228 1664 1335 1728 vitae
1352 1678 1543 1731 aeternae

349 1788 465 1861 atque
483 1795 652 1859 capaces
670 1795 827 1858 operum
845 1772 1156 1837 meritoriornm.
1175 1812 1216 1820 —
1234 1773 1358 1838 Dicitur
1375 1775 1479 1863 gratia
1491 1778 1542 1861 ju-

344 1883 495 1949 stificans
516 1883 710 1948 intrinsecus
732 1883 941 1947 inhaerens
964 1895 1077 1946 contra
1107 1884 1281 1947 Lutherum
1307 1896 1339 1947 et
1361 1884 1539 1967 Calvinum,

348 1992 488 2081 gratiam
504 1994 586 2056 hanc
602 1992 633 2055 in
651 1992 719 2055 sola
736 2004 871 2055 externa
892 1991 1107 2055 declaratione
1130 2003 1163 2056 et
1187 1993 1280 2076 hujus
1302 1991 1471 2076 perfidem
1489 2015 1541 2080 ap-

348 2100 582 2187 prehensione,
604 2101 704 2164 autin
722 2113 857 2164 externo
874 2112 996 2163 tantum
1012 2100 1071 2164 Dei
1088 2100 1197 2164 lavore
1223 2100 1461 2185 reponentium,
1479 2125 1542 2189 qno

348 2213 439 2276 Deus
454 2209 575 2274 homini
597 2221 730 2294 peccata
761 2230 824 2272 non
846 2209 995 2294 imputet,
1013 2230 1147 2294 eumque
1164 2222 1299 2294 propter
1316 2211 1435 2275 Christi
1447 2212 1541 2296 justi·

349 2320 427 2385 tiam
458 2318 662 2383 exninsecus
684 2317 869 2403 imputatam
892 2338 982 2381 more
1005 2317 1127 2382 forensi
1143 2340 1202 2402 pro
1215 2320 1305 2403 justo
1326 2319 1462 2392 haheat;
1485 2323 1542 2385 sed

348 2452 414 2495 una
426 2441 542 2494 contra
558 2429 749 2493 sententiam
766 2426 913 2491 Osiandri
936 2428 975 2490 de
997 2426 1195 2491 substantiali
1211 2428 1271 2492 Dei
1283 2428 1409 2513 justitia
1428 2429 1461 2493 in
1485 2453 1540 2495 no·

345 2541 399 2605 bis
416 2539 608 2603 inhabitante
626 2559 664 2602 ac
681 2550 844 2622 operante.
870 2538 974 2600 Porro
992 2536 1106 2601 dicitnr
1122 2536 1293 2602 inhaerens
1309 2559 1377 2622 per
1394 2541 1542 2604 modum

346 2648 523 2722 habitus,
554 2647 574 2710 i.
599 2668 625 2710 e,
648 2644 827 2710 affectionis
854 2645 992 2721 animae,
1015 2646 1171 2711 stabiliter
1188 2647 1421 2731 permanentis,
1440 2650 1478 2712 ad
1496 2648 1541 2712 di·

346 2758 576 2846 stingnendnm
597 2757 660 2820 hoc
680 2756 802 2843 gratiae
825 2777 930 2843 genus
948 2777 966 2820 a
983 2755 1220 2821 transeuntibus
1244 2757 1542 2842 supernaturalibus

344 2868 472 2933 actibus
496 2866 619 2940 divinis,
637 2866 749 2951 quibus
766 2866 805 2928 ad
821 2867 906 2928 bona
923 2886 1023 2949 opera
1038 2864 1233 2939 excitamur,
1251 2878 1283 2929 et
1298 2867 1331 2929 in
1348 2865 1396 2930 eis
1413 2865 1539 2951 perlici·

344 2977 439 3042 erudis
455 2978 650 3060 adjuvamur,
667 2975 779 3061 quique
795 2974 900 3062 gratia
920 2974 1052 3039 actualis
1066 2974 1203 3039 andiunt.
1227 2975 1293 3039 Sub
1309 2974 1418 3039 habitu
1434 2988 1540 3040 tamen

343 3086 399 3152 hic
415 3086 479 3151 loci
504 3087 619 3149 nudam
640 3097 673 3150 et
693 3085 911 3170 quiescentem
934 3085 1024 3171 qnasi
1047 3084 1170 3148 animae
1196 3085 1376 3170 qualitatem
1393 3085 1538 3173 intelligi-

344 3220 430 3272 mus,
448 3217 528 3282 quae
546 3196 677 3261 decreto
696 3195 867 3259 voluntatis
885 3207 1048 3281 aequatur,
1064 3216 1263 3281 nequaquam
1280 3208 1384 3259 antem
1400 3217 1538 3280 propen-

344 3307 472 3373 sionem
495 3318 527 3370 et
547 3304 759 3380 alacritatem,
784 3327 842 3369 seu
858 3305 1042 3389 expeditum
1059 3317 1181 3367 motum
1196 3304 1367 3369 voluntatis
1386 3305 1424 3368 ad
1441 3326 1537 3391 agen·

344 3418 432 3480 dum.
473 3413 589 3500 Sicque
612 3414 738 3479 habitus
758 3413 884 3478 infusus
906 3415 944 3478 ab
961 3413 1071 3478 habitu
1087 3412 1243 3498 acquisito
1261 3411 1375 3477 differt.
1401 3413 1491 3477 Unde
1508 3426 1541 3478 et

342 3526 398 3590 ille
416 3523 541 3609 quidem
558 3546 618 3588 nos
636 3525 796 3588 adactum
813 3523 1003 3588 eliciendum
1026 3535 1080 3588 aut
1101 3524 1282 3608 ponendum
1297 3522 1443 3598 inclinat,
1461 3536 1538 3588 atta·

344 3655 420 3698 rnen
437 3636 476 3697 ad
492 3633 578 3697 illum
593 3632 840 3718 perficiendum,
874 3634 986 3697 saltem
1009 3632 1062 3697 ubi
1084 3632 1190 3719 agitur
1213 3633 1252 3696 de
1270 3653 1368 3717 opere
1385 3632 1539 3719 graviori,

344 3765 411 3808 non
428 3764 502 3807 raro
519 3742 642 3830 indiget
657 3754 724 3805 tum
739 3742 874 3806 internis
898 3755 962 3805 turn
986 3741 1130 3806 externis
1152 3740 1292 3816 auxiliis,
1325 3754 1357 3806 et
1380 3763 1445 3805 uno
1467 3755 1540 3806 actu

346 3852 513 3919 contrario
538 3850 723 3937 expellitur;
745 3851 872 3916 habitus
894 3851 1069 3937 acquisitus
1085 3872 1164 3915 vero
1183 3852 1328 3916 adactus
1346 3850 1538 3915 similessti·

344 3963 446 4028 mulat
462 3974 494 4026 et
508 3961 651 4045 impellit,
667 3981 768 4046 neque
787 3972 850 4024 tam
866 3959 957 4024 facile
985 3972 1093 4045 potest
1109 3959 1274 4024 dimoveri.
1301 3960 1444 4023 Tandem
1461 3959 1537 4025 dici-

345 4086 400 4138 tnr
417 4070 522 4159 gratia
533 4069 716 4155 justificans
741 4070 794 4134 illa
810 4069 929 4158 gratia,
954 4091 1016 4155 qua
1031 4069 1227 4135 reddimur
1245 4080 1461 4133 consortes
1478 4090 1537 4133 na·

344 4195 458 4247 turae
475 4179 647 4254 divinae,
664 4201 722 4243 seu
737 4178 980 4243 immutamur
997 4192 1034 4244 et
1049 4180 1094 4243 ad
1111 4180 1231 4243 Deum
1258 4175 1539 4251 convertimur,

345 4304 382 4355 nt
399 4289 448 4355 sic
463 4291 533 4374 ejus
550 4287 683 4353 effectus
699 4287 851 4372 proprius
868 4309 906 4352 ac
921 4288 1123 4373 principalis,
1147 4287 1179 4351 in
1201 4309 1264 4373 qno
1281 4285 1393 4370 reliqui
1410 4307 1537 4351 enumc-

344 4398 411 4464 rati
427 4397 612 4464 necessario
634 4395 851 4474 includuntur,
875 4411 906 4462 et
922 4419 965 4462 ex
986 4421 1047 4485 quo
1071 4397 1161 4484 quasi
1182 4398 1270 4461 sonte
1287 4417 1325 4460 ac
1340 4395 1447 4460 radice
1464 4416 1536 4459 ena-

347 4522 493 4584 scuntur,
525 4521 616 4593 atque
647 4507 719 4572 ideo
741 4527 818 4573 vera
833 4509 978 4593 ejusdem
993 4497 1118 4573 indoles
1135 4509 1175 4571 ob
1193 4507 1306 4571 oculos
1323 4506 1464 4570 sistatur.
1488 4505 1539 4570 Fit

347 4632 455 4686 autem
486 4619 582 4682 homo
615 4639 672 4702 per
693 4615 830 4705 gratiam
846 4614 1077 4702 justificantem
1099 4638 1237 4682 consors
1260 4626 1390 4681 naturae
1414 4613 1537 4686 divinae

368 4828 373 4835 ¹
457 4862 485 4948 ι)
502 4859 592 4925 Oeno,
612 4857 696 4922 Prid.
713 4877 787 4921 seat.
806 4860 834 4922 6.
851 4877 876 4926 o.
893 4861 922 4923 7.
