3775 5625
360 399 427 478 las

335 576 534 663 ,Cyrillus
573 574 783 649 Hieros.¹),
822 575 931 638 doen.
973 565 1337 659 chrysostomum),
1378 573 1547 659 Cyrillus

359 687 520 766 alexa),
551 683 745 749 Eusebius
776 684 1009 759 Emesenus,
1031 683 1084 769 qui
1099 682 1194 748 lider‘n
1212 684 1348 768 adpellat
1363 684 1471 749 lumen
1487 685 1546 772 aui·

359 816 445 871 mae,
462 794 580 859 ostium
594 792 694 868 vitae,
711 793 948 857 fundamentum
965 793 1077 858 salutis
1089 793 1132 873 ⁴),
1156 792 1386 858 Ambrosius
1397 798 1443 873 ⁵),
1466 792 1546 858 Hie·

356 926 540 990 ronymus
552 904 593 983 ⁶),
620 903 865 990 Augustinus
876 908 920 983 ')‚
945 916 1057 968 auctor
1073 905 1253 968 Librarum
1268 913 1307 967 de
1321 910 1390 968 nita
1407 916 1547 967 oontem-

354 1015 533 1095 platiaa⁸)‚
556 1025 589 1077 et
610 1011 827 1099 Gregorius
848 1013 890 1077 M.
899 1018 938 1093 ο).
971 1015 1037 1077 Sub
1058 1012 1120 1076 lide
1141 1025 1247 1076 autem
1268 1034 1287 1077 a
1318 1017 1378 1078 SS.
1400 1011 1547 1077 Patribus

356 1122 452 1189 lidem
469 1122 666 1188 catholicam
689 1121 837 1209 intelligi,
856 1100 924 1207 jam
939 1122 1013 1187 inde
1031 1121 1208 1209 colligitur,
1225 1123 1373 1208 quoniam
1389 1122 1463 1207 ipsa
1477 1143 1545 1207 pas·

356 1233 418 1299 sim
439 1254 457 1297 a
477 1254 535 1317 spe
556 1253 614 1297 seu
635 1230 750 1296 fiducia
771 1231 973 1296 discernitur.
1005 1232 1159 1297 Necnon
1181 1231 1212 1296 id
1234 1231 1340 1317 ipsum
1357 1235 1419 1297 SS.
1436 1233 1547 1295 Patres

355 1340 485 1406 disertis
501 1361 540 1405 ac
556 1339 693 1406 delinitis
709 1340 818 1405 verbis
834 1340 1007 1406 enuntiant.
1040 1341 1097 1405 Sic
1113 1342 1209 1406 docet
1229 1341 1418 1416 Basilius,
1442 1341 1483 1404 ad
1498 1360 1545 1405 sa·

282 1451 284 1456 ’
353 1451 451 1515 lutern
467 1448 684 1514 neeessariam
702 1470 776 1515 esse
796 1449 882 1514 illam
898 1449 1010 1525 fidem,
1043 1472 1125 1529 puae
1157 1462 1206 1514 est
1235 1471 1430 1513 assensus
1461 1453 1549 1513 baad

353 1565 522 1624 haesitans
539 1581 656 1639 saper
672 1564 744 1640 iis,
763 1580 860 1638 qaae
875 1565 1021 1624 audita
1036 1571 1148 1642 sant,
1166 1565 1381 1623 veritatem
1397 1580 1545 1641 eorum,

353 1672 507 1749 aaaaDei
517 1690 651 1733 monere
659 1675 849 1749 praedicata
861 1682 950 1751 sunt,
965 1674 1322 1750 persuasissimum
1338 1668 1546 1747 habenam).

353 1777 524 1862 cyrillus
544 1777 696 1842 Hieros.
719 1776 832 1854 tradit,
848 1777 943 1843 lidern
954 1776 1185 1863 justificantem
1201 1799 1276 1843 esse
1293 1798 1379 1852 earn,
1398 1798 1461 1863 qua
1478 1799 1544 1842 ore·

352 1886 474 1962 dimus,
496 1888 608 1951 lesum
631 1908 705 1952 esse
727 1886 904 1963 Christum,
926 1908 945 1952 a
968 1886 1103 1952 mortuis
1120 1886 1357 1962 resurrexisse,
1375 1899 1472 1974 atque
1488 1886 1546 1951 alia

350 1996 383 2061 id
403 2017 508 2085 genus
530 1998 744 2084 dogmata¹¹).
768 1998 811 2061 Et
831 2009 1002 2083 eapropter
1033 1996 1129 2061 etiam
1150 1996 1411 2072 Cetoobumenis,
1433 2008 1471 2061 ut
1493 1998 1544 2061 ba·

350 2106 466 2192 ptizari
480 2106 617 2193 possint,
634 2118 735 2171 totum
752 2107 939 2191 Symbolum
955 2105 1107 2192 proponit
1123 2118 1215 2192 atque
1232 2104 1370 2189 explicet
1381 2110 1435 2186 ¹²).
1458 2106 1543 2170 Idem

349 2216 470 2281 laniunt
486 2215 702 2303 Gregorius
718 2216 806 2281 Nan.
817 2221 877 2297 18),
893 2215 970 2280 llus
974 2215 1081 2280 linus
1093 2218 1153 2296 14),
1184 2214 1431 2303 Augustinus
1445 2220 1490 2295 ¹⁶)
1515 2225 1545 2279 et

455 2379 482 2462 ¹)
499 2381 564 2443 Oai.
582 2384 610 2443 5.
627 2402 658 2443 m.
676 2385 726 2442 10.
743 2385 773 2442 4.
798 2378 878 2462 Opp.
894 2402 925 2463 p.
944 2378 996 2441 77.
1016 2378 1069 2443 73.
1100 2381 1160 2441 Ubi
1176 2380 1280 2463 docet,
1296 2380 1387 2440 fidem
1403 2400 1542 2461 compen·

348 2470 465 2532 diossm
480 2492 548 2533 esso
564 2472 602 2532 ad
619 2474 747 2533 salntem
762 2473 851 2545 mam,
868 2492 995 2555 eamque
1012 2472 1132 2533 oculum
1148 2472 1360 2533 conscientiam
1375 2472 1543 2531 illuminan-

347 2572 422 2633 tem,
448 2572 479 2623 et
502 2562 730 2642 intelligentiam
754 2564 923 2643 parientem
950 2563 1093 2644 adpellat.
1112 2598 1154 2611 —
1172 2563 1199 2646 ²)
1214 2566 1305 2627 Hom.
1322 2566 1352 2624 8.
1375 2563 1410 2621 im
1426 2565 1490 2638 Ep.
1506 2565 1544 2622 ad

347 2654 436 2715 Ram.
453 2674 483 2715 m.
500 2656 530 2715 4.
548 2652 628 2734 Opp.
647 2650 686 2715 Τ.
702 2650 734 2715 9.
750 2674 781 2735 p.
798 2650 875 2717 502.
906 2653 967 2714 His
991 2654 1123 2714 ostendit
1138 2655 1342 2734 (Apostolus),
1359 2654 1487 2733 fidem
1501 2690 1542 2699 -

347 2744 403 2804 ita
418 2763 496 2803 ease
510 2744 776 2822 necessariam,
791 2753 831 2805 ut
843 2764 915 2804 mam
924 2745 1054 2822 possit
1067 2745 1147 2805 aiae
1162 2744 1234 2805 ilia
1250 2748 1356 2805 salus
1373 2745 1541 2807 obtineri.

240 2847 256 2878 a
348 2871 391 2882 -
411 2833 435 2918 ³)
452 2838 492 2895 Im
506 2838 597 2899 Joam.
616 2839 634 2899 l.
651 2840 681 2898 4.
699 2859 723 2898 a.
741 2840 769 2899 1.
788 2839 830 2917 (6,
847 2839 911 2916 47).
944 2835 1024 2917 Opp.
1043 2834 1083 2902 T.
1099 2835 1131 2902 4.
1147 2859 1177 2918 p.
1195 2834 1270 2899 349.
1301 2837 1420 2896 Fides
1443 2837 1542 2914 itaque

339 2930 465 3006 jamma
481 2934 515 2987 et
528 2927 603 2988 iter
618 2937 673 2987 ast
687 2930 734 2987 ad
748 2928 869 2988 vitam.
888 2927 934 2993 uf.
951 2948 975 2988 a.
992 2931 1022 2988 4.
1041 2930 1083 3008 (6,
1094 2926 1148 3012 69)
1164 2950 1194 3009 p.
1212 2925 1287 2990 393.
1305 2964 1349 2973 -
1367 2928 1393 3009 ⁴)
1410 2931 1503 2990 Hom.
1513 2932 1539 2989 2.

348 3021 385 3078 de
404 3017 504 3095 Symb.
522 3019 605 3081 Bibl.
621 3041 661 3082 m.
677 3022 744 3078 ΡΡ.
762 3018 865 3098 Lugd.
882 3021 920 3082 T.
938 3016 968 3080 6.
984 3040 1015 3098 p.
1024 3017 1099 3082 630.
1116 3020 1154 3081 A.
1171 3054 1215 3065 -
1232 3022 1259 3097 ⁶)
1275 3022 1324 3079 De
1333 3019 1476 3081 Sacram.
1487 3023 1506 3081 l.
1515 3023 1541 3079 1.

351 3130 375 3170 a.
392 3113 421 3171 1.
437 3131 467 3168 a.
484 3113 514 3169 1.
532 3107 612 3190 Opp.
630 3111 667 3171 T.
684 3108 715 3171 2.
732 3131 758 3171 a.
775 3106 850 3172 349.
867 3113 908 3169 Ia
925 3109 1105 3170 Christiano
1120 3110 1187 3169 aira
1202 3110 1325 3188 prima
1349 3117 1403 3170 est
1421 3111 1540 3188 fides.

348 3235 391 3245 -
408 3201 436 3278 6)
456 3199 568 3262 Oomm.
586 3201 620 3259 im
634 3203 694 3276 Ep.
711 3203 753 3259 ad
767 3203 880 3277 pres.
904 3205 933 3276 3,
951 3205 1004 3260 12.
1037 3200 1119 3283 Opp.
1136 3202 1173 3261 Τ.
1192 3199 1221 3262 7.
1240 3222 1264 3262 c.
1281 3197 1359 3263 596.
1391 3202 1542 3262 Fiducia

348 3297 435 3366 atque
466 3311 645 3352 accessus
678 3294 741 3371 (ad
763 3294 906 3371 Deam),
930 3292 1169 3370 principium
1193 3299 1228 3351 et
1248 3291 1353 3369 oripo
1373 3292 1486 3370 fides
1508 3293 1541 3351 in

349 3380 505 3443 Christo
520 3389 585 3447 est.
600 3418 645 3429 -
662 3387 690 3461 ²)
706 3384 823 3460 Eapas.
841 3403 865 3443 o.
884 3387 914 3442 3.
933 3403 979 3461 ep.
995 3386 1036 3442 ad
1053 3383 1122 3449 ctat
1138 3404 1168 3443 m.
1186 3387 1235 3444 27.
1253 3380 1332 3464 Opp.
1350 3384 1389 3442 T.
1408 3381 1442 3444 3.
1460 3384 1495 3447 P.
1511 3380 1539 3445 2.

348 3493 375 3532 o.
399 3468 474 3535 958.
506 3476 555 3533 De
571 3474 648 3551 spir.
665 3481 694 3532 et
708 3473 764 3534 litt.
782 3494 807 3534 a.
823 3477 873 3535 30.
889 3494 919 3534 a.
938 3476 987 3534 52.
1010 3475 1048 3534 T.
1069 3472 1119 3537 10.
1138 3494 1163 3537 c.
1182 3471 1255 3536 114.
1281 3474 1378 3536 Serm.
1397 3478 1451 3538 27.
1467 3496 1497 3539 a.
1514 3478 1539 3535 l.

348 3563 386 3623 T.
404 3559 435 3623 5.
454 3584 478 3624 c.
497 3561 572 3625 143.
598 3564 680 3624 Idilii
695 3565 778 3645 (Dei)
788 3563 872 3641 fluat
885 3564 1121 3643 participatione
1137 3565 1317 3642 sapientiae,
1335 3565 1370 3624 id
1388 3585 1539 3642 praepa·

348 3661 454 3712 rante
474 3661 562 3729 atque
580 3662 797 3732 praestante
812 3656 1041 3715 Mediataris
1056 3656 1150 3734 fide.
1167 3691 1209 3701 —
1225 3660 1289 3716 Pes
1304 3657 1398 3732 iepem
1415 3657 1540 3734 capnitis

344 3744 475 3820 peccam,
487 3764 555 3820 per
564 3746 688 3824 fidem
703 3747 922 3826 impetratio
936 3747 1090 3823 pratiae
1106 3754 1211 3808 contra
1224 3754 1387 3826 peccatam,
1404 3769 1463 3826 per
1475 3767 1537 3826 pra·

348 3835 424 3896 mam
454 3836 576 3896 sanatio
607 3836 727 3896 amimae
758 3858 777 3896 a
806 3837 880 3898 vitio
911 3839 1046 3914 peccati,
1084 3845 1136 3903 eta.
1179 3873 1224 3884 -
1258 3842 1375 3899 Damas
1407 3841 1472 3900 Dei
1500 3873 1538 3884 -

349 3930 532 3987 credenda
541 3929 751 4006 fundatur,
783 3932 935 4006 sperando
958 3929 1100 4006 eripitur,
1134 3928 1287 4006 dilipemdo
1307 3928 1477 4006 perficitur.
1499 3963 1537 3976 -

351 4016 376 4100 ⁸)
393 4021 429 4079 L.
447 4022 477 4078 3.
501 4039 527 4083 a.
549 4023 598 4081 21.
631 4019 712 4101 Opp.
749 4021 880 4102 Prosp.
915 4042 940 4080 o.
974 4018 1025 4083 73.
1058 4021 1173 4080 Fides
1204 4057 1246 4067 -
1280 4029 1334 4081 est
1354 4023 1537 4099 justitiae

342 4111 648 4188 fundamentum,
673 4131 781 4186 quam
803 4114 908 4171 malla
931 4115 1029 4172 boma
1052 4131 1165 4190 opera
1175 4115 1426 4190 praecedant,
1451 4122 1481 4173 et
1501 4131 1537 4171 ee

349 4221 419 4276 qma
436 4203 559 4261 omnia
574 4203 668 4262 boma
679 4206 902 4278 procedant.
920 4239 962 4247 -
982 4203 1010 4282 ⁹)
1027 4205 1138 4262 Morai.
1157 4205 1176 4264 i.
1193 4207 1222 4264 2.
1238 4223 1262 4263 a.
1278 4206 1329 4264 46.
1345 4225 1375 4262 m.
1397 4208 1446 4268 71.
1463 4204 1534 4286 Opp.

348 4293 386 4352 T.
406 4291 434 4354 1.
452 4314 478 4352 c.
496 4290 548 4354 65.
569 4293 668 4363 Quae
684 4295 814 4373 (fides)
837 4295 870 4353 si
893 4313 968 4354 mom
988 4294 1118 4369 prima
1140 4294 1180 4353 im
1204 4298 1310 4354 corde
1333 4302 1469 4355 mostra
1488 4293 1533 4372 pi-

347 4383 494 4460 pnitmr:
516 4385 668 4461 reliqna
692 4405 856 4461 quaeqae
881 4405 959 4444 esse
984 4388 1076 4444 boma
1091 4393 1346 4464 nonpossant.
1367 4421 1409 4432 -
1429 4384 1531 4474 10)(11.

349 4477 385 4534 de
394 4475 452 4551 fid.
468 4496 498 4537 m.
516 4478 544 4535 1.
567 4477 605 4535 Τ.
623 4473 654 4538 2.
672 4498 703 4557 p.
719 4474 796 4537 224.
813 4512 857 4522 -
875 4471 916 4561 11)
934 4477 1003 4536 Oai.
1021 4479 1050 4536 5.
1071 4497 1101 4538 m.
1119 4479 1147 4537 6.
1166 4480 1214 4538 10.
1240 4477 1367 4558 Oppp.
1386 4475 1531 4541 15161.

350 4601 391 4611 -
412 4569 453 4650 ¹²)
472 4566 538 4630 Oai.
556 4568 671 4631 6-18.
687 4589 716 4647 p.
734 4564 900 4629 85-302.
918 4603 960 4612 -
979 4563 1021 4652 ¹³)
1041 4567 1093 4628 Or‘.
1110 4571 1160 4629 40.
1178 4568 1212 4626 ia
1232 4567 1264 4630 S.
1281 4570 1439 4645 Baptism.
1463 4568 1529 4648 Opp.

349 4657 388 4717 T.
407 4655 435 4719 1.
452 4679 478 4721 a.
495 4653 562 4719 593
579 4679 619 4718 ss.
638 4657 682 4719 cf.
702 4659 754 4718 Or.
771 4661 820 4721 50.
842 4661 940 4718 Traat.
959 4661 995 4717 de
1010 4658 1061 4730 lid.
1079 4659 1148 4722 Nic.
1165 4659 1212 4720 Ib.
1227 4680 1252 4721 c.
1263 4656 1340 4721 668.
1358 4695 1400 4708 -
1425 4660 1464 4749 ¹⁴)
1478 4662 1528 4720 m·

346 4766 413 4824 poa.
430 4749 464 4806 ia
479 4749 581 4826 Spmb.
598 4750 701 4824 Apost.
718 4748 797 4829 Opp.
822 4749 1002 4830 cyprian.
1020 4750 1066 4812 ed.
1085 4749 1286 4811 Oborthiir.
1304 4751 1344 4816 T.
1361 4750 1394 4814 2.
1412 4747 1525 4834 append

350 4835 380 4900 1.
395 4858 427 4919 p.
440 4835 633 4996 ἓξὲξ-348.
652 4875 692 4886 -
711 4843 754 4921 15)
771 4839 885 4917 Deflet.
902 4847 931 4900 et
943 4840 1045 4918 Santi.
1063 4842 1102 4907 T.
1119 4837 1149 4903 6.
1173 4861 1198 4904 a.
1218 4837 1281 4904 151
1299 4862 1341 4904 ss.
1357 4844 1484 4907 Immitis.
1497 4839 1522 4902 Τ.

345 4926 378 5000 6.
395 4949 422 4995 a.
522 4950 564 4997 ss.
