3775 5625
344 406 411 471 442

344 574 445 635 aSS.
469 570 616 635 Patribus
639 570 794 644 traditur,
827 591 973 633 necnon
1006 592 1046 633 ex
1067 569 1137 654 ipsa
1162 582 1275 634 natura
1304 569 1447 654 justitiae
1471 594 1517 636 uo·

343 680 393 744 bis
430 679 624 744 inhaerentis
664 679 839 766 colligitur;
880 682 962 744 uude
1002 692 1034 744 et
1066 702 1160 743 nemo
1193 692 1244 744 est
1277 679 1362 743 inter
1395 681 1518 745 Theolo-

343 811 406 875 gos
439 789 645 863 Catholieos‚
686 788 765 853 solis
796 789 1015 854 Hermesianis
1048 789 1208 873 exceptis,
1249 789 1302 875 qui
1334 810 1431 854 secus
1461 812 1519 855 sen·

343 898 409 964 tiat.
435 901 525 978 Quod

452 1014 491 1073 A.
508 1011 547 1072 ad
565 1012 625 1073 SS.
641 1009 819 1073 Litteras
836 1009 963 1074 attinet:
982 1011 1116 1073 docetur
1131 1008 1161 1071 id
1178 1008 1295 1072 ibidem

452 1143 483 1181 u,
501 1118 630 1183 disertis
661 1118 781 1183 verbis.
820 1119 963 1183 Pertinet
998 1120 1059 1182 hue
1083 1120 1176 1183 loeus
1198 1117 1347 1202 Apostoli
1370 1120 1473 1183 Pauli
1492 1142 1523 1184 ex

344 1228 479 1313 epistola
495 1230 534 1291 ad
550 1230 746 1292 Romanos
763 1250 861 1311 supra
877 1231 1066 1312 landatus1).
1105 1228 1187 1292 Nam
1209 1250 1305 1313 quum
1322 1250 1385 1293 nos
1408 1250 1449 1292 ex
1464 1250 1522 1293 ver·

340 1339 393 1402 bis
409 1337 556 1422 Apostoli
572 1337 603 1400 in
620 1340 742 1402 Adamo
761 1336 925 1402 constituti
942 1337 1042 1401 simus
1056 1349 1245 1421 peccatores
1263 1359 1321 1421 per
1338 1337 1524 1422 injustitiam,

343 1446 437 1511 nobis
453 1468 511 1530 per
527 1448 656 1509 modum
673 1446 798 1510 habitus
814 1447 1048 1520 inhaerentem,
1071 1467 1163 1531 qnam
1190 1446 1415 1511 contraximus
1434 1448 1473 1510 ob
1488 1447 1525 1509 in·

345 1555 556 1620 obedientiam
573 1556 666 1640 primi
683 1556 835 1631 hominis,
853 1559 944 1641 eujus
961 1557 1015 1620 filii
1033 1579 1159 1620 sumus:
1178 1555 1259 1640 justi
1276 1578 1401 1642 quoque
1420 1556 1526 1621 consti·

272 1649 274 1655 ¹
343 1664 477 1739 tuimur,
503 1665 531 1728 si
548 1664 621 1749 quid
638 1665 804 1730 antithesis
821 1666 968 1750 Apostoli
984 1668 1081 1741 valet,
1099 1688 1156 1751 per
1167 1665 1325 1750 justitiam
1344 1665 1465 1751 pariter
1480 1688 1528 1730 no-

343 1773 393 1837 bis
410 1795 468 1858 per
491 1776 619 1838 modum
642 1773 768 1839 habitus
799 1776 1032 1850 inhaerentem,
1066 1797 1146 1860 qnae
1177 1775 1271 1839 nohis
1293 1775 1471 1839 infunditur
1495 1776 1529 1838 oh

345 1882 462 1948 Christi
480 1882 699 1947 obedientiam.
733 1885 836 1947 Porro
853 1886 952 1948 verba
969 1884 1071 1968 ipsius
1104 1884 1350 1948 Salvatoris:
1377 1887 1423 1947 M
1427 1893 1531 1948 aneta

343 2003 378 2056 in
394 2017 459 2072 me,
479 2002 511 2055 et
524 2017 579 2071 epo
597 2002 632 2056 tn
647 1999 746 2057 rodis.
772 1996 870 2057 Sicut
885 1998 1013 2076 palmes
1029 2018 1095 2057 non
1107 2003 1219 2076 potest
1230 1998 1327 2069 ferre
1349 1998 1532 2069 frustanea

343 2112 525 2184 semetipso,
544 2111 609 2165 nisi
625 2112 784 2167 manserit
798 2113 833 2167 in
847 2112 928 2167 uite:
945 2113 994 2166 sie
1010 2127 1069 2167 nee
1084 2127 1155 2185 aas,
1173 2111 1237 2166 nisi
1254 2111 1288 2166 in
1304 2127 1355 2166 me
1370 2112 1532 2167 manseri-

241 2294 243 2297 Υ
344 2222 395 2276 tis.
421 2216 494 2291 Ilpa
510 2236 584 2275 sam
600 2221 686 2293 ritis,
704 2237 761 2277 aas
774 2217 945 2295 palmites:
978 2223 1032 2297 qni
1053 2221 1236 2299 murtetin
1257 2237 1331 2292 me,
1358 2221 1533 2293 etepoin

344 2345 385 2384 eo
392 2369 403 2401 ,
423 2330 474 2385 hie
487 2326 561 2397 fert
571 2328 721 2402 fructum
743 2327 896 2405 multam,
916 2331 993 2406 qaia
1009 2332 1080 2386 stne
1095 2346 1145 2385 me
1161 2326 1243 2385 nihil
1253 2330 1395 2404 potestis
1408 2329 1532 2403 faeere,

344 2431 468 2496 seilicet
497 2431 648 2494 idoneum
681 2434 720 2495 ad
752 2432 845 2495 vitam
878 2444 1040 2496 aeternam
1074 2433 1382 2517 consequendam2).
1419 2431 1536 2511 Quibus

345 2540 492 2605 Christus
508 2540 627 2603 diserte
645 2542 798 2615 declarat,
831 2541 1006 2626 discipulos
1028 2563 1141 2627 posse,
1174 2542 1353 2604 dummodo
1367 2541 1535 2615 voluerint,

345 2671 455 2713 seeum
482 2652 674 2734 coujunctos
696 2672 898 2735 permanere,
921 2665 953 2715 et
970 2651 1229 2736 conjunctionem
1244 2652 1338 2725 hanc,
1355 2673 1442 2736 quae
1458 2651 1536 2715 inter

344 2780 380 2824 se
398 2772 430 2824 et
445 2760 556 2825 fideles
574 2760 724 2836 obtineat,
742 2783 815 2827 esse
832 2762 936 2836 talem,
954 2762 1054 2847 qualis
1070 2762 1154 2826 iuter
1171 2760 1267 2826 vitem
1284 2773 1317 2825 et
1330 2760 1482 2845 palmites
1494 2762 1535 2825 in·

344 2872 496 2944 tercedat,
512 2870 532 2934 i.
550 2893 577 2934 e.
595 2872 750 2936 stabiliter
781 2886 1031 2956 permanentem.
1072 2871 1235 2936 stabiliter
1267 2892 1407 2941 manens
1436 2871 1536 2958 itaque

344 2980 438 3043 etiam
455 3002 528 3045 esse
546 2983 641 3046 debet
657 2982 762 3068 gratie
772 2981 971 3066 justifiam,
1005 3003 1065 3067 qua
1085 2981 1160 3045 unio
1185 3004 1256 3045 eum
1272 2982 1342 3044 Deo
1360 2980 1536 3064 perficitur.

345 3090 414 3153 Nee
432 3113 495 3153 non
513 3091 601 3154 illud:
625 3097 739 3176 Aqua,
759 3117 856 3176 qnam
877 3117 933 3171 epo
947 3098 1031 3155 dado
1050 3099 1091 3172 et,
1107 3099 1166 3174 fiet
1180 3100 1223 3155 in
1239 3115 1279 3154 eu
1295 3098 1395 3171 fons
1414 3114 1537 3175 aquae

343 3204 534 3264 salientis
565 3211 599 3264 in
620 3211 719 3265 uitam
741 3203 953 3280 aeternarffl).
992 3203 1080 3264 Fons
1097 3200 1180 3264 enim
1203 3200 1264 3264 iste
1282 3200 1358 3264 nihil
1379 3201 1464 3266 aliud
1482 3213 1535 3274 est,

343 3331 435 3397 quam
451 3311 556 3397 gratia
571 3311 746 3385 vilificans,
764 3332 843 3396 quae
862 3309 1046 3373 diffunditur
1069 3331 1127 3393 per
1149 3309 1304 3394 Spiritum
1327 3312 1361 3376 S.
1385 3309 1419 3373 iu
1438 3309 1536 3375 sordi·

342 3593 372 3650 p.
394 3565 455 3630 181
475 3590 499 3629 s.
526 3569 575 3627 uhi
599 3569 723 3646 legitur:
755 3571 814 3627 Est
834 3575 931 3628 autem
954 3568 1068 3646 pratia,
1086 3571 1336 3644 quemadmodum
1357 3570 1537 3630 Tridentino

342 3660 486 3738 Synodns
502 3663 539 3719 nl>
557 3659 692 3718 mnibus
709 3662 899 3733 eredendum,
916 3680 1014 3738 poena
1030 3660 1229 3719 anathematis
1240 3661 1426 3742 proposita,
1444 3666 1536 3721 deere-

343 3752 393 3825 ait,
410 3770 471 3808 non
486 3752 598 3820 solnm,
620 3769 676 3827 per
691 3771 781 3826 qnam
798 3759 991 3826 peccatoram
1006 3751 1048 3828 fit
1062 3751 1211 3823 remissio,
1228 3753 1280 3810 sed
1297 3751 1410 3811 diuina
1427 3753 1536 3829 qnali-

344 3851 399 3902 tas
415 3841 450 3900 in
465 3840 569 3900 anima
594 3833 811 3916 inhaerens,
838 3864 874 3901 aa
898 3843 991 3902 veluti
1022 3846 1204 3918 splendor
1235 3842 1391 3917 quidam
1413 3851 1447 3903 et
1473 3848 1536 3912 las,

343 3955 419 4010 qnae
435 3933 607 3992 animarum
622 3939 796 3993 nostrarum
811 3937 947 3993 maculas
964 3954 1063 3994 amnes
1080 3937 1161 4004 delet,
1179 3934 1307 4008 ipsaque
1322 3935 1453 3995 animas
1468 3938 1536 4014 pal·

343 4024 515 4086 ebriores
532 4033 564 4083 et
579 4024 866 4100 splendidiores
889 4024 1139 4087 reddit-Huic
1155 4032 1252 4084 autem
1268 4025 1403 4084 additur
1418 4027 1537 4088 matth·

343 4117 438 4176 simus
455 4116 587 4175 omnium
602 4116 789 4174 virtutum
806 4116 974 4188 comitatus,
993 4116 1118 4193 quaein
1134 4116 1266 4175 animam
1284 4137 1353 4175 enm
1369 4119 1479 4193 pratia
1498 4117 1537 4176 di·

344 4207 456 4266 vinitas
473 4207 510 4264 in
510 4208 735 4284 funduntur.
760 4241 800 4250 -
830 4207 1086 4276 Quemadmodum
1101 4206 1196 4283 ipitnr
1212 4229 1231 4266 a
1247 4207 1347 4285 eapite
1365 4209 1416 4268 ais
1433 4215 1536 4276 manat,

344 4320 404 4375 qna
425 4298 563 4375 sinpnlae
583 4297 724 4373 eorporis
741 4305 848 4372 partes
870 4302 911 4358 ad
925 4299 1074 4374 proprias
1085 4299 1262 4376 functiones
1284 4306 1355 4373 apte
1381 4321 1537 4377 exaeques

280 4393 286 4405 “
344 4394 400 4450 das
416 4397 587 4461 moventem
604 4389 648 4448 ita
664 4388 753 4449 etiam
769 4410 805 4448 ese
823 4389 941 4449 Christi
957 4390 1088 4450 Domini
1102 4389 1290 4467 plenitudine
1306 4390 1342 4448 in
1361 4391 1540 4467 omnesqui

335 4481 556 4560 justificantur,
575 4481 706 4540 divina
721 4481 846 4539 virtus
863 4489 896 4540 et
908 4481 1036 4558 pratia
1052 4480 1311 4561 diffunditur,
1328 4503 1415 4558 qnae
1430 4505 1486 4544 nus
1501 4484 1539 4542 ad

344 4573 470 4632 omniu
511 4572 755 4632 Christianae
789 4571 955 4646 pietatis
995 4572 1139 4650 officia
1177 4571 1321 4631 habiles
1357 4576 1475 4636 reddit.
1503 4609 1537 4620 -

454 4668 481 4740 ¹)
498 4665 584 4721 Rom.
603 4661 634 4735 5,
653 4660 703 4724 19,
721 4699 762 4707 -
781 4663 807 4742 ²)
824 4662 915 4727 Joan.
935 4659 987 4734 15,
1005 4660 1102 4724 4-5.
1130 4663 1175 4727 Of.
1194 4660 1246 4735 14,
1265 4661 1320 4725 23.
1342 4701 1389 4711 -
1412 4667 1440 4745 ³)
1456 4667 1537 4727 Joau

344 4750 376 4826 4,
396 4751 446 4816 14.
480 4752 524 4813 et.
544 4750 574 4838 7,
591 4751 733 4816 38-39.
751 4755 904 4816 Hieron.
929 4757 970 4813 In
986 4757 1029 4815 Is.
1049 4775 1073 4817 e.
1090 4756 1140 4814 55.
1159 4759 1187 4819 1.
1213 4752 1295 4834 Opp.
1313 4757 1356 4818 Τ.
1376 4755 1411 4821 4,
1429 4781 1454 4823 e.
1471 4754 1536 4821 643.
