3775 5625
358 376 425 447 250

356 565 532 628 persona
547 543 608 609 uni
618 568 657 617 03
673 542 718 609 ita
732 557 767 609 ut
781 546 861 609 haec
876 543 975 609 Verbi
992 543 1089 609 divini
1105 565 1254 630 persona,
1271 568 1352 631 quae
1363 549 1465 612 habet
1477 548 1555 615 inde

356 654 395 718 ab
412 667 544 719 aeterno
561 653 724 738 proprium
741 666 887 717 naturam
905 653 1053 728 divinam,
1070 653 1131 718 sibi
1146 654 1179 718 in
1195 668 1341 739 tempore
1352 678 1485 743 quoque
1500 679 1557 724 as-

356 764 508 829 sumserit
528 764 692 848 propriam
713 776 858 828 naturam
879 765 1058 837 humanam,
1081 784 1161 848 quae
1177 761 1301 854 eadem,
1317 754 1419 850 prout
1433 766 1589 854 muna,

354 894 469 957 perse
491 873 629 938 exsistat
652 894 711 937 seu
732 872 898 937 subsistat.
945 874 988 936 Et
1010 872 1136 957 quidem
1160 874 1220 938 sub
1237 874 1465 942 incarnatione
1487 889 1589 960 tan-

354 982 439 1046 actio
462 982 515 1046 illa
536 980 650 1056 divina,
671 1002 733 1067 qua
750 995 863 1046 natura
878 984 1016 1047 humana
1032 981 1151 1047 Christi
1166 981 1198 1045 in
1215 983 1370 1050 unitatem
1385 1007 1589 1072 personaQ

353 1092 452 1156 Verbi
474 1092 597 1156 divinae
618 1104 759 1157 assumta
781 1105 840 1167 θεῖ,
862 1113 956 1177 quarn
972 1104 1074 1157 status
1090 1092 1163 1157 inde
1182 1106 1283 1169 ortus,
1300 1093 1437 1178 proprie
1454 1094 1589 1184 uniq

353 1202 610 1286 hypostatica
627 1203 741 1276 dictus,
757 1201 954 1289 intelligitur.
983 1244 989 1254 ι

460 1311 542 1376 Hinc
558 1333 599 1375 ex
615 1324 721 1377 mente
731 1312 898 1377 Ecclesiae
916 1312 1096 1376 incarnatio
1113 1334 1178 1376 non
1194 1326 1245 1377 est
1261 1335 1304 1378 ex
1320 1335 1385 1378 nna
1400 1326 1496 1397 parte
1508 1323 1589 1405 Q

352 1422 452 1486 terius
468 1432 600 1485 naturae
616 1420 648 1484 in
666 1421 799 1485 alteram
819 1421 1002 1495 conversio,
1022 1420 1067 1485 ita
1087 1433 1122 1485 ut
1138 1422 1287 1487 divinitas
1309 1422 1353 1486 sit
1368 1422 1585 1514 ltumanitq⁸

352 1543 384 1595 et
398 1528 577 1595 humanitas
598 1529 641 1594 sit
657 1529 822 1604 divinitas,
843 1550 945 1615 neque
963 1542 1014 1593 est
1040 1530 1204 1616 utriusque
1222 1544 1355 1596 naturae
1372 1531 1406 1595 in
1422 1532 1569 1618 tertiam

352 1638 487 1725 aliquant
503 1639 720 1714 commutatio,
736 1639 780 1703 ita
797 1652 830 1703 ut
844 1638 1025 1704 humanitas
1041 1660 1060 1703 a
1077 1639 1250 1715 divinitate,
1270 1640 1375 1704 instar
1398 1652 1555 1725 corporis

351 1750 390 1813 ab
408 1748 512 1813 anima
527 1748 685 1823 rationali,
701 1748 903 1823 informetur,
920 1760 954 1813 et
971 1771 1043 1813 cum
1059 1748 1141 1833 ipsa,
1157 1762 1192 1813 nt
1208 1771 1329 1836 corpus
1353 1772 1427 1814 cum
1445 1750 1542 1824 anima

351 1869 495 1921 naturam
526 1858 705 1932 humanam,
736 1871 882 1922 naturam
913 1856 1109 1942 peculiarem
1141 1857 1259 1924 Christi
1276 1859 1466 1932 constituam
1487 1866 1536 1927 sed

351 1966 493 2051 quamvis
510 1966 658 2032 Christus
675 1966 718 2031 sit
733 1989 827 2041 unus,
851 1967 872 2031 i.
889 1988 916 2031 θ.
940 1988 1002 2031 una
1018 1988 1169 2051 persona,
1186 1980 1219 2032 et
1234 1967 1309 2033 hinc
1325 1991 1409 2034 unus
1425 1981 1528 2037 tantun

351 2096 500 2160 operans,
516 2089 622 2140 tamen
639 2076 759 2160 inipso
777 2076 883 2140 adsint
898 2077 980 2139 duae
997 2088 1141 2151 naturae,
1158 2056 1263 2143 divina
1279 2090 1313 2141 et
1333 2062 1478 2154 bumana,
1490 2078 1525 2142 in·

352 2198 474 2273 terrae,
500 2187 642 2272 duaeque
663 2188 824 2252 naturales
844 2188 1025 2272 voluntates
1042 2200 1075 2251 et
1090 2186 1309 2272 operationes,
1325 2200 1425 2271 prout
1441 2200 1471 2252 et
1483 2188 1525 2252 du·
1587 2221 1589 2242 ι

350 2296 426 2379 plex
440 2296 621 2361 intellectus
638 2308 669 2360 et
687 2298 768 2360 duae
785 2297 1020 2362 intellectiones
1037 2317 1096 2361 seu
1114 2296 1328 2383 cognitiones.

453 2407 504 2469 Ex
516 2399 622 2470 'altera
637 2427 716 2470 vero
732 2419 824 2490 parte
846 2408 1024 2471 secundum
1046 2405 1226 2482 doctrinam
1241 2405 1412 2471 Ecclesiae
1428 2405 1524 2472 Catho-

349 2514 429 2579 licae
450 2537 514 2578 non
539 2528 590 2579 est
611 2515 791 2580 incarnatio
813 2518 966 2581 duntaxat
988 2516 1223 2599 conjunctio
1248 2515 1424 2582 divinitatis
1440 2516 1524 2581 ethu-

349 2622 509 2688 manitatis
530 2636 707 2699 externa,
730 2625 775 2688 ita
790 2638 826 2689 nt
844 2625 897 2688 illa
917 2624 950 2687 in
966 2625 1027 2689 hac
1043 2625 1129 2688 velut
1154 2646 1214 2689 suo
1237 2626 1355 2710 templo
1377 2624 1524 2698 inhabitet,

347 2734 397 2797 vel
416 2754 485 2797 eam
502 2733 603 2799 instar
620 2734 801 2799 vestimenti
822 2734 963 2799 induerit
989 2755 1047 2798 seu
1068 2736 1156 2799 velut
1179 2734 1402 2800 indumentum
1418 2754 1521 2800 assum·

348 2843 428 2909 serit
444 2845 645 2930 (conjunctio
661 2841 726 2904 κατ’
744 2844 898 2923 ἐνοίκησιν,
914 2840 1031 2904 ἔνδυσιν
1047 2866 1107 2910 seu
1123 2839 1298 2926 ἀνάληψιν),
1315 2847 1374 2911 sed
1390 2859 1439 2911 est
1452 2864 1525 2910 vera

350 2967 483 3019 naturae
501 2954 626 3020 divinae
643 2969 676 3020 et
690 2957 845 3020 humanae
862 2954 969 3029 unio,
990 2949 1105 3029 ἕνωσιςς
1132 2976 1235 3040 neque
1257 2968 1309 3020 est
1329 2956 1406 3022 unio
1422 2968 1522 3021 mutim

346 3064 625 3138 affectionalis,
638 3065 658 3130 i.
669 3067 882 3130 esecundum
894 3063 1042 3129 affectum
1055 3077 1088 3129 et
1105 3064 1329 3148 operationem
1338 3063 1415 3148 (κατ’
1428 3061 1524 3131 rubrus

347 3176 399 3236 nul
413 3176 579 3257 ἐνέργειαν),
593 3176 637 3241 ita
654 3189 688 3240 ut
702 3177 734 3239 ln
752 3177 821 3240 sola
838 3174 1009 3239 efficientia
1019 3174 1117 3239 Verbi
1129 3174 1225 3238 divini
1241 3175 1273 3238 in
1290 3175 1389 3241 lilium
1400 3170 1522 3262 Virginis

344 3290 555 3376 pergratiam
573 3303 606 3354 et
620 3286 865 3374 inspirationem
881 3256 1049 3358 consistat,
1067 3285 1125 3347 sed
1142 3297 1194 3348 est
1209 3283 1283 3349 unio
1302 3286 1396 3350 subs
1407 3281 1522 3349 tantia·

345 3399 411 3475 lis,
428 3401 472 3465 ita
484 3414 518 3464 ut
534 3403 613 3465 dnae
631 3409 772 3470 naturae,
784 3394 890 3459 divina
902 3395 956 3459 eth
966 3413 1082 3458 amana
1091 3395 1194 3480 quoad
1211 3394 1315 3480 ipsam
1332 3392 1523 3459 substantiam

344 3508 427 3573 inter
446 3509 583 3573 invicem
595 3508 754 3580 uniantur,
769 3518 863 3590 atque
884 3505 985 3568 altera
1001 3505 1131 3567 alteram
1146 3503 1323 3587 possideat,
1342 3506 1473 3568 hutnana
1485 3499 1520 3564 di·

344 3619 437 3682 vinae
453 3631 485 3682 et
502 3617 607 3681 divina
621 3618 775 3681 humanae
792 3614 926 3699 propria
941 3614 998 3686 sit;
1017 3634 1119 3698 neque
1137 3614 1264 3678 tandem
1281 3614 1358 3678 unio
1375 3613 1522 3695 utriusque

346 3726 543 3792 substantiae
567 3748 625 3811 per
646 3747 682 3790 se
703 3724 891 3790 exsistentis
913 3737 964 3789 est
995 3725 1150 3789 duntaxat
1170 3724 1333 3789 moralis
1358 3744 1416 3789 sen
1441 3721 1521 3786 rela-

345 3836 442 3909 tiva,
464 3830 542 3896 uerri
564 3830 675 3916 σχέσιν,
696 3835 739 3899 ita
762 3847 796 3899 ut
814 3835 914 3899 Filius
935 3833 996 3898 Dei
1022 3855 1095 3898 cum
1115 3832 1180 3898 filio
1198 3833 1338 3898 bominis
1356 3845 1524 3920 perpetuam

345 3946 428 4010 vitae
445 3946 636 4012 societatem
652 3944 776 4020 inierit,
792 3944 853 4009 sibi
870 3943 970 4008 filiurn
986 3943 1123 4008 hominis
1141 3944 1232 4030 quasi
1255 3944 1415 4009 connubio
1428 3946 1525 4030 jume-

345 4056 389 4120 rit
404 4077 558 4142 suumque
575 4055 730 4131 effecerit,
746 4068 778 4119 θῖ
793 4054 868 4120 hinc
885 4053 981 4119 etiam
998 4040 1074 4118 suae
1098 4053 1262 4142 dignitatis
1288 4066 1320 4118 et
1343 4050 1528 4120 auctoritatis

344 4166 532 4251 participem
542 4163 727 4239 reddiderit,
738 4177 832 4250 atque
842 4162 925 4228 filius
939 4162 1079 4228 hominis
1091 4162 1151 4227 Dei
1161 4163 1259 4230 Filius
1269 4177 1408 4231 vocetur
1419 4178 1452 4231 et
1462 4176 1529 4230 tam·

343 4298 436 4363 quam
451 4275 548 4341 Filius
564 4275 624 4341 Dei
641 4277 802 4348 adoretur,
824 4286 962 4339 attamen
978 4295 1043 4337 non
1054 4286 1176 4339 tantum
1186 4297 1250 4338 non
1267 4288 1406 4361 propter
1419 4298 1475 4351 se,
1490 4295 1534 4340 ue·
1587 4282 1589 4307 ¹

343 4409 415 4452 rum
436 4385 531 4451 etiarn
548 4409 612 4451 non
629 4385 661 4450 in
682 4406 718 4451 se
733 4436 742 4461 ,
759 4383 864 4450 sedin
881 4405 919 4447 eo
937 4396 1058 4448 etcum
1075 4405 1133 4459 eo,
1170 4406 1189 4449 a
1213 4407 1274 4471 quo
1298 4401 1471 4454 assumtus
1496 4387 1540 4461 sit,

347 4499 405 4562 sed
427 4508 479 4560 est
499 4494 574 4559 urrio
597 4509 729 4562 naturae
745 4496 901 4559 humanae
920 4506 952 4558 et
969 4493 1092 4559 divinae
1109 4495 1146 4559 in
1167 4517 1246 4560 una
1261 4517 1450 4580 persona
1464 4500 1542 4586 phy-

344 4606 437 4680 sica,
452 4626 624 4690 persona
638 4603 916 4670 videlicetVerhi
933 4603 1076 4686 divina,
1091 4605 1469 4689 itautnaturanumana,
1480 4633 1546 4699 pro·

342 4712 414 4799 prid
429 4714 590 4789 destituta,
608 4715 647 4778 ad
663 4715 802 4779 divinam
811 4714 909 4777 Verbi
926 4713 1168 4784 subsistentiam
1184 4715 1226 4780 sit
1242 4730 1403 4796 assumta,
1422 4734 1457 4788 et
1481 4722 1549 4789 ideo

343 4821 534 4900 substantia,
551 4843 629 4914 quae
645 4844 704 4911 per
720 4844 756 4891 se
772 4821 933 4890 exsistere
948 4837 1072 4908 posset,
1090 4825 1220 4896 adesse
1236 4824 1377 4897 alterius
1395 4832 1552 4902 trahatur.
