3775 5625
1430 434 1497 502 tlt

328 613 431 663 'acce
441 620 618 682 per-apen
626 600 727 676 dum,
746 605 1067 678 repraesentaretur,
1087 595 1303 661 Sacerdotem
1317 603 1498 663 nomon

328 710 452 773 'dinen
467 711 708 773 Melchisedech
731 728 769 770 ee
792 714 827 769 tn
848 715 1017 771 aeternum
1033 714 1244 771 consumtum
1260 711 1496 790 declarantem,

328 839 427 900 me
441 829 476 883 et
488 827 680 899 sanquinem
696 838 792 881 mm
807 819 872 880 sub
886 820 1056 899 specubus
1068 823 1166 899 portis
1182 824 1292 881 etvini
1310 819 1380 881 Dee
1397 822 1498 882 Pam

328 929 465 991 'atulam
475 932 511 1008 ¹).

392 1038 477 1102 D.1d
489 1038 593 1123 ipsum
605 1048 711 1101 autem
726 1034 802 1099 item
814 1037 881 1119 jam
893 1055 935 1100 ex
950 1034 1021 1119 ipsa
1037 1048 1140 1099 morte
1153 1034 1272 1101 Christi
1289 1036 1452 1120 probatur,
1469 1036 1497 1100 si

328 1164 383 1210 rae
400 1145 435 1210 in
450 1167 489 1212 ea
504 1146 705 1219 acciderunt,
730 1144 937 1210 conserantur
954 1166 1028 1210 cum
1042 1144 1094 1219 iis,
1119 1165 1200 1230 quae
1220 1145 1261 1214 ed
1274 1144 1379 1214 ideam
1397 1145 1496 1210 sacri·

328 1253 369 1318 cii
394 1255 610 1341 requiruntur.
649 1255 710 1317 Est
733 1252 817 1318 enim
841 1252 1083 1318 sacr-isicium
1108 1275 1148 1317 ex
1173 1254 1334 1318 communi
1357 1254 1497 1319 omnium

328 1384 470 1429 onsensu
502 1362 653 1429 oblatio
684 1362 740 1427 rei
772 1375 977 1438 externae,
1009 1384 1055 1428 ex
1078 1384 1226 1451 summa
1255 1364 1497 1438 reverentia,

327 1494 370 1538 er
387 1474 499 1561 iliius
517 1472 853 1566 destructionem,¹
881 1485 948 1538 aut
978 1473 1095 1537 aliam
1111 1472 1279 1537 similem
1296 1473 1498 1549 actionem,

327 1602 487 1647 ummam
518 1585 617 1648 hanc
647 1580 912 1647 reverentiam
942 1603 1002 1647 seu
1032 1581 1202 1668 supremi
1224 1582 1384 1647 dominii
1410 1604 1496 1668 pro·

328 1692 517 1759 >saionem
555 1694 841 1766 declarantem,
873 1692 952 1756 Deo
984 1693 1141 1771 factm),
1181 1691 1263 1757 sive
1300 1694 1345 1756 ad
1376 1692 1497 1757 Deum

327 1802 535 1867 .udandum
551 1824 594 1867 ac
611 1803 904 1876 celebrandum,
928 1794 1011 1867 sive'
1034 1803 1080 1866 ad
1101 1800 1252 1889 gratias
1275 1801 1353 1887 ipsi
1381 1822 1495 1890 agen·

327 1930 387 1986 us,
408 1913 492 1976 sive
514 1913 560 1976 ad
592 1931 692 1975 nova
711 1910 956 1996 impetranda
981 1910 1192 1986 beneficia,
1219 1910 1306 1975 siva
1327 1911 1495 1997 denique

327 2020 483 2106 'ipsum
508 2020 620 2085 nobis
643 2020 861 2107 propitium
888 2022 1141 2096 reddendum,
1163 2020 1183 2085 i.
1210 2042 1237 2085 e.
1259 2022 1298 2085 ad
1325 2019 1491 2085 remissio·

327 2147 375 2194 arn
393 2142 601 2216 peccatorum
626 2129 827 2218 gratiamque
852 2129 991 2194 divinam
1013 2129 1253 2215 impetrandam.
1295 2130 1497 2215 Quapropter

353 2239 508 2305 sacrificia
524 2238 740 2326 quadruplicis
760 2238 893 2327 generis
918 2238 1173 2327 distinguuntur,
1205 2230 1320 2324 nempe
1351 2240 1494 2304 latreu-

327 2369 394 2424 ει,
419 2348 702 2423 eucharistica,
730 2348 1003 2433 impetratoria
1032 2360 1073 2413 ct
1105 2347 1404 2434 propitiatoria.
1444 2351 1493 2415 Ad

326 2475 394 2524 nne
410 2458 605 2524 sacrificium
620 2459 727 2545 itaque
743 2458 931 2545 requiritur:

408 2570 435 2633 l.
453 2590 507 2633 res
524 2582 669 2645 externa,
687 2589 768 2656 quae
784 2567 949 2643 offeratur,
966 2588 1024 2632 seu
1039 2568 1186 2641 hostia;
1205 2580 1299 2654 atquo

403 2679 433 2743 2.
451 2678 547 2753 actio,
565 2699 625 2765 qua
642 2699 702 2742 nos
720 2677 823 2742 hostia
841 2677 1013 2761 privamus,
1031 2689 1063 2741 et
1078 2698 1148 2741 eam
1164 2678 1235 2742 Deo
1253 2696 1494 2752 consecramus,

326 2788 525 2864 lmolatio,
557 2811 637 2875 quae
668 2788 713 2853 ita
737 2800 922 2874 comparata
962 2786 1004 2852 sit
1042 2807 1179 2852 necesse
1203 2798 1264 2862 est,
1295 2800 1330 2852 ut
1360 2808 1430 2853 eam
1454 2788 1494 2851 ad

326 2915 401 2963 eum
426 2921 613 2984 supremum
639 2919 747 2963 rerum
772 2898 944 2963 Dominum
960 2896 1075 2962 referri
1093 2909 1209 2982 pateat,
1225 2898 1490 2983 quemadmodum

344 3028 393 3094 gr.
409 3009 441 3072 in
458 3008 506 3072 rei
523 3007 744 3073 destructione
760 3007 898 3082 obtinet,
921 3027 984 3092 qua
999 3018 1151 3071 testatum
1167 3005 1320 3081 sacimas,
1345 3027 1406 3070 nos
1423 3019 1494 3070 rem‘

326 3115 436 3182 »latam
459 3117 651 3192 initiens,
683 3119 722 3182 ad
746 3139 839 3203 quem
864 3118 981 3191 relata,
1008 3115 1115 3181 omnia
1130 3114 1260 3179 nihilum
1279 3128 1368 3190 sunt,
1385 3136 1496 3180 eoram

326 3242 365 3288 to
379 3238 412 3291 ut
426 3226 459 3291 in
480 3226 610 3291 nihilum
626 3227 821 3314 redigamur,
839 3225 982 3311 peccatis
998 3225 1245 3310 promeruimus,
1262 3236 1355 3312 atque
1373 3225 1423 3290 cui
1439 3246 1495 3289 res

327 3350 360 3396 a
371 3336 443 3400 nulli
459 3335 533 3400 usui
548 3356 622 3400 esse
639 3348 755 3420 potest.

411 3447 499 3511 Haec
515 3447 555 3510 ad
570 3445 745 3510 essentiam
771 3444 922 3510 sacrificii
945 3443 1121 3529 pertinent,
1146 3464 1206 3509 nec
1222 3444 1322 3528 plura,
1343 3464 1404 3508 nec
1420 3464 1495 3530 pau·

329 3570 401 3631 ota,
432 3556 477 3620 ita
508 3568 552 3630 ut,
584 3555 638 3619 ubi
668 3555 721 3620 ida
753 3555 921 3630 adfuerint,
953 3553 1148 3620 sacrificium
1179 3574 1304 3640 quoque
1329 3553 1411 3618 adsit
1441 3576 1495 3619 ne·

325 3675 395 3729 asse
411 3678 471 3730 est.

346 3788 352 3796 ·
408 3775 443 3838 si
461 3787 567 3839 autem
585 3775 831 3839 consideramus
849 3786 986 3839 mortem
1003 3771 1143 3838 Christi:
1176 3774 1269 3839 adest
1283 3793 1338 3837 res
1354 3787 1496 3850 externa,

326 3871 452 3948 *hristus
466 3885 549 3968 ipse,
566 3905 621 3949 res
638 3883 768 3948 omnino
785 3882 1037 3969 pretiosissima,
1061 3881 1112 3968 qui
1120 3894 1254 3972 sponte,
1272 3904 1336 3946 non
1353 3896 1495 3958 coactus,

325 3977 397 4056 ihm
413 4015 505 4059 suam
522 3995 644 4070 obtulit,
662 3996 753 4079 cujus
769 3995 945 4080 perfectum
957 3995 1094 4058 habebat
1105 3991 1289 4067 dominium,
1306 4014 1379 4057 cum
1389 4015 1495 4070 nemo,

325 4092 425 4182 tipse
447 4116 599 4178 testatur,
632 4105 759 4169 tolleret
785 4097 856 4169 eam
879 4125 899 4169 a
919 4123 973 4177 se,
997 4103 1054 4166 sed
1076 4102 1147 4187 ipse
1164 4100 1308 4186 posuerit
1324 4102 1408 4167 illam
1424 4123 1442 4167 a
1458 4124 1495 4168 se

325 4217 420 4291 t⁸0³).
467 4211 589 4276 Deinde
612 4213 760 4279 Christus
782 4212 894 4277 effudit
918 4223 1025 4276 morte
1047 4210 1174 4297 quidem
1192 4209 1367 4287 liberrima,
1384 4225 1436 4277 ast
1451 4212 1492 4277 ei·

325 4333 586 4367 κ...-

412 4423 442 4491 1)
457 4417 539 4478 Sese.
558 4421 606 4476 22.
624 4436 649 4476 o.
667 4419 696 4476 1.
713 4415 757 4477 cf.
777 4436 802 4479 a.
819 4413 851 4478 2.
868 4415 951 4478 Sese.
969 4418 997 4478 6.
1016 4435 1040 4475 o.
1060 4420 1088 4480 7.
1112 4451 1156 4462 -
1184 4410 1212 4499 2)
1230 4413 1275 4477 Of.
1291 4414 1492 4496 Angustia.

325 4506 339 4546 ’θ
356 4506 421 4569 cto.
445 4510 485 4566 D.
502 4509 521 4568 l.
540 4511 590 4567 10.
607 4528 632 4570 a.
649 4510 690 4569 4..
706 4507 784 4588 Opp.
803 4503 842 4572 Τ.
861 4504 891 4569 ἵ.
909 4528 933 4568 c.
952 4503 1029 4569 241.
1064 4543 1106 4554 -
1142 4504 1493 4587 ³)J0an.10,18.ct

335 4579 416 4686 (Jor.
434 4594 464 4671 8,
482 4597 511 4659 9.
544 4598 623 4660 Phil.
639 4595 669 4672 8,
685 4594 784 4659 5-8.
801 4599 842 4660 Is,
858 4593 912 4669 53,
931 4595 961 4659 7.
977 4598 1085 4662 Matth.
1102 4595 1157 4671 26,
1175 4595 1229 4662 53.
1262 4598 1428 4662 Ambros.
1445 4601 1493 4658 De

324 4686 389 4745 Μ.
407 4687 439 4748 S.
456 4691 475 4748 l.
494 4692 522 4750 1.
540 4710 564 4749 c.
584 4692 633 4749 12.
650 4710 680 4749 n.
698 4692 762 4750 128
777 4709 802 4748 s.
821 4689 900 4770 Opp.
920 4683 958 4751 T.
977 4685 1009 4751 2.
1027 4710 1051 4751 e.
1069 4685 1134 4751 626
1152 4710 1175 4751 s.
1190 4691 1237 4750 De
1245 4687 1305 4766 fid.
1324 4691 1342 4751 l.
1360 4691 1389 4751 4.
1403 4709 1427 4750 o.
1442 4690 1492 4752 10.

324 4769 416 4924 :1820
431 4799 455 4842 e.
471 4780 518 4844 ΙΙ).
536 4801 561 4844 c.
577 4777 654 4843 543.
672 4779 873 4862 Angustia.
889 4783 939 4841 Dc
959 4780 1070 4843 Trinit.
1094 4781 1113 4843 l.
1130 4783 1160 4842 4.
1178 4800 1204 4846 o.
1222 4782 1272 4844 13.
1289 4800 1319 4842 n.
1340 4782 1391 4845 16.
1409 4781 1507 4866 Opp.'

329 4893 336 4910 ·
386 4867 529 4937 .0.820.
1024 4883 1032 4893 ‘
