3775 5625
356 421 423 489 434

357 590 472 653 uuanda
485 585 709 673 justificamur,
726 597 818 672 atque
830 586 989 671 justitiam
1012 584 1171 650 induendo
1189 608 1308 649 novum
1324 583 1485 649 homiuem
1497 584 1537 650 iu·
1557 661 1559 666 ¹

356 698 494 773 duimns,
509 710 716 782 veteremque
728 697 885 762 exuimus.
902 696 985 762 Alibi
999 695 1085 771 dicit,
1096 696 1242 785 gratiam,
1257 717 1319 783 qua
1323 695 1538 781 justificamur,

355 829 431 871 esse
442 829 523 881 eam,
534 830 599 890 qua
615 815 764 870 eruimur
782 811 821 869 de
833 815 996 888 potestate
1012 811 1235 887 tenebrarum,
1254 813 1338 869 utin
1354 829 1429 869 earn
1443 804 1536 887 (Chri-

355 922 455 994 stum)
473 920 666 996 credamus,
695 927 792 999 atoue
812 930 846 979 in
863 938 996 995 reanum
1013 924 1118 997 ipsias
1135 922 1408 996 transferamur,
1441 953 1484 964 —
1511 923 1537 977 et

355 1047 420 1107 aaa
433 1029 686 1105 diffunditur
704 1030 890 1087 charitas
905 1034 944 1088 in
961 1028 1151 1088 cordibae
1166 1029 1535 1107 nostris,atlidesper

355 1138 559 1197 dilectionem
568 1144 722 1216 operetur
733 1137 770 1210 ¹).
788 1133 847 1198 Ubi
858 1134 1025 1199 manifeste
1041 1138 1074 1199 S.
1087 1137 1183 1199 Pater
1193 1135 1330 1222 gratiam
1342 1132 1532 1218 justificatio·

354 1244 404 1308 nis
421 1243 587 1308 constituit
602 1244 633 1308 in
650 1244 842 1309 remissione
860 1256 1081 1329 peccatorum,
1104 1257 1136 1309 et
1156 1245 1189 1309 iu
1205 1244 1367 1309 infusione
1383 1242 1532 1316 virtutum,

352 1352 427 1417 fidei
449 1354 641 1437 praesertim
664 1366 696 1418 et
727 1354 908 1428 charitatis3
941 1356 1209 1440 quemadmodum
1229 1354 1258 1419 id
1276 1346 1384 1438 ipsum
1400 1354 1433 1416 in
1449 1374 1532 1434 opere

352 1485 413 1525 suo
446 1468 638 1544 imperfecto
670 1473 787 1528 contra
820 1466 995 1527 datianum
1016 1464 1125 1529 verbis
1148 1461 1285 1528 definitis
1307 1462 1434 1531 effatur.
1457 1464 1531 1525 Noa

349 1595 424 1654 per
439 1575 566 1636 solam
572 1620 584 1653 ,
602 1572 713 1658 inquit,
727 1584 979 1656 peccatorum
995 1579 1272 1637 dimissionem
1278 1579 1301 1652 j
1307 1578 1529 1653 ustificatio

350 1690 430 1744 ista
462 1689 693 1764 consertar,
727 1692 793 1747 nisi
815 1688 1009 1748 auctoribus
1031 1688 1131 1748 vobis.
1173 1686 1404 1764 Justisicat
1429 1688 1530 1765 quippe

352 1799 485 1872 impiam
516 1795 625 1873 Deus,
648 1816 723 1857 non
739 1798 872 1858 solnm
889 1798 1141 1875 dimittendo,
1164 1817 1248 1877 qaae
1264 1797 1355 1857 rnatu
1368 1799 1467 1874 facit,
1485 1794 1532 1853 sed

351 1911 448 1965 etiam
472 1908 653 1967 donando
677 1910 932 1984 charitatem,
957 1914 996 1967 nt
1010 1908 1149 1968 declinet
1164 1929 1185 1968 a
1201 1907 1287 1967 maio
1310 1913 1343 1966 et
1355 1908 1467 1983 sanat
1480 1905 1529 1963 bo-

350 2034 427 2074 nam
440 2036 501 2093 per
518 2014 680 2095 Spiritum
698 2015 734 2077 S.
744 2016 782 2093 ²).
807 2018 910 2100 Atque
925 2035 1055 2079 rursus:
1072 2016 1231 2093 Lepimns
1246 2018 1488 2093 justificari
1504 2017 1529 2072 in

354 2122 506 2202 Obristo,
530 2131 585 2205 qui
607 2128 747 2187 credant
763 2132 797 2186 in
818 2134 908 2202 enirn,
924 2133 1091 2204 propter
1115 2126 1311 2186 occultam
1328 2128 1528 2186 commani-

350 2238 546 2293 cctionem
578 2242 616 2295 et
646 2240 956 2313 inspirationem
985 2241 1145 2311 pratiae
1176 2235 1433 2314 spiritualis,
1467 2252 1530 2315 aaa

349 2349 530 2423 quisquis
552 2348 693 2404 teneret
716 2343 899 2420 Domino,
925 2364 1026 2405 anas
1050 2350 1224 2424 spiritus
1245 2342 1351 2421 est³).
1391 2342 1466 2406 Non
1490 2350 1529 2403 cst

347 2449 453 2535 itaque
466 2449 592 2535 justitia
612 2472 654 2513 ex
676 2445 780 2516 mente
803 2451 976 2538 Augustini
996 2452 1090 2516 ischis
1110 2464 1232 2516 tautum
1257 2451 1466 2515 extrinsecus
1483 2448 1528 2513 im·

350 2572 468 2643 putata,
483 2559 681 2643 verumipsa
696 2560 797 2624 virtus
813 2560 1075 2644 supernaturalis,
1093 2584 1153 2647 qua
1168 2563 1237 2626 Deo
1256 2561 1493 2648 conjungimur,
1505 2568 1530 2621 et

349 2689 428 2754 quae
444 2667 575 2733 inclinat
591 2681 731 2733 mentem
747 2671 786 2733 ad
803 2669 985 2733 evitandum
1007 2672 1123 2735 malum
1149 2684 1180 2735 et
1197 2672 1398 2755 operandum
1414 2671 1530 2741 bonum,

348 2778 474 2865 quoties
507 2778 636 2844 occasio
669 2800 705 2844 se
738 2779 831 2844 uobis
855 2772 1021 2856 obtulerit,
1043 2803 1115 2857 seu,
1140 2794 1173 2846 ut
1192 2780 1263 2866 ipse
1279 2801 1352 2846 earu
1368 2778 1528 2846 describit:

348 2893 527 2954 ,lustitia
559 2900 634 2971 cst,
663 2900 701 2953 nt
727 2895 929 2954 obedienti
952 2894 1061 2956 Dens
1087 2898 1252 2972 bomini,
1272 2899 1437 2955 animas
1454 2913 1528 2954 cor·

343 3008 451 3081 pori,
477 3009 583 3063 ratio
607 3010 734 3063 antem
756 3010 886 3084 uitiis,
909 3011 1026 3065 etiam
1053 3007 1390 3084 repnynantibns,
1424 3012 1527 3084 impe·

346 3120 422 3190 ret,
448 3115 500 3173 oet
513 3115 691 3190 snbipendo
699 3157 710 3190 ,
729 3115 782 3174 uel
802 3117 1006 3176 resistendo:
1040 3122 1137 3196 atque
1158 3122 1196 3175 ut
1210 3116 1250 3175 ab
1268 3121 1340 3193 ipso
1358 3117 1433 3175 Deo
1447 3121 1530 3195 peta·

346 3231 401 3284 tar
418 3230 451 3283 et
465 3230 657 3285 rneritornm
671 3230 795 3301 pratia,
815 3232 848 3284 et
867 3230 962 3285 venia
979 3227 1184 3304 delictorum,
1204 3247 1243 3286 ac
1260 3227 1300 3286 de
1317 3232 1468 3305 acceptis
1482 3227 1528 3284 bo·

344 3341 398 3396 nis
416 3341 603 3411 pratiuram
635 3339 720 3393 actio
751 3335 965 3412 persolvatur
974 3332 1010 3411 ⁴).
1050 3312 1086 3395 iu
1109 3354 1169 3417 qua
1193 3329 1382 3396 definitione
1400 3329 1528 3418 justitiae

345 3594 505 3663 stitiaca,
524 3596 580 3652 noc
596 3599 640 3650 est
653 3597 777 3651 veterem
793 3592 952 3662 bominem,
971 3598 999 3650 et
1013 3590 1406 3670 induensjastitiam,
1425 3596 1477 3653 boc
1489 3593 1528 3661 ed,
1565 3596 1567 3603 '

345 3705 476 3743 nocam
491 3683 679 3745 hominem.
701 3686 784 3742 Tana
800 3690 897 3742 antem
913 3704 980 3742 cam
996 3689 1132 3758 resarpet
1147 3701 1256 3760 corpas
1273 3683 1452 3760 spirituale,
1468 3681 1529 3759 qaod

346 3775 513 3834 seminatur
529 3774 668 3845 animale,
686 3774 777 3833 etiam
792 3774 922 3834 exterior
937 3775 1086 3852 percipiet
1100 3774 1233 3833 coelestis
1244 3775 1442 3834 habitudinis
1450 3771 1528 3850 dipu-

346 3873 450 3925 tatem:
481 3872 516 3924 at
542 3871 653 3940 totum,
671 3870 751 3941 qnod
768 3873 899 3925 creatam
916 3872 968 3941 est,
985 3873 1147 3939 recreetur,
1164 3871 1315 3946 ettotam,
1332 3870 1419 3941 qnod
1428 3868 1526 3945 facua
1565 3882 1567 3887 ·

345 3963 395 4030 est,
412 3956 576 4032 reficiatur.

453 4069 478 4147 ¹)
494 4070 544 4125 De
560 4069 642 4124 haer.
660 4085 685 4125 c.
703 4069 752 4125 88.
787 4062 825 4126 T.
853 4063 882 4126 8.
900 4087 924 4126 c.
943 4063 996 4126 25.
1030 4065 1106 4126 Ocu.
1139 4068 1276 4129 Retract,
1295 4068 1316 4125 i.
1333 4071 1364 4128 2.
1384 4090 1409 4127 c.
1427 4073 1473 4130 37.
1486 4069 1522 4125 n.

344 4156 379 4217 P.
399 4155 427 4221 1.
444 4179 469 4216 ο.
487 4154 540 4218 55.
558 4154 611 4217 56.
629 4155 674 4216 cf.
692 4157 787 4216 serm.
805 4159 874 4217 169.
893 4178 917 4220 a.
935 4161 963 4216 s.
982 4178 1012 4221 u.
1029 4160 1077 4216 10.
1095 4158 1132 4216 u.
1150 4153 1180 4217 5.
1199 4153 1263 4217 813
1283 4178 1307 4217 s.
1339 4194 1389 4205 -
1418 4157 1443 4246 ²)
1458 4162 1489 4219 n.
1502 4160 1523 4215 a
1565 4144 1567 4153 '

344 4268 368 4308 c.
387 4250 457 4306 165.
475 4250 511 4308 T.
534 4245 583 4309 10.
601 4269 626 4308 c.
646 4244 742 4307 1019.
763 4284 801 4292 -
822 4253 852 4321 ³)
869 4250 920 4306 De
931 4268 1014 4322 pecc.
1032 4267 1105 4311 mer.
1124 4254 1151 4306 et
1165 4267 1236 4306 rem.
1254 4248 1273 4306 l.
1295 4252 1323 4309 1.
1344 4270 1371 4310 c.
1391 4255 1440 4311 10.
1452 4250 1522 4310 nli.

345 4339 383 4398 T.
404 4336 455 4400 10.
474 4360 500 4401 c.
519 4335 547 4400 7.
581 4375 623 4383 —-
656 4343 686 4415 ⁴)
704 4341 754 4397 De
770 4339 826 4398 civ.
842 4342 883 4398 D.
901 4341 920 4398 t.
939 4342 988 4398 19.
1007 4359 1031 4402 c.
1049 4342 1098 4399 27.
1132 4340 1169 4398 T.
1189 4335 1261 4398 Tc.
1281 4335 1521 4404 bimensus

343 4432 392 4488 De
411 4430 495 4490 Tria.
514 4432 532 4489 l.
550 4433 598 4491 15.
617 4450 641 4488 c.
659 4432 687 4490 8.
704 4450 734 4490 n.
752 4433 780 4488 4.
799 4426 838 4489 Τ.
856 4426 886 4492 8.
903 4451 927 4489 c.
948 4427 1023 4493 016.
1054 4431 1102 4488 De
1119 4429 1194 4503 spir.
1212 4435 1240 4487 et
1255 4429 1313 4490 tin.
1332 4452 1359 4493 c.
1378 4436 1427 4495 19.
1444 4453 1470 4491 a.
1483 4430 1519 4488 32.

343 4520 381 4580 Τ.
408 4518 460 4586 10.
483 4542 510 4580 c.
538 4518 600 4580 102
623 4541 648 4579 s.
683 4522 767 4582 Cant.
790 4523 867 4579 dnos
891 4541 935 4598 ep.
968 4523 1072 4596 Pebap.
1098 4523 1118 4581 b.
1137 4524 1164 4580 1.
1183 4540 1206 4578 c.
1226 4523 1277 4582 13.
1296 4542 1326 4581 n.
1346 4526 1399 4585 26.
1431 4525 1465 4582 T.
1480 4515 1516 4580 10.

343 4608 461 4673 aiii.
494 4612 809 4689 Prosper‚1iespp.
827 4614 867 4669 ad
882 4631 970 4688 capp.
989 4611 1106 4670 (riallon.
1139 4614 1334 4688 Respada.
1355 4617 1384 4674 6.
1416 4615 1514 4691 Iuopp.

342 4701 542 4779 Augustin.
575 4703 612 4761 T.
646 4699 696 4763 10.
730 4704 811 4783 App.
834 4699 952 4764 e.200.
985 4702 1104 4762 Basil.
1138 4704 1228 4762 Hom.
1245 4703 1281 4761 in
1298 4702 1331 4766 S.
1350 4707 1441 4784 Bapt.
1455 4700 1511 4763 ai.

344 4789 422 4871 Opp.
441 4793 478 4853 T.
496 4792 526 4854 2.
543 4814 573 4871 p.
594 4788 658 4852 115
675 4813 698 4854 s.
718 4791 873 4871 Gregor.
890 4795 977 4857 Nau·
998 4794 1049 4857 Or.
1066 4797 1116 4854 40.
1135 4792 1168 4851 in
1184 4793 1217 4854 S.
1235 4796 1332 4872 Bapt.
1352 4795 1430 4877 Opp.
1446 4788 1508 4853 Tfl·

343 4904 369 4944 c.
388 4880 454 4943 565
471 4905 510 4943 ss.
529 4883 807 4963 Theophyiact.
825 4894 857 4943 at
873 4882 1069 4947 Oecumen.
1088 4888 1129 4944 In
1145 4888 1173 4945 1.
1193 4885 1265 4947 Cor.
1285 4889 1313 4961 6,
1332 4891 1382 4948 11.
1399 4879 1506 4948 Lacu
