3775 5625
1407 407 1474 481 495

394 581 537 647 Docctur
562 593 667 644 autem

394 695 431 754 A.
464 690 495 753 in
529 695 595 753 SS.
630 688 824 753 Litteris
858 689 1035 752 necessitas
1068 688 1154 761 fidei,
1188 712 1285 753 sensu
1318 692 1475 758 catholico

283 812 451 883 acceptae,
478 813 635 885 tamquam
660 799 753 883 primi
777 800 897 885 gradus
922 801 962 861 ad
980 797 1138 881 justitiam
1172 798 1402 885 attingendam,
1425 825 1474 867 se·

284 906 466 993 quentibus:

394 1062 423 1101 o.
448 1039 519 1121 lpse
542 1040 725 1101 Satiatur
751 1036 794 1098 ait
814 1038 853 1099 ad
875 1036 1066 1119 Apostolos
1090 1035 1120 1098 in
1143 1048 1250 1099 monte
1282 1051 1354 1100 ante
1387 1061 1476 1103 suam

282 1146 508 1210 ascensionem
531 1147 562 1209 in
585 1147 695 1210 coetos
720 1157 955 1230 congregatos:
991 1147 1057 1221 Qui
1075 1153 1306 1220 crediderit,
1322 1160 1354 1210 et
1370 1154 1476 1225 bapti·

282 1269 381 1318 zatus
394 1261 517 1331 fuerit,
534 1265 646 1319 salvus
661 1262 739 1317 erit:
762 1262 818 1334 qui
836 1277 911 1316 ocro
934 1277 1009 1315 noo
1033 1261 1264 1328 crediderit,
1281 1266 1476 1319 condemna-

282 1372 371 1428 bitur
387 1368 423 1442 ¹).
455 1366 557 1429 Nemo
580 1366 684 1450 itaque
706 1364 774 1428 sime
800 1365 861 1427 tide
884 1365 1034 1436 salutem,
1054 1363 1074 1427 i.
1093 1385 1120 1427 e.
1138 1364 1276 1446 gratiam
1296 1366 1475 1448 justifican-

282 1486 361 1547 tem,
385 1489 418 1538 et
440 1476 606 1560 aliquando
632 1474 814 1537 tetieitatem
846 1485 1009 1536 aeternam
1043 1484 1150 1555 potest
1182 1474 1350 1559 consequi,
1382 1497 1477 1559 quum

280 1583 412 1646 nonnisi
435 1586 494 1649 trac
515 1598 605 1648 reste
628 1583 757 1668 nuptiali
775 1582 915 1645 destituti
937 1580 1105 1664 ejiciantur
1121 1582 1152 1644 in
1171 1586 1319 1647 tenebras
1336 1586 1475 1648 exterio·

281 1701 391 1770 res²);
416 1705 448 1756 et
464 1693 539 1757 hinc
556 1693 608 1778 qni
620 1692 792 1776 justificari
810 1693 889 1765 mult,
914 1704 987 1754 ante
1004 1690 1109 1754 onmia
1126 1691 1221 1755 iidem
1238 1694 1354 1757 habere
1372 1696 1476 1759 debet.

279 1802 383 1886 Loqni
399 1816 503 1866 autem
522 1803 683 1867 Christum
700 1802 871 1865 Donnnnm
888 1802 926 1862 de
944 1800 1020 1873 tide,
1039 1821 1137 1864 sensu
1155 1815 1267 1865 nostro
1285 1816 1404 1875 sumta,
1424 1825 1476 1887 pa·

280 1914 379 1975 tutum
397 1925 448 1974 est
464 1934 506 1975 ex
522 1912 630 1974 verbis
655 1910 936 1995 praecedentibus:
963 1912 1089 1972 linotet
1110 1917 1144 1972 in
1167 1922 1319 1975 nuditatum
1340 1920 1475 1977 unirer·

278 2043 352 2084 sum
365 2029 553 2101 praedicate
571 2025 785 2099 Etranqelium
802 2027 888 2082 ouini
910 2033 1091 2083 creaturae.
1125 2021 1245 2097 Quibus
1268 2024 1365 2085 rerba
1385 2024 1478 2086 adata

278 2130 461 2194 immediate
478 2132 603 2215 adjecta
618 2143 701 2195 sunt.
718 2133 822 2193 Porro
840 2129 899 2193 alia
916 2129 1089 2194 occasione
1106 2130 1221 2214 inquit:
1240 2135 1331 2195 Haeo
1347 2146 1397 2195 est
1411 2155 1475 2195 au·

279 2255 342 2304 tem
362 2247 428 2304 vita
444 2254 589 2322 aeterna,
608 2241 627 2303 i.
645 2264 672 2304 e.
689 2243 769 2305 haec
793 2252 843 2303 est
864 2242 933 2303 sola
955 2240 1004 2303 via
1020 2241 1155 2303 salutem
1178 2241 1409 2327 consequendi:
1434 2256 1479 2305 ut

283 2364 534 2427 eoqnoseoitt
564 2364 618 2430 te,
651 2359 777 2413 seium
800 2352 918 2412 Deum
951 2372 1101 2428 vetem,
1128 2362 1166 2412 et
1189 2373 1297 2430 quem
1328 2357 1478 2414 misisti

281 2462 312 2521 J
314 2482 417 2522 esum
443 2462 663 2541 Christum,
683 2472 841 2543 tamqnam
857 2458 1008 2522 Messiam
1026 2472 1058 2523 et
1075 2461 1275 2524 salvatorem
1293 2461 1414 2536 mundi,
1431 2474 1475 2525 at·

281 2590 343 2653 que
362 2568 433 2631 hinc
450 2568 544 2632 etiam
562 2571 631 2652 ejus
649 2569 826 2632 doctrinam
839 2576 876 2647 ³).
907 2571 950 2631 Et
970 2568 1102 2631 iterum:
1129 2570 1187 2631 Sic
1208 2577 1292 2633 enim
1314 2574 1403 2634 Deua
1424 2578 1477 2634 di·

282 2685 368 2740 temit
382 2688 547 2760 murittum,
566 2692 601 2742 ut
616 2682 742 2742 Filium
759 2701 852 2742 suum
869 2684 1071 2756 urtiqenitum
1087 2689 1195 2741 daret:
1219 2693 1256 2742 ut
1276 2688 1393 2762 omnis,
1412 2688 1479 2759 qui

280 2794 412 2851 eredit
436 2795 477 2851 in
499 2812 602 2870 eum,
630 2811 707 2852 non
735 2801 895 2869 pereat,
925 2798 992 2851 sed
1022 2793 1165 2852 lrabeat
1194 2795 1314 2852 vitam
1345 2803 1478 2854 eeter-

280 2899 420 2976 nam⁴).
448 2902 549 2984 Atque
570 2900 711 2961 tandem:
736 2901 820 2960 Diei
845 2920 922 2976 erpo
946 2904 1037 2960 robis
1070 2900 1124 2977 (ad
1146 2901 1288 2963 iudaeos
1313 2900 1478 2984 loquitur),

282 3014 361 3087 quio
376 3014 559 3070 moriemini
576 3015 611 3070 in
631 3014 773 3086 peccetis
790 3013 926 3069 vestris:
947 3013 1076 3069 sienim
1099 3029 1178 3070 non
1200 3015 1477 3090 credideritis,

281 3123 378 3196 puio
403 3139 472 3195 epo
500 3140 580 3179 sum
613 3115 725 3194 (titius
743 3116 817 3189 Dei,
841 3117 878 3179 de
896 3116 1045 3199 supernis
1063 3116 1226 3197 veniens),
1258 3126 1479 3182 moriemini

282 3233 325 3288 in
345 3239 508 3305 peceato
535 3226 717 3302 oestro⁵).
750 3226 834 3288 Esse
866 3225 961 3288 etiam
982 3225 1015 3288 in
1036 3225 1124 3289 hisce
1158 3227 1305 3291 omnibus
1337 3229 1417 3291 locis
1440 3229 1478 3291 de

281 3333 345 3397 fidc
363 3334 602 3398 Catholicorum
618 3356 816 3407 sermonem,
834 3357 890 3418 per
908 3357 944 3398 se
961 3335 1162 3399 manifestum
1179 3350 1239 3400 est.

393 3469 419 3526 d.
445 3462 547 3525 siniti
570 3462 693 3526 ratione
715 3483 839 3546 quoque
871 3463 1052 3545 Apostoli
1085 3464 1264 3547 loquuntur.
1291 3464 1346 3527 Sic
1368 3466 1477 3528 doan·

282 3592 367 3634 ncs:
396 3572 574 3652 Quotquot,
593 3572 652 3645 ait,
669 3585 1044 3649 autem·r·eeepernnt
1074 3595 1176 3654 eunt,
1204 3580 1313 3635 dedit
1333 3581 1391 3636 eis
1410 3596 1478 3653 po-

286 3694 468 3745 testatem
490 3686 616 3756 sitios
639 3685 712 3743 Dei
733 3686 856 3759 fieri,
883 3702 940 3743 seu
963 3682 1044 3744 hanc
1061 3681 1108 3744 eis
1126 3682 1288 3746 concessit
1305 3683 1477 3769 praeroga·

285 3791 397 3863 uvam,
420 3803 452 3853 ut
476 3790 531 3853 filii
551 3790 610 3852 Dei
632 3813 688 3874 per
711 3791 847 3877 gratiam
880 3790 1133 3854 sanctificantem
1154 3805 1319 3876 acceptam
1342 3794 1479 3857 evadere

284 3912 434 3985 possent,
459 3907 515 3978 qui
547 3908 773 3963 credentia
794 3908 951 3963 nomine
974 3907 1077 3981 ejus,
1104 3901 1123 3963 i.
1146 3923 1172 3963 e.
1198 3901 1228 3964 in
1252 3902 1405 3985 ipsnm⁸).
1438 3903 1480 3966 Et

283 4009 415 4073 iterum:
441 4011 552 4072 Multa
574 4017 699 4088 quidem
720 4024 751 4072 et
772 4015 841 4073 ulie
862 4018 955 4088 siquo
975 4016 1059 4085 fecit
1072 4014 1173 4074 Jesus
1188 4019 1222 4073 ie
1239 4025 1410 4092 conspectu
1426 4019 1478 4074 di-

285 4126 486 4197 scipulorum
517 4141 667 4190 suornm,
701 4142 783 4198 quae
805 4143 872 4183 non
893 4133 969 4183 sunt
989 4127 1161 4200 scriptam
1179 4128 1262 4184 titro
1287 4125 1357 4184 lroc.
1390 4122 1480 4184 Haec

285 4242 393 4292 autem
411 4235 638 4310 scriptitem,
657 4243 694 4292 ut
715 4237 908 4310 credatis)
937 4238 1029 4310 quie
1054 4233 1173 4292 Jesus
1203 4243 1261 4293 est
1294 4233 1479 4294 Christus

284 4341 428 4401 Filius
448 4340 543 4433 Der]
568 4353 606 4402 et
625 4349 826 4403 eredentes
849 4347 964 4403 vitem
994 4345 1180 4404 debeatis
1209 4341 1477 4426 (consequamini)

285 4455 321 4509 in
337 4455 466 4510 nomine
481 4454 564 4529 ejus,
588 4449 607 4511 i.
629 4470 655 4512 e.
679 4471 736 4532 per
758 4455 877 4528 emn⁷).
910 4451 1068 4523 Paulus,
1091 4451 1142 4533 qni
1161 4450 1190 4513 in
1209 4450 1344 4534 epistola
1366 4471 1424 4515 sna
1440 4452 1479 4516 ad

394 4684 420 4770 ¹)
436 4689 526 4748 Marc.
547 4684 597 4761 16,
616 4685 668 4748 16.
687 4724 728 4734 -
742 4689 767 4764 ²)
785 4689 830 4748 cf.
849 4689 956 4755 Matth.
974 4689 1027 4773 22,
1047 4689 1143 4753 13.-
1161 4686 1188 4779 ³)
1206 4691 1297 4754 Joen.
1319 4689 1370 4770 17,
1388 4694 1419 4758 2.
1434 4733 1477 4743 -

286 4780 313 4858 4)
322 4776 453 4860 Joan.3‚
463 4775 514 4840 16.
525 4813 569 4824 -
579 4781 604 4859 ⁵)
613 4778 703 4839 Joan.
713 4777 742 4851 8,
751 4778 804 4843 24.
822 4780 866 4842 Of.
884 4781 907 4840 J
909 4780 1073 4856 oan.ss,29.
1090 4787 1166 4845 Luc.
1177 4783 1286 4858 10,16.
1296 4822 1338 4832 —-
1353 4785 1376 4867 ὅ)
1386 4789 1408 4847 J
1409 4810 1477 4855 oan,

288 4868 318 4942 1,
335 4867 386 4932 12.
399 4906 441 4918 -
457 4871 480 4953 ⁷)
493 4870 585 4935 Joan.
603 4868 657 4948 20,
673 4868 726 4935 30.
744 4870 796 4936 31.
813 4872 858 4936 Of.
878 4872 907 4937 1.
924 4872 1121 4950 Jo'an.2,24.
1139 4873 1170 4949 4,
1185 4873 1475 4955 15.'5,1.10-l2.
