3775 5625
1460 418 1526 488 463

335 580 435 646 divini
459 581 689 648 admittentium
702 587 744 661 ¹),
768 595 800 646 et
823 583 876 647 dat
899 582 1131 648 incrementum
1145 591 1188 664 ²);
1213 605 1312 668 porro
1337 585 1390 670 qui
1421 587 1527 659 donet,

336 711 402 755 non
419 692 522 755 solum
539 704 574 756 ut
588 690 699 756 fideles
734 693 879 767 credant,
896 694 953 757 sed
970 705 1002 757 ct
1019 706 1052 757 ut
1067 694 1225 778 patiantur
1236 698 1283 773 ³);
1308 694 1360 779 qui
1376 708 1528 780 operetur

336 799 368 863 in
386 798 481 864 nobis
499 813 531 864 et
546 802 627 865 velle
643 814 675 866 ct
690 799 899 886 perlicere⁴);
925 801 977 888 qui
998 804 1052 867 det
1073 803 1167 868 nobis
1192 825 1249 867 cor
1266 824 1400 878 novum,
1416 817 1448 868 et
1464 804 1527 889 spi-

336 907 434 972 ritum
451 930 568 972 novum
584 921 681 994 ponat
696 909 728 974 in
745 909 849 974 medio
866 910 980 985 nostri,
997 911 1017 975 i.
1034 933 1061 977 e.
1079 933 1194 978 novam
1211 925 1349 978 mentem
1366 933 1404 976 ac
1420 914 1528 977 volun·

337 1030 435 1083 tatem
460 1020 606 1083 mandata
629 1020 698 1103 ejus
722 1019 933 1106 exsequendi,
958 1033 990 1085 et
1006 1022 1128 1086 auferat
1145 1044 1201 1086 cor
1217 1021 1390 1106 lapideum,
1407 1023 1530 1106 durum,

336 1126 549 1202 intractabile,
566 1129 604 1191 ‹lc
622 1149 719 1192 carne
736 1141 858 1203 nostra,
875 1141 907 1192 et
923 1130 977 1193 det
992 1130 1084 1195 nobis
1103 1154 1160 1195 cor
1177 1152 1337 1204 carneum,
1354 1133 1458 1206 molle,
1476 1133 1529 1195 ob·

338 1257 480 1322 sequens
504 1236 632 1301 nutibus
657 1239 741 1322 ejus,
766 1250 858 1324 atque
875 1238 984 1314 saciat,
1009 1253 1042 1304 ut
1061 1240 1093 1304 in
1111 1240 1291 1327 praeceptis
1308 1242 1377 1325 ejus
1394 1240 1530 1305 ambule·

338 1367 428 1421 mus,
445 1358 477 1410 et
487 1344 610 1430 judicia
640 1348 710 1431 ejus
733 1348 951 1413 custodiamus
976 1362 1007 1413 et
1032 1372 1203 1434 operemur
1215 1352 1257 1429 ⁵);
1283 1350 1334 1436 qui
1367 1348 1533 1414 confirmet

339 1476 419 1529 nos,
435 1467 467 1519 et
483 1455 643 1520 custodiat
658 1477 677 1519 a
693 1457 775 1521 malo
787 1457 828 1537 ⁸),
852 1457 916 1521 imo
939 1470 972 1522 et
993 1460 1133 1543 postulet
1156 1482 1216 1544 pro
1235 1458 1342 1534 nobis,
1358 1458 1377 1523 i.
1395 1480 1422 1523 e.
1440 1458 1534 1522 saciat

341 1588 407 1630 non
439 1566 603 1650 postulare
633 1565 804 1651 gemitibus
835 1566 1156 1647 inenarrabilibus’);
1180 1568 1225 1632 ita
1249 1581 1282 1632 ut
1306 1589 1370 1632 non
1386 1566 1534 1642 volentis,

341 1696 446 1763 neque
463 1674 636 1749 currentis,
653 1676 710 1739 sed
728 1675 910 1741 miserentis
926 1676 986 1741 llei
1002 1677 1044 1741 sit
1058 1678 1094 1757 8).
1127 1681 1230 1764 Atque
1246 1677 1320 1742 hinc
1336 1698 1460 1763 quoque

452 1788 494 1847 B.
517 1786 656 1849 Patres
681 1785 812 1860 docent,
836 1785 972 1872 gratiam
995 1784 1132 1850 divinam
1148 1807 1237 1861 esse,
1254 1807 1333 1872 quae
1350 1785 1470 1851 excitet
1485 1807 1533 1850 ar·

342 1894 488 1969 binium,
521 1917 615 1980 quum
647 1894 784 1959 seminet
806 1894 996 1983 cogitatum,
1021 1909 1126 1970 sanet,
1151 1918 1246 1982 quum
1262 1907 1363 1961 mutet
1379 1894 1536 1970 affectum,

344 2006 494 2079 roboret,
510 2017 545 2068 ut
559 2006 713 2090 perducat
729 2006 768 2068 ad
785 2018 905 2081 actum,
922 2019 1046 2081 servet,
1063 2029 1103 2069 ne
1119 2005 1237 2070 sentiat
1253 2006 1428 2080 defectum,
1444 2006 1488 2070 ita
1502 2017 1537 2068 ut

346 2128 482 2181 conatus
506 2114 628 2179 arbitrii
652 2114 738 2179 cassi
762 2115 840 2190 sint,
856 2115 883 2180 si
900 2114 1006 2204 gratini
1022 2114 1128 2180 divini
1145 2138 1208 2179 rron
1226 2117 1427 2201 adjuventur,
1452 2113 1537 2187 nulli,
1564 2144 1565 2148 ¹

346 2225 375 2289 si
392 2247 456 2289 non
488 2223 668 2289 excitentur
678 2226 720 2303 ⁹);
743 2246 843 2308 porro
860 2236 894 2287 ut
910 2237 1130 2311 augmentum,
1146 2224 1237 2316 itaet
1252 2223 1375 2287 initium
1390 2222 1464 2287 fidei
1480 2244 1538 2308 per

347 2333 590 2418 inspirationem
613 2332 752 2417 Spiritus
774 2336 824 2407 S„
849 2333 1064 2421 corrigentem
1089 2336 1283 2398 voluntatem
1299 2334 1337 2397 ab
1354 2331 1538 2396 infidelitate

349 2444 389 2507 ad
405 2441 516 2515 fidem,
533 2443 571 2505 ab
588 2441 750 2526 impietate
767 2444 805 2505 ad
821 2442 982 2527 pietatem,
1000 2443 1093 2507 nobis
1110 2443 1218 2508 inesse
1229 2444 1288 2522 ¹⁰),
1305 2455 1398 2529 atque
1415 2438 1539 2526 quoties

348 2573 499 2640 agamus,
515 2551 617 2615 Deum
641 2550 673 2614 in
698 2551 791 2616 nobis
816 2565 848 2616 et
872 2553 1055 2627 nobiscum,
1080 2566 1114 2617 ut
1138 2574 1317 2638 operemur,
1350 2550 1539 2637 operari¹¹).

347 2659 543 2727 Nominatim
560 2660 697 2746 loquitur
714 2663 957 2749 Augustinus
973 2664 1079 2729 multis
1095 2663 1127 2726 in
1145 2663 1226 2728 locis
1243 2664 1281 2727 de
1298 2664 1361 2727 hoc
1377 2660 1436 2725 llci
1452 2659 1540 2724 auxi·

349 2770 408 2847 lio,
426 2771 509 2857 quod
525 2772 718 2836 voluntatem
736 2771 869 2848 excitet,
881 2775 974 2858 juvet
990 2795 1028 2838 ac
1044 2786 1171 2838 moveat
1186 2774 1225 2837 ad
1242 2774 1375 2847 bonum,
1392 2792 1456 2834 non
1474 2782 1540 2833 tan·

351 2895 419 2946 tum
435 2902 493 2965 per
508 2879 768 2957 instructionem,
784 2884 858 2956 sed,
883 2896 916 2945 ut
932 2882 990 2958 ait,
1019 2907 1079 2964 per
1110 2889 1415 2963 inspirationem
1444 2881 1541 2941 dile-

351 2995 522 3072 ctionis,
548 3003 591 3053 nt
614 2997 780 3069 oopnita
803 3005 943 3054 sancto
962 2995 1366 3070 anor-efaoinrnnrw).
1390 2991 1539 3073 Haecque

351 3098 459 3187 gratia
473 3098 599 3164 interna
614 3113 680 3174 est,
705 3102 742 3163 de
764 3120 826 3186 qua
840 3100 901 3185 ipsi
919 3101 1141 3166 controuersia
1165 3122 1237 3165 cum
1260 3097 1441 3186 Pelagianis
1465 3109 1545 3171 erat,

352 3231 508 3298 quamque
527 3212 606 3274 adeo
625 3209 743 3273 aeriter
765 3224 879 3275 contra
894 3212 966 3276 illos
983 3224 1173 3299 propugnat.
1197 3214 1295 3292 Enni,
1324 3209 1381 3283 ait,
1402 3213 1544 3286 praciam

352 3327 504 3384 volumno
519 3325 579 3382 iste
596 3319 775 3406 (Pelagius)
793 3324 1146 3404 aliqnando-fateatur,
1170 3343 1248 3402 qno
1263 3358 1307 3368 -
1322 3340 1399 3381 non
1420 3319 1545 3380 solum

352 3438 563 3494 revelatur
587 3436 807 3513 snpientia,
833 3454 966 3494 oerum
989 3445 1028 3495 et
1050 3435 1264 3510 amatura).
1282 3430 1330 3492 lle
1347 3426 1451 3515 gratia
1468 3445 1542 3509 ope·

353 3553 447 3606 rante
462 3553 568 3605 autem
585 3553 618 3604 et
634 3540 828 3626 cooperante
845 3541 904 3606 ait:
932 3545 1032 3620 onis
1055 3550 1173 3607 istam
1189 3548 1264 3605 atei
1278 3560 1438 3620 parvam
1453 3545 1546 3599 dare

354 3665 541 3734 coeperat
557 3653 682 3733 (Petro)
700 3657 952 3729 charitatem,
969 3660 1049 3716 nisi
1065 3660 1152 3724 ille,
1170 3657 1235 3732 pni
1247 3661 1466 3734 praeparat
1479 3668 1545 3709 vo-

355 3770 561 3833 luntatem,
579 3775 616 3825 et
630 3771 880 3841 cooperando
900 3767 1093 3844 perficit,
1112 3770 1215 3841 qnod
1230 3766 1425 3841 operando
1443 3761 1545 3818 inci-

352 3869 441 3954 piri
459 3873 622 3948 Quoniam
638 3878 739 3954 ipse,
759 3885 795 3936 ut
810 3879 957 3954 uelimus,
977 3885 1165 3954 operatur
1181 3875 1395 3951 incipiens,
1413 3871 1469 3946 qui
1485 3885 1546 3926 oo·

356 3987 497 4045 tentione
513 3993 750 4060 cooperatur
762 3984 1060 4062 perficiamu).
1086 3981 1127 4044 Ut
1143 4000 1223 4066 ergo
1239 3975 1387 4049 velimus,
1404 3972 1473 4038 sine
1490 3992 1545 4034 no·

354 4133 575 4148 *—

466 4220 491 4300 1)
508 4219 577 4282 Act.
597 4216 655 4295 16,
682 4215 733 4280 14.
751 4255 794 4264 -
812 4221 838 4300 1)
855 4218 886 4282 2.
904 4219 975 4281 Cor.
994 4219 1029 4302 3,
1051 4212 1148 4282 6-7.
1166 4253 1208 4264 -
1227 4213 1253 4302 3)
1269 4212 1348 4277 Phil.
1375 4208 1409 4289 l,
1435 4208 1488 4275 29.
1507 4241 1548 4258 -a

355 4310 384 4393 ⁴)
401 4309 480 4373 Phil.
505 4309 541 4387 2,
571 4307 622 4372 13.
641 4346 682 4357 -
700 4310 725 4390 5)
742 4311 853 4375 Erech.
878 4308 936 4387 36,
963 4309 1106 4375 26-27.
1125 4347 1167 4356 -
1187 4305 1212 4394 ⁶)
1230 4306 1261 4370 2.
1279 4309 1388 4368 Thess.
1405 4304 1441 4387 3,
1457 4302 1489 4365 3.
1505 4335 1549 4348 -*

359 4402 489 4484 ')Rom.
508 4399 537 4473 8,
550 4398 603 4462 26.
622 4437 663 4447 —-
680 4401 706 4481 8)
721 4399 852 4476 Rom.8,
864 4399 915 4463 16.
933 4439 975 4447 -
995 4398 1020 4488 ⁹)
1039 4401 1084 4465 cf.
1101 4400 1278 4462 Bernard.
1295 4402 1344 4458 De
1359 4405 1437 4476 proi.
1456 4402 1483 4454 et
1498 4393 1547 4455 lib.

354 4494 426 4557 arb.
443 4512 467 4552 o.
486 4495 535 4552 13.
552 4513 583 4553 n.
600 4496 650 4553 42.
668 4491 746 4572 Opp.
765 4490 803 4554 Τ.
821 4491 852 4556 2.
870 4514 895 4558 e.
912 4489 989 4556 625.
1005 4494 1044 4557 E.
1062 4528 1103 4539 --
1126 4491 1163 4573 ¹⁰)
1183 4492 1227 4552 Of.
1246 4490 1352 4550 Cone.
1376 4487 1548 4550 Arausio.

353 4584 402 4647 Π.
420 4603 445 4643 e.
463 4585 493 4646 5.
508 4584 640 4655 Menai,
658 4584 732 4645 Oott
750 4585 840 4646 Oono.
857 4586 895 4646 Τ.
914 4581 944 4650 8.
963 4579 1460 4665 c.713.-¹¹)Of.1d.0.9.1b.e.
1475 4572 1550 4638 714.

355 4709 404 4724 --
422 4673 463 4754 ¹²)
483 4674 568 4735 Oont.
587 4678 664 4733 dnos
681 4694 746 4749 epp.
763 4678 865 4751 Palop.
883 4678 903 4739 l.
918 4679 949 4735 4.
967 4697 992 4741 c.
1009 4677 1037 4735 5.
1054 4696 1083 4737 n.
1101 4679 1150 4736 11.
1169 4673 1244 4755 Opp.
1262 4674 1300 4735 Τ.
1321 4669 1371 4733 10.
1388 4691 1413 4732 e.
1424 4665 1550 4733 414.-

356 4764 404 4853 11)
421 4769 471 4826 De
485 4784 532 4840 pr.
550 4768 621 4828 Olrr.
639 4785 664 4826 c.
680 4770 729 4826 10.
746 4786 776 4826 n.
793 4771 843 4826 11.
861 4787 886 4829 c.
902 4764 980 4829 235.
998 4765 1043 4829 Of.
1059 4771 1110 4827 De
1126 4771 1253 4843 corrept.
1269 4772 1296 4823 et
1309 4770 1387 4841 prat.
1404 4783 1428 4823 o.
1440 4763 1489 4822 11.
1501 4761 1550 4821 12.

355 4861 411 4925 14.
428 4877 459 4921 n.
475 4859 515 4920 31
532 4877 573 4921 sa.
591 4878 616 4920 o.
635 4853 698 4919 767
717 4878 755 4919 ss.
774 4893 816 4904 -
833 4859 874 4941 11)
890 4862 940 4920 De
953 4879 1001 4939 pr.
1019 4866 1047 4920 ei
1060 4859 1111 4921 tio.
1129 4862 1193 4924 arb.
1211 4877 1235 4920 e.
1252 4859 1301 4923 17.
1319 4876 1348 4918 n.
1364 4856 1414 4917 32.
1432 4849 1550 4920 (1135.
