3775 5625
1471 459 1539 536 bat

350 627 395 697 ad
418 628 558 699 dicere.
599 629 692 698 Prior
723 631 908 719 reprobatio
941 629 1142 723 negativa,
1170 626 1332 722 posterior
1360 630 1542 723 positiva

349 743 536 828 adpellatur.

454 854 627 942 Utrumque
645 856 824 931 decretum,
846 854 913 921 sive
934 853 1236 941 praedestinationis
1253 854 1322 921 sive
1337 852 1538 943 reprobatio·

348 961 410 1039 nis,
426 976 534 1048 potest
549 967 599 1030 vel
631 966 848 1031 absolutum
879 967 928 1031 vel
949 965 1243 1052 hypotheticum
1270 977 1375 1029 mente
1399 963 1538 1053 concipi.

346 1073 647 1158 Hypotbeticum
675 1075 791 1141 dicitnr
813 1078 978 1141 decretum
1004 1074 1307 1162 praedestinationis
1329 1088 1361 1139 et
1382 1076 1539 1160 reproba·

347 1182 461 1259 tiorns,
493 1206 555 1270 quo
576 1186 665 1250 Deus
686 1185 798 1252 electis
820 1186 958 1275 gratiam
980 1198 1074 1273 atque
1097 1184 1279 1249 felicitatem
1296 1196 1459 1249 aeternam
1476 1184 1537 1250 lar·

346 1292 410 1380 giri
427 1294 580 1370 decernit,
597 1295 745 1380 quoniam
762 1318 875 1361 eorum
891 1297 965 1362 inde
982 1298 1021 1361 ab
1038 1308 1170 1361 aeterno
1193 1293 1357 1379 praevidet
1381 1307 1446 1358 tum
1464 1314 1540 1381 gra-v

345 1403 408 1468 tiae
425 1416 492 1468 tum
508 1404 668 1470 felicitatis
685 1405 883 1494 dignitatem,
899 1420 992 1493 atque
1009 1406 1149 1492 reliquos
1161 1417 1292 1469 aeterna
1304 1403 1454 1468 felicitate
1473 1401 1535 1487 pri·
1635 1407 1637 1411 ”

344 1534 422 1577 vare
438 1535 476 1578 ac
491 1535 595 1599 poena
610 1514 739 1580 allicere
756 1518 830 1593 vult,
855 1517 1003 1603 quoniam
1019 1517 1145 1581 illorum
1161 1514 1233 1579 inde
1245 1514 1283 1579 ab
1298 1525 1430 1580 aeterno
1446 1532 1538 1597 prae·

346 1621 411 1687 scit
423 1622 643 1711 indignitatem
660 1637 754 1712 atque
771 1628 852 1692 mala
868 1648 976 1712 opera.
1017 1627 1245 1691 Absolutum
1268 1645 1345 1689 vero
1374 1624 1539 1690 decretum

345 1734 650 1817 praedestinationis
667 1748 699 1799 et
714 1736 952 1822 reprobationis
969 1749 1071 1812 esset,
1090 1735 1119 1800 si
1134 1736 1222 1799 Deus
1240 1733 1337 1801 certis
1355 1731 1536 1799 bominibus

346 1840 528 1907 felicitatem
550 1855 728 1919 aeternam,
753 1858 846 1930 atque
871 1859 1045 1931 propterea
1060 1843 1197 1933 gratiam
1214 1863 1338 1929 quoqne
1356 1840 1426 1906 sine
1442 1861 1533 1927 prae·

345 1950 416 2016 visa
432 1972 542 2016 eorum
559 1952 712 2041 dignitate
729 1968 783 2019 aut
798 1954 913 2020 merito
931 1957 1125 2029 concedere,
1144 1966 1237 2039 atque
1259 1950 1389 2038 reliquis
1405 1949 1536 2017 felicita·

346 2071 422 2135 tem,
438 2073 471 2125 et
485 2060 558 2126 ideo
575 2061 670 2127 etiam
687 2064 824 2151 gratiam
841 2078 913 2129 arete
930 2064 1111 2151 praevisam
1129 2084 1240 2128 eornm
1260 2060 1482 2149 indignitatem
1499 2079 1538 2126 ac

345 2170 470 2254 culpam
488 2172 649 2260 denegare
666 2174 885 2240 constitueret.
910 2176 944 2239 ln
961 2172 1252 2261 praedestinatione
1271 2172 1418 2238 absoluta
1433 2170 1539 2256 itaque

343 2279 508 2364 praecedit
533 2282 697 2347 decretum
722 2283 907 2349 felicitatem
930 2297 1094 2349 aeternam
1119 2280 1292 2370 largiendi,
1315 2292 1348 2345 et
1374 2282 1538 2345 decretum

343 2388 481 2476 gratiam
514 2391 766 2458 sanctificantem
798 2406 890 2480 atque
922 2394 1040 2460 auxilia
1062 2392 1220 2467 efficacia,
1245 2390 1361 2477 quibus
1384 2391 1481 2454 bomo
1499 2388 1538 2455 ad

344 2498 429 2563 illam
447 2503 705 2586 consequendam
722 2502 911 2588 disponitur,
928 2504 1007 2568 etin
1025 2516 1157 2588 accepta
1178 2522 1279 2588 usque
1295 2500 1334 2563 ad
1350 2498 1447 2563 finem
1464 2518 1534 2582 per·

344 2620 483 2683 severat,
500 2610 659 2694 sequitur:
677 2612 751 2675 dum
767 2611 799 2676 in
817 2612 1107 2698 praedestinatione
1128 2607 1334 2697 hypothetica
1349 2606 1533 2692 praescien-

345 2716 388 2781 tia
399 2718 637 2803 cooperationis
648 2721 833 2808 cumgratia
848 2735 984 2787 vocante
1003 2735 1096 2807 atquc
1113 2716 1302 2786 sufficientis
1319 2715 1536 2801 praeparatio·

345 2825 395 2892 nis
419 2829 591 2904 antecedit,
624 2832 786 2897 decretum
804 2832 960 2921 largiendi
976 2833 1113 2920 gratiam
1133 2828 1365 2915 justificantem
1382 2826 1537 2912 sequitur,

345 2938 431 3022 quod
440 2937 600 3022 praevisio
618 2941 877 3023 perseverantiae
893 2942 1007 3016 finalis,
1025 2954 1056 3005 et
1072 2943 1153 3005 hanc
1171 2940 1336 3002 decretum
1353 2934 1536 3002 felicitatem

345 3044 472 3110 finalem
489 3048 675 3113 conferendi
691 3051 820 3135 excipit.

453 3160 605 3221 0bserv.
622 3156 656 3221 In
675 3163 736 3224 SS.
753 3164 920 3223 Litteris
933 3164 1212 3243 praedestinatio,
1230 3158 1396 3238 praecipue
1414 3159 1450 3217 ad
1468 3159 1533 3236 glo·

345 3268 422 3327 riam
441 3270 609 3346 adpellatur
626 3271 716 3331 etiam
734 3274 897 3352 eiectam),
912 3278 1118 3355 propositum
1127 3271 1152 3348 ²)
1159 3315 1171 3349 ,
1187 3270 1370 3350 propositio
1379 3267 1425 3342 3);
1444 3276 1534 3343 atque

340 3379 581 3456 praedestinati
588 3392 739 3441 vocantur
752 3382 860 3443 dilecti
869 3380 909 3461 ⁴),
932 3383 1075 3459 electi-⁸),
1089 3382 1293 3462 praecogniti
1303 3374 1341 3450 ⁸),
1354 3374 1533 3455 jerchow),

341 3486 617 3565 praeordinati⁸),
630 3498 825 3571 praeparati
832 3491 872 3571 ⁹),
890 3514 973 3554 cosa
989 3489 1303 3567 inisericordiam),
1320 3504 1404 3546 vasa
1420 3489 1456 3547 in
1470 3488 1533 3547 lto·

344 3600 519 3676 arcemn),
537 3599 756 3678 hamersten),
775 3601 950 3681 saneti¹³),
969 3610 1037 3666 ete..

413 3834 440 3914 ξ.
460 3829 556 3901 119.
579 3836 729 3905 natur
746 3836 1199 3922 praedestinationis
1216 3844 1465 3918 decretum.

449 4013 527 4070 llari
557 4013 716 4073 decretum
747 4017 1049 4091 praedestinationis,
1081 4021 1211 4082 inficiati
1250 4034 1321 4084 sunt
1359 4024 1533 4105 Pelagium.

344 4121 587 4200 Semipelagiani
603 4141 679 4181 vero
696 4126 805 4184 saltem
821 4125 888 4200 ejus
906 4129 1121 4188 certitudinem
1139 4150 1175 4192 ae
1192 4132 1467 4195 immutabilitatem
1477 4136 1532 4196 im·

342 4240 530 4308 pugnarunt.

451 4498 476 4587 ¹)
494 4501 540 4569 Of.
556 4503 670 4585 Ephes.
689 4503 716 4577 l,
733 4504 765 4567 4.
797 4541 842 4554 -
873 4502 900 4592 ²)
916 4509 1005 4571 Rom.
1022 4508 1052 4586 8,
1071 4509 1125 4576 28.
1147 4550 1188 4560 -
1212 4514 1238 4596 ³)
1255 4515 1370 4598 Ephes.
1390 4514 1419 4593 l,
1435 4513 1467 4580 5.
1489 4497 1531 4566 ἓ-

343 4597 371 4670 ⁴)
388 4592 475 4658 Rom.
494 4592 523 4667 1,
542 4591 571 4655 7.
595 4633 636 4642 -
661 4599 689 4674 ⁵)
706 4596 737 4660 2.
755 4597 850 4661 Joan.
869 4597 897 4660 1.
923 4636 961 4646 -
987 4599 1342 4679 ο)1.Ρ<εὶτ.1,2Ο.---
1364 4606 1530 4683 bicor.

344 4680 395 4756 11,
422 4682 471 4746 19.
507 4721 546 4732 -
578 4686 604 4763 8)
629 4685 696 4749 act.
724 4686 776 4763 13,
801 4687 855 4752 48.
888 4727 931 4736 -
967 4693 992 4772 ⁹)
1013 4694 1099 4756 Rom.
1128 4691 1163 4776 9,
1190 4693 1242 4759 23.
1276 4733 1316 4743 -
1354 4696 1392 4778 ¹⁰)
1408 4699 1456 4763 lb.
1486 4735 1532 4753 -

345 4769 1352 4872 11)2,Τὶη],2,21.--12)Μειῐῐ1].25,34.--13)Ιίοιι].1,7,
