3775 5625
350 409 414 478 tae

344 576 385 643 tis
401 577 545 643 fraudem
560 575 592 640 in
608 589 837 663 protoparente
852 575 1045 652 inciderunt,
1061 587 1172 663 utpote
1187 576 1221 642 in
1236 600 1298 664 quo
1314 590 1419 644 totum
1433 600 1542 667 genua

343 689 514 752 humanum
537 708 601 749 non
618 687 699 761 sato,
721 687 778 751 sed
795 686 894 751 bbere
910 706 929 750 a
943 686 1014 750 Deo
1031 707 1067 751 se
1084 686 1209 752 avulsit.
1233 688 1425 754 'datianus
1436 693 1466 770 ¹)
1495 689 1542 756 di·

346 798 403 874 cit,
420 818 481 861 uos
498 817 562 860 non
578 796 682 862 factos
699 818 790 871 esse,
813 808 847 860 ut
868 817 1084 872 moreremur,
1109 799 1167 861 sed
1190 797 1274 863 mori
1296 811 1411 866 nostra
1435 800 1538 886 culpo,

345 930 403 994 per
418 919 584 993 peccatum
601 907 797 982 venditos,et
810 907 1037 992 conjunctione
1055 929 1127 972 cum
1142 909 1213 972 Deo
1230 907 1350 974 andssa
1364 922 1400 974 et
1414 908 1532 995 Spiritu

319 1022 378 1092 .,S.
397 1019 554 1103 projecto.
580 1018 767 1082 Irenaeus
788 1018 896 1091 docet,
917 1038 978 1081 nos
1001 1016 1033 1081 in
1055 1018 1155 1081 Adam
1173 1018 1348 1081 secundum
1365 1017 1531 1105 imaginem

345 1139 378 1191 et
393 1126 630 1191 similitudinem
639 1148 712 1191 esse
722 1126 783 1191 Dei
793 1126 983 1212 perdidisse,
999 1128 1059 1192 sub
1075 1127 1163 1192 Adae
1179 1139 1314 1212 peccato
1331 1126 1531 1210 cecidisset),

345 1236 472 1322 antiqua
493 1236 652 1321 serpentis
676 1238 770 1323 plaga
789 1238 974 1318 vulneratos
990 1249 1137 1301 mortuos
1153 1235 1312 1302 exsistere
1322 1242 1367 1318 ³),
1388 1250 1422 1302 et
1437 1239 1532 1304 Deum

344 1345 377 1408 in
392 1344 495 1430 primo
512 1347 613 1410 Adam
635 1344 825 1421 offendisse,
847 1368 911 1410 non
934 1346 1089 1411 facientes
1110 1348 1180 1431 ejus
1203 1352 1465 1431 praeceptumt),
1478 1347 1533 1426 ‚cui

345 1468 517 1540 eapropter
537 1476 595 1540 per
611 1455 730 1543 bgnum
749 1455 912 1520 debitores
929 1455 1004 1519 iacti
1022 1477 1133 1520 sumus
1145 1461 1188 1537 ⁵),
1210 1456 1255 1520 ita
1275 1468 1310 1519 ut
1330 1454 1461 1520 nonnisi
1480 1477 1533 1541 per

345 1564 507 1631 Christum
528 1565 662 1630 salutem
684 1564 867 1649 percipere,
890 1564 1061 1640 vivificari,
1078 1577 1111 1630 et
1127 1564 1225 1629 debiti
1240 1564 1469 1630 remissionem
1484 1586 1531 1630 ac·

345 1674 453 1760 cipere
477 1694 639 1761 queamus.
663 1674 760 1737 Novit
783 1695 865 1761 ergo
888 1675 1039 1739 irenaeus
1056 1687 1224 1759 peccatum
1239 1674 1369 1749 Adami,
1385 1686 1532 1759 serpente

344 1784 510 1860 incitante,
528 1783 621 1848 nobis
638 1804 711 1848 esse
730 1784 1012 1860 communicatum,
1028 1784 1072 1849 ita
1088 1797 1123 1848 ut
1138 1806 1196 1870 per
1212 1782 1302 1859 illud,
1319 1784 1397 1850 facti
1414 1783 1533 1878 divinae

339 1894 483 1979 justitiae
515 1893 693 1969 debitores,
724 1894 925 1958 auriserimus
948 1894 1046 1958 vitam
1070 1894 1282 1980 spiritualem,
1306 1914 1386 1980 quae
1411 1916 1477 1958 non
1497 1894 1534 1960 ab

345 2003 417 2079 alio,
434 2024 526 2090 quam
542 2024 561 2068 a
577 2003 706 2068 Christo
723 2002 1057 2089 nobisreddipoterat.
1075 2004 1255 2069 Clemens
1271 2004 1376 2069 Alex.
1392 2024 1473 2067 vero
1485 1994 1535 2080 ait,

345 2126 512 2198 peecatum
536 2113 683 2177 omnibus
699 2113 840 2177 innatum
861 2134 950 2189 esse,
972 2116 1017 2179 ita
1039 2126 1074 2178 ut
1089 2116 1178 2179 solus
1194 2115 1307 2201 Logos
1324 2111 1382 2188 sit,
1396 2112 1430 2178 in
1446 2134 1534 2199 quem

356 2341 358 2346 ,
453 2295 479 2383 ¹)
499 2299 551 2359 Or.
563 2306 640 2362 cont.
652 2301 916 2365 Graec.n.11.15.
928 2305 977 2362 20.
995 2302 1066 2361 Nou
1075 2301 1282 2379 factisumus,
1298 2308 1332 2360 ut
1345 2316 1531 2370 moreremur,

345 2393 399 2451 sed
413 2398 543 2450 uostra
558 2394 668 2467 culpa
682 2392 839 2452 morimur.
851 2429 893 2437 —
910 2391 1131 2470 Seroifacti
1145 2412 1281 2474 sumus,
1298 2392 1352 2467 qui
1367 2390 1456 2450 tiberi
1471 2408 1531 2449 era·

345 2502 430 2542 mus:
449 2502 516 2559 per
526 2492 718 2558 peccatum
733 2484 876 2543 venditi
890 2504 1029 2554 sumus,
1052 2484 1163 2543 scilicet
1177 2484 1209 2542 in
1225 2484 1402 2543 servitutem
1418 2479 1542 2554 diaboli.

346 2575 451 2635 mortis
482 2583 546 2633 tum
577 2577 694 2635 animae
724 2583 787 2635 tum
818 2576 953 2655 corporis
972 2574 1130 2654 imperium
1160 2576 1302 2635 tenentis.
1320 2610 1364 2622 -
1379 2576 1453 2634 Jam
1467 2589 1542 2631 vern

346 2672 474 2743 oportet,
507 2673 542 2725 ut
572 2670 668 2741 quod
697 2669 871 2727 babentes
901 2666 1106 2738 amisimus,
1128 2666 1164 2725 id
1193 2686 1273 2724 nunc
1296 2677 1542 2741 quaeramum!

346 2757 504 2818 animam
530 2778 605 2818 aum
629 2758 780 2834 Spiritu
804 2757 837 2820 S.
864 2760 1090 2833 copulemus,
1117 2764 1149 2817 et
1175 2760 1221 2817 ad
1245 2755 1542 2836 conjunctionem

347 2871 423 2909 cum
438 2851 513 2909 Deo
530 2850 722 2910 enitamur.
740 2886 782 2894 —
798 2852 872 2928 Alae
888 2849 968 2910 euim
984 2856 1090 2909 eraut
1104 2849 1246 2909 animae
1260 2848 1437 2927 Spiritus
1457 2866 1542 2906 sura-

347 2948 439 3021 ctus,
456 2961 542 3016 quem
558 2962 624 3001 cum
634 2944 825 3016 peccando
840 2941 1080 3020 projecisset,
1097 2939 1209 3000 uelauit
1223 2939 1323 3023 instar
1334 2939 1425 3015 pulli,
1443 2945 1469 2998 et
1480 2940 1542 2997 bu.-

345 3033 389 3092 mi
405 3031 532 3092 decidit:
549 3033 700 3092 coelesti
715 3040 812 3091 autem
828 3032 997 3092 convictu
1013 3034 1180 3110 delapsa,
1197 3030 1381 3110 inferiorum
1397 3046 1542 3091 commu·-

347 3124 426 3183 eium
442 3123 595 3198 appetivit.
613 3126 770 3183 —Potest
784 3131 881 3183 autem
897 3123 1070 3199 quisquis
1085 3125 1209 3182 nudus
1227 3130 1296 3204 est,
1312 3125 1366 3181 boc
1384 3138 1541 3181 oruamen-

346 3223 409 3275 tum
425 3215 567 3291 aousequi
583 3223 610 3274 et
624 3219 667 3274 ad
685 3222 840 3275 ueterem
866 3214 1121 3292 oopnotiouem
1141 3214 1280 3274 redire.
1312 3213 1359 3273 lb.
1378 3235 1409 3293 p.
1425 3208 1484 3274 267
1500 3228 1541 3271 Β

345 3304 422 3368 271.
439 3303 515 3367 277.
534 3342 575 3352 -
593 3309 621 3384 ²)
638 3296 715 3371 dcv.
739 3309 865 3367 Haeres.
892 3327 917 3366 c.
934 3310 963 3368 3.
989 3325 1014 3365 c.
1032 3309 1082 3364 18.
1106 3327 1136 3365 u.
1155 3309 1183 3366 1.
1201 3309 1230 3368 2.
1254 3326 1284 3384 p.
1301 3301 1378 3366 209.
1398 3303 1542 3374 Quando

345 3399 455 3479 inquit,
472 3398 651 3458 incarnatus
668 3405 713 3457 est
735 3398 842 3477 (Filius
857 3398 947 3478 Dei),
973 3405 1001 3456 et
1015 3399 1103 3456 bomo
1114 3397 1232 3474 factus,
1249 3398 1369 3473 lonpam
1384 3395 1542 3455 dominun

345 3489 561 3567 appositionem
583 3490 617 3548 iu
637 3509 668 3548 se
683 3488 907 3566 recapitulavit,
934 3488 966 3547 iu
989 3487 1163 3564 compendio
1187 3487 1275 3546 nobis
1302 3489 1429 3547 salutem
1447 3498 1542 3561 pree

345 3588 446 3650 stans,
472 3585 513 3638 ut
536 3582 630 3654 quod
655 3581 944 3655 perdideramus
976 3579 1016 3638 iu
1040 3580 1168 3651 Adam,
1193 3577 1307 3660 idest,
1339 3580 1542 3637 secuudum

346 3670 542 3746 imapiuem
558 3678 590 3730 et
604 3671 894 3730 similitudinem
910 3690 988 3738 esse
1003 3669 1089 3744 Dei,
1112 3672 1167 3728 boc
1182 3669 1216 3728 in
1233 3669 1355 3730 ceusu
1370 3671 1447 3729 Jesu
1460 3658 1542 3727 rer!¹

340 3782 491 3837 paremus.
513 3762 657 3832 —Quia
686 3763 752 3821 siue
784 3762 906 3822 Obristo
937 3781 999 3820 uon
1030 3768 1096 3820 erat
1120 3760 1323 3835 possibile,
1352 3795 1394 3805 -
1414 3767 1455 3820 ut
1479 3769 1542 3818 aa

345 3858 459 3913 tutem
479 3853 701 3933 perciperet,
728 3855 793 3928 qui
817 3856 883 3913 sub
899 3855 1001 3914 Adae
1020 3857 1172 3927 peccato
1194 3851 1390 3913 ceciderat.
1408 3850 1452 3912 Of.
1467 3844 1542 3912 LE

346 3949 529 4007 c.12.n.3.
548 3948 694 4008 ot·c.34.
715 3966 745 4003 u.
764 3949 794 4008 2.
818 3967 847 4024 p.
864 3941 930 4005 306
947 3966 971 4005 s,
989 3940 1064 4004 334.
1083 3979 1124 3987 —
1143 3944 1171 4019 3)
1189 3945 1265 4004 Aac.
1282 3945 1363 4004 baar.
1382 3944 1401 4003 l.
1419 3946 1447 4004 4.
1464 3933 1542 4004 αξ

345 4058 374 4098 n.
393 4040 420 4095 7.
439 4059 468 4116 p.
485 4032 561 4097 230.
586 4036 814 4095 Adhortabotur
841 4032 935 4121 (Lex)
952 4035 1068 4105 diceus,
1089 4053 1150 4092 uon
1166 4034 1254 4092 aliter
1271 4033 1390 4092 salvari
1405 4031 1542 4093 nomine

345 4131 389 4187 ab
406 4126 564 4202 antiqua
585 4127 772 4204 serpentis
792 4129 917 4206 ptapa,
940 4125 1005 4184 uisi
1021 4128 1147 4185 credant
1160 4125 1194 4183 io
1211 4145 1289 4206 eum,
1308 4125 1362 4199 qui
1379 4161 1421 4169 —
1437 4111 1542 4182 omui

345 4217 441 4279 trabit
455 4222 495 4277 ad
510 4238 557 4291 se,
575 4223 603 4277 et
614 4217 750 4284 viviticat
770 4224 944 4278 mortuos.
963 4253 1004 4262 -
1023 4219 1050 4292 ⁴)
1068 4217 1143 4278 Ado.
1165 4219 1248 4281 baer.
1267 4218 1285 4275 l.
1304 4218 1333 4276 5.
1352 4216 1377 4276 c.
1395 4219 1443 4279 16.
1456 4234 1483 4272 a.
1495 4204 1542 4269 5

344 4333 375 4391 p.
393 4306 468 4372 313.
485 4312 598 4369 Deum
615 4309 714 4367 -iu
733 4309 857 4383 primo
874 4309 994 4384 quidem
1009 4309 1122 4366 Adam
1142 4308 1380 4384 offendimus
1399 4303 1542 4382 neusa

347 4402 486 4462 cientes
512 4402 590 4478 ejus
609 4409 855 4476 praeceptum.
875 4436 915 4444 —
933 4402 1035 4475 Neque
1061 4398 1140 4458 euim
1163 4398 1252 4458 alteri
1277 4399 1400 4459 cuidam
1420 4404 1542 4457 ereatu-¹

346 4491 550 4564 debitores,
567 4495 620 4550 sed
634 4492 696 4562 iili,
714 4494 819 4570 cujus
830 4497 1070 4566 praeceptum
1093 4489 1542 4568 transpressifueramwt

346 4606 365 4643 a
378 4581 583 4661 principio.
610 4582 655 4642 Of.
671 4583 711 4644 ib.
728 4586 813 4644 ali.
830 4603 861 4641 u.
872 4586 901 4641 1.
918 4604 948 4662 p.
967 4579 1131 4659 313.-⁸)
1148 4584 1185 4644 L.
1197 4602 1222 4640 c.
1240 4603 1265 4640 c.
1278 4585 1325 4642 17.
1335 4603 1364 4644 u.
1374 4584 1403 4641 3.
1419 4601 1446 4660 p.
1456 4563 1532 4639 314·

349 4675 605 4745 Quemadmodum
629 4694 695 4750 per
721 4674 860 4750 lippum
881 4673 987 4750 facti
1011 4693 1136 4731 sumus
1160 4672 1345 4732 debitores
1369 4675 1455 4739 Deo,
1470 4672 1526 4742 pt?

347 4766 463 4842 tipnum
478 4763 665 4840 accipiamus
680 4765 780 4824 uestri
796 4764 889 4824 debiti
904 4763 1120 4824 remissionem.
1138 4763 1187 4828 cf.
1204 4765 1387 4825 Mansuet.
1403 4754 1513 4822 nuere

347 4856 381 4916 in
396 4859 477 4916 Ireu.
497 4855 572 4920 diss.
589 4859 618 4916 3.
637 4863 693 4918 art.
710 4860 759 4917 10.
776 4857 822 4917 Ib.
841 4855 959 4917 CLVII
975 4876 1014 4916 ss.
