3775 5625
1467 459 1528 535 iil

344 626 514 718 unicuique
537 653 607 697 cum
630 628 692 696 fide
710 651 727 695 a
745 628 866 716 Spiritu
884 633 917 696 S.
935 626 1166 719 obtigerunt¹).
1207 632 1240 697 S.
1262 629 1377 699 Paulus
1398 632 1449 699 hic
1467 632 1533 723 qui·

344 744 416 808 dem
438 742 584 828 proxime
609 745 647 808 de
671 741 785 830 gratiis
808 742 910 830 gratis
937 742 1018 806 datis
1042 764 1099 807 sen
1123 742 1369 810 charismatibus
1385 744 1535 832 loquitur,

344 854 486 938 haecque
510 853 637 917 diversa
658 852 793 916 diversis
820 873 977 917 concessa
995 873 1069 917 esse
1085 852 1234 917 divinitus
1253 855 1363 927 docet;
1397 866 1534 921 attamen

345 984 440 1049 quum
457 965 497 1027 ad
514 962 619 1026 divina
635 962 757 1034 rnrmia,
774 962 842 1026 sive
859 963 1021 1027 ordinaria
1038 963 1104 1027 sive
1123 964 1393 1034 extraordinaria,
1410 965 1537 1031 iuterna

345 1094 469 1159 quoqne
492 1072 597 1159 gratia
613 1072 717 1135 divina
734 1073 776 1136 sit
792 1072 995 1147 necessaria,
1019 1085 1112 1157 atquc
1130 1073 1225 1138 etiam
1243 1075 1438 1139 conveniens
1457 1097 1534 1140 uun·

345 1205 438 1269 quam
455 1205 473 1247 a
489 1184 559 1246 lleo
576 1182 808 1269 benignissimo
826 1203 863 1245 ac
880 1182 1086 1246 sanctissimo
1105 1184 1298 1271 denegetur:
1316 1187 1398 1249 haruc
1415 1185 1536 1269 pariter

344 1293 504 1357 diversam
520 1292 552 1355 in
570 1292 707 1356 diversis
725 1313 798 1355 esse
815 1290 985 1356 necessum
1002 1305 1063 1358 est.
1074 1332 1117 1340 -
1133 1294 1201 1357 Nec
1218 1315 1281 1357 non
1299 1294 1383 1358 idem
1400 1295 1535 1359 traditur

346 1401 651 1467 aSS.Patribus.
677 1401 732 1464 sie
763 1401 1023 1487 Augustinus:
1065 1405 1175 1483 Deae,
1201 1403 1258 1477 ait,
1290 1408 1408 1468 adesse
1435 1409 1536 1468 reduc

346 1516 496 1574 omnibns
508 1519 626 1593 potest,
643 1520 675 1572 et
688 1513 826 1587 sinpalic
843 1520 949 1586 totaa,·
968 1519 1113 1593 prtamais
1129 1520 1163 1575 ia
1179 1517 1298 1595 paibaa
1313 1518 1451 1594 tatttat,
1470 1522 1535 1578 lta·

346 1626 446 1683 bearat
475 1643 548 1682 earn
569 1642 643 1700 pro
668 1642 767 1682 attae
799 1628 1049 1702 capacitatis
1078 1626 1333 1701 diversitate,
1358 1626 1432 1686 alii
1456 1647 1535 1685 am·

341 1734 468 1813 plias,
487 1732 559 1792 alii
575 1735 752 1807 tainum).
792 1731 833 1792 Et
850 1729 939 1792 alibi:
957 1733 1069 1792 Indati
1086 1740 1166 1794 sant
1176 1737 1314 1809 justitia
1331 1735 1439 1795 aliae
1455 1757 1534 1796 ma·

343 1848 423 1919 pia,
458 1841 565 1901 nlius
597 1839 771 1915 trainas³).
804 1876 848 1885 -
880 1839 1027 1903 Ecclesia
1050 1853 1155 1903 autem
1178 1861 1241 1903 non
1260 1854 1379 1905 tantum
1398 1855 1536 1916 orat,nt

344 1953 438 2012 Deus
455 1952 509 2010 det
522 1951 618 2010 nobis
631 1952 724 2029 fidei,
758 1954 850 2028 spei,
877 1957 910 2009 et
930 1956 1101 2011 alacritatis
1124 1959 1418 2028 capmantam⁴),
1451 1954 1536 2037 qnod

346 2058 507 2140 disparem
524 2054 676 2142 gratiam,
695 2068 727 2117 ut
744 2055 776 2118 in
793 2057 904 2120 eodem
922 2057 1049 2121 homine
1072 2058 1199 2122 diverso
1218 2072 1380 2143 tempore,
1396 2060 1439 2124 ita
1456 2073 1488 2125 et
1503 2061 1535 2127 in

346 2166 484 2231 diversis
505 2166 588 2228 haud
613 2167 751 2229 obscure
768 2165 889 2252 arguit3
913 2168 970 2230 sed
987 2179 1018 2230 et
1036 2167 1154 2232 diserte
1172 2170 1327 2245 declarat,
1345 2191 1404 2234 nos
1417 2169 1534 2255 justifi-

346 2276 425 2351 cari,
446 2282 615 2354 justitiam
632 2283 666 2337 in
686 2280 1006 2358 notiorecipientea,
1040 2287 1315 2363 unusquisque
1337 2303 1448 2343 attam
1471 2303 1535 2342 oc-

345 2389 512 2449 candum
545 2407 792 2464 taenearum,
826 2408 922 2467 paam
955 2386 1103 2467 Spiritus
1135 2388 1172 2451 S.
1200 2397 1349 2470 partitur
1380 2393 1532 2470 siapalia,

341 2505 466 2580 prout
493 2498 594 2575 vult,
620 2504 659 2556 et
679 2498 895 2557 sectandam
915 2504 1127 2577 propriam
1143 2504 1339 2582 cujusque
1355 2502 1534 2580 disposi-

346 2613 510 2683 tionem,
529 2614 567 2667 et
581 2601 945 2691 cooperationem⁵).
963 2604 1117 2690 Largitur
1132 2606 1239 2691 itaque
1257 2606 1397 2692 Spiritus
1415 2612 1448 2672 S.
1462 2629 1535 2695 gra·

344 2716 421 2779 tiam
448 2712 677 2797 justificantem
710 2712 824 2796 partim
852 2715 1027 2777 secundnm
1051 2736 1108 2779 sua
1130 2715 1367 2800 sapientissima
1383 2718 1536 2789 vconsilia,

345 2824 461 2912 partim
478 2824 652 2887 secundnm
669 2823 856 2909 dignitatem
874 2836 966 2909 atque
980 2825 1428 2911 capacitatemrecipientium,
1444 2827 1487 2891 ita
1504 2840 1538 2891 ut

345 2955 441 2998 nemo
458 2931 595 3020 gratiam
610 2931 695 2995 illam
712 2945 936 3018 consequatur,
953 2933 1015 2998 nisi
1032 2935 1207 3019 dispositus
1225 2937 1336 3011 luerit,
1353 2950 1446 3021 atque
1465 2958 1537 3001 cum

345 3042 452 3132 gratia
484 3041 588 3105 divina
612 3055 844 3126 cooperaturus
866 3042 917 3106 sit.
957 3042 1047 3107 Unde
1064 3065 1158 3128 quum
1176 3044 1309 3110 consilia
1332 3047 1370 3110 de
1389 3045 1536 3112 omnihus

344 3151 527 3217 horninibus
544 3173 607 3215 non
625 3151 689 3215 sint
705 3153 826 3225 cadem,
843 3164 935 3237 atque
954 3153 1047 3216 etiam
1067 3153 1236 3238 dispositio
1253 3168 1286 3219 et
1302 3156 1487 3241 cooperatio
1504 3157 1537 3220 in

345 3260 494 3327 omnihus
526 3280 589 3324 non
613 3260 655 3324 sit
679 3260 833 3346 aequalis:
864 3261 969 3348 gratia
986 3261 1191 3328 sanctificans
1209 3265 1336 3329 diversa
1353 3287 1478 3351 quoque
1495 3264 1537 3330 sit

345 3390 484 3434 neccsse
501 3381 560 3433 est.

455 3479 528 3543 Pari
550 3482 646 3543 modo
668 3493 772 3544 atrtem
794 3481 929 3567 gratiam
954 3483 1109 3545 actualem
1132 3483 1214 3546 haud
1239 3483 1359 3570 aequali
1386 3481 1537 3549 mensuri

346 3587 496 3654 omnibus
523 3588 658 3652 concedi
672 3638 680 3662 ‚
696 3591 765 3673 jam
782 3611 822 3653 eo
845 3603 937 3654 extra
955 3612 1082 3654 omnem
1099 3591 1306 3656 dubitationis
1322 3594 1422 3657 aleam
1440 3596 1536 3659 collo-

345 3711 452 3771 catur,
484 3697 634 3782 qnoniam
657 3698 718 3763 alia
739 3698 845 3785 gratia
866 3699 982 3764 efficax
1004 3713 1070 3776 est,
1087 3701 1147 3766 alia
1164 3715 1284 3766 tantum
1302 3694 1476 3767 sufficiens.
1502 3703 1537 3768 si

345 3820 454 3873 autem
472 3806 646 3892 quaeritur,
663 3829 759 3893 qnare
777 3809 837 3874 alia
853 3810 976 3897 gratiae
993 3812 1086 3896 hujus
1102 3813 1183 3896 plus,
1200 3812 1252 3876 alii
1267 3833 1346 3877 vero
1364 3811 1468 3876 minus
1485 3833 1536 3876 ac-

346 3916 482 4001 cipiant:
500 3928 646 4000 putamus
662 3917 755 3991 idem,
773 3921 857 4003 quod
874 3917 984 3983 statuit
1000 3918 1177 3984 Concilium
1195 3920 1415 3984 Tridentinnm
1433 3923 1537 4005 quoad

344 4025 483 4114 gratiam
515 4025 773 4089 sanctificantem·
793 4048 850 4090 sen
876 4027 1126 4111 justificantem,
1150 4029 1244 4092 etiam
1266 4029 1317 4093 hic
1334 4031 1536 4093 statuendum

345 4154 433 4208 esse,
450 4133 597 4198 videlicet
618 4156 872 4222 unumquemque
896 4159 985 4200 suam
1010 4138 1154 4221 recipcre
1177 4137 1314 4224 gratiam
1331 4138 1537 4203 auxiliantem

345 4244 523 4309 secundum
540 4265 732 4320 mensuram,
749 4267 841 4330 quam
853 4247 992 4331 Spiritus
1004 4251 1037 4311 S.
1047 4247 1182 4331 partitur
1199 4247 1344 4335 singulis,
1360 4261 1456 4333 prout
1472 4251 1537 4312 vult

346 4354 524 4418 secundum
539 4354 775 4438 sapientissima
791 4377 849 4420 sna
865 4357 1009 4432 consilia,
1025 4357 1045 4420 i.
1064 4378 1090 4420 e.
1108 4379 1168 4440 pro
1186 4379 1236 4431 eo,
1253 4359 1337 4444 qnod
1353 4359 1392 4421 de
1408 4357 1535 4422 homine

345 4461 491 4536 intendit,
507 4475 540 4526 et
555 4467 730 4528 secundnm
752 4466 846 4549 lntjus
869 4465 1113 4550 dispositionem
1129 4478 1162 4530 et
1178 4466 1450 4551 cooperationem,
1467 4467 1488 4530 i.
1506 4488 1534 4531 e.

456 4721 484 4797 ¹)
500 4720 588 4782 Rom.
608 4718 658 4795 12,
676 4719 707 4786 3.
725 4758 763 4767 -
785 4723 811 4802 ²)
830 4724 931 4802 aptet.
950 4726 1019 4786 287.
1037 4726 1078 4782 aci
1092 4727 1234 4787 Dardaa.
1252 4747 1276 4787 c.
1294 4727 1321 4786 6.
1338 4747 1368 4785 rt.
1387 4728 1437 4789 19.
1454 4722 1536 4807 Opp.

347 4810 388 4871 Τ.
404 4807 435 4870 2.
452 4831 478 4869 c.
496 4808 571 4873 684.
603 4848 647 4858 —
681 4811 705 4892 ³)
721 4814 821 4892 Epist.
845 4818 914 4875 168.
933 4817 975 4874 ad
1005 4815 1179 4880 Hieremia.
1197 4819 1246 4878 13.
1277 4814 1324 4878 Ib.
1342 4836 1367 4876 c.
1384 4811 1461 4880 599.
1494 4853 1536 4866 -ν

348 4904 378 4979 ⁴)
395 4904 488 4965 Dom.
506 4904 554 4966 15.
565 4911 648 4984 post.
664 4907 751 4968 Petit.
768 4941 812 4950 -
832 4905 856 4986 ⁵)
874 4907 955 4971 Sess.
974 4909 1002 4971 6.
1019 4927 1044 4968 c.
1063 4911 1089 4970 7.
