3775 5625
1442 418 1509 489 253

321 606 400 651 ura:
418 585 452 651 id
468 607 663 672 nequaqnam
696 586 830 673 amplius
862 584 931 651 lieri
965 598 1091 671 possem
1117 607 1188 650 nam
1210 588 1361 651 caderent
1376 585 1408 649 in
1424 584 1508 650 illam

320 695 498 761 :ontrariae
524 716 561 759 ac
582 695 751 782 oppositae
773 696 1002 782 proprietates,
1025 716 1105 781 quae
1127 695 1180 759 nni
1196 695 1359 781 eidemque
1378 707 1508 761 naturae

321 805 489 869 cnvenire
506 827 568 868 non
587 818 738 890 possunt,
765 818 796 869 et
812 804 959 869 diuinitas
992 826 1102 889 passa,
1127 806 1174 868 vel
1198 804 1376 869 humanitas
1408 804 1507 869 omni·

320 930 487 989 raesens,
503 914 614 999 paucis
632 914 780 984 diuinitas
798 914 990 988 humanitas,
1015 926 1046 977 et
1062 913 1241 978 humanitas
1258 912 1405 978 divinitas
1423 934 1507 988 csse,

324 1022 410 1086 latui
427 1024 567 1097 deberet,
585 1046 647 1109 quo
665 1046 744 1088 sano
761 1023 804 1087 nil
820 1024 990 1088 absurdius
1008 1022 1145 1110 cogitari
1162 1036 1216 1087 aut
1233 1022 1295 1087 dici
1312 1034 1419 1107 potest
1432 1023 1467 1103 ¹).

421 1154 463 1214 B.
488 1151 534 1215 lta
555 1173 679 1236 quoquc
704 1152 920 1226 Graecorum,
938 1151 1185 1237 Latinorumque
1216 1153 1372 1215 Petrum
1404 1150 1506 1215 multi·

320 1256 387 1321 udo
404 1272 593 1345 perpetuum
604 1258 771 1324 Ecclesiae
788 1272 949 1324 monstrat
965 1281 1160 1324 consensum
1178 1260 1217 1323 de
1240 1260 1361 1323 duabus
1384 1258 1416 1322 in
1433 1280 1506 1323 carr·

325 1384 385 1431 em
400 1390 573 1454 personam
606 1368 870 1434 convenientibus
902 1369 1041 1444 naturis,
1064 1370 1159 1434 etiam
1181 1382 1256 1453 post
1271 1368 1421 1432 unionem
1437 1368 1507 1433 sine

321 1474 376 1540 lla
390 1478 580 1543 confusione
601 1480 650 1542 vel
671 1478 887 1543 exstinctione
920 1479 1103 1549 alterutrius
1120 1479 1151 1542 in
1170 1479 1299 1545 Christo
1316 1477 1506 1543 remanenti·

321 1606 382 1651 us.
404 1588 448 1653 Et
462 1588 590 1674 quidem
605 1588 637 1651 id
654 1590 781 1653 tradunt
797 1611 860 1653 non
880 1602 1000 1654 tantum
1018 1593 1076 1653 SS.
1093 1591 1206 1654 Patres
1225 1608 1348 1663 omnes,
1365 1587 1417 1673 qui
1432 1599 1509 1674 post

320 1697 490 1762 !‹mcilinm
507 1676 769 1763 Chaleeilonense
785 1697 950 1772 vixerunt,
971 1697 1001 1761 in
1021 1720 1082 1783 quo
1101 1700 1220 1785 dogma
1236 1709 1383 1761 nostrum
1400 1698 1505 1761 solen·

320 1802 393 1870 iter
416 1806 580 1871 delinitum
601 1806 675 1882 fuit,
697 1809 755 1871 sed
777 1819 808 1871 et
830 1807 882 1892 qui
902 1807 1052 1872 vixerant
1075 1821 1157 1872 ante.
1188 1809 1311 1871 Horum
1327 1805 1507 1871 unanimem

320 1916 489 1981 octrinam
512 1918 616 2002 quoad
640 1929 787 1981 nostrum
803 1916 876 1981 lidci
894 1918 1062 1983 articulum
1080 1919 1118 1981 ab
1134 1918 1367 2002 Apostolorum
1384 1928 1504 2001 tempo·

320 2022 397 2091 bus
422 2028 585 2111 usquead
610 2027 767 2090 lamlatam
796 2028 962 2111 synodum
989 2028 1279 2102 theotoretus,
1300 2023 1505 2101 Leontius,

345 2134 424 2209 atii,
442 2135 495 2220 qui
512 2137 666 2199 adversus
683 2133 981 2220 Monoplrysitsrum
997 2135 1145 2200 haeresin
1162 2136 1378 2221 scripserunt,
1396 2146 1503 2199 osten·

320 2256 392 2309 rnt.
427 2245 524 2308 Multa
548 2266 673 2332 quoque
705 2266 817 2309 eorum
840 2243 1025 2308 testimonia
1039 2244 1072 2307 in
1089 2243 1224 2329 epistola
1247 2243 1389 2309 Leonis
1406 2244 1448 2309 Μ.
1466 2244 1505 2307 ed

323 2353 508 2427 avianum,
524 2352 557 2417 in
574 2353 719 2418 Concilio
739 2353 992 2420 Chalcedonensi
1009 2375 1036 2417 a.
1054 2353 1129 2418 630.
1147 2375 1165 2417 a
1180 2352 1329 2418 Patribus
1352 2364 1503 2437 suscepta

340 2464 547 2549 approbata,
564 2462 697 2527 recitata
712 2464 870 2551 leguntur.
894 2465 936 2527 Et
952 2463 1078 2550 quidem

416 2612 447 2652 a.
474 2610 586 2653 omncs
603 2589 635 2652 bi
652 2604 777 2655 veteres
793 2593 922 2666 Patres,
945 2590 1106 2656 Christum
1123 2588 1294 2654 Dominum
1311 2590 1412 2654 Deum
1429 2610 1503 2654 esse

320 2697 487 2763 erfectum
519 2697 639 2782 pariter
656 2720 694 2763 ac
711 2700 888 2784 perlectum
911 2700 1088 2774 hominem,
1106 2712 1307 2763 constantem
1323 2720 1366 2762 cx
1382 2700 1503 2763 duabus

320 2807 431 2872 ituris
450 2807 609 2871 distinctis
626 2809 664 2872 ab
681 2808 817 2873 invicem
839 2822 931 2895 atquc
949 2808 980 2873 in
997 2831 1090 2874 unam
1112 2831 1284 2895 personam
1302 2809 1503 2883 coeuntibus,
1586 2802 1588 2804 ¹

324 2914 414 2981 rhis
448 2915 586 2982 delinitis
618 2917 755 2983 edicunt.
804 2919 895 2996 Quod
927 2918 1112 2983 nominatim
1145 2919 1279 2984 faciunt:
1323 2919 1503 2983 Clemens

320 3017 414 3093 lex.
428 3029 473 3108 ²),
488 3029 628 3092 Petrus
646 3030 750 3093 Alex.
765 3029 805 3109 ³),
820 3028 1064 3093 Athanasius
1077 3029 1115 3107 ⁴),
1133 3027 1348 3114 Gregorius
1364 3029 1503 3107 Now),

320 3188 574 3210 w

415 3305 444 3380 ¹)
461 3301 506 3363 Cl.
523 3300 555 3364 J.
572 3303 737 3364 Damaso.
755 3306 803 3362 De
812 3303 871 3379 fid,
889 3307 966 3368 ortb.
983 3306 1002 3363 l.
1019 3305 1048 3366 3.
1066 3324 1091 3367 c.
1107 3305 1136 3362 3.
1155 3301 1234 3383 Opp.
1252 3300 1330 3366 ml.
1347 3296 1501 3382 p.205ss.

340 3393 390 3470 ²)
400 3395 536 3469 Paedap.
554 3396 573 3454 l.
591 3397 620 3455 1.
638 3415 663 3459 c.
679 3398 709 3459 3.
727 3393 806 3474 Opp.
824 3396 861 3454 T.
878 3395 905 3457 1.
922 3416 953 3475 p.
975 3392 1047 3456 101.
1065 3397 1106 3453 Iu
1122 3393 1260 3453 omuibus
1270 3395 1405 3469 prodest,
1430 3399 1457 3450 et
1468 3391 1502 3450 iu

323 3485 446 3545 nibus
457 3486 728 3566 juvatDomiuus‚
745 3493 778 3544 et
798 3492 978 3562 tamquam
998 3488 1099 3546 bomo
1124 3492 1158 3544 et
1180 3492 1365 3560 tamquam
1380 3486 1500 3545 Deus:

320 3583 445 3635 tecam
466 3576 586 3650 quidem
601 3578 766 3650 remittens,
787 3585 825 3635 ut
843 3579 963 3636 Deus:
978 3597 1014 3635 ue
1025 3596 1183 3655 peccemus
1199 3584 1308 3648 autem,
1331 3573 1503 3651 poedopopi

320 3675 353 3716 ’4
396 3667 572 3741 instituens,
611 3675 650 3726 ut
672 3671 782 3728 borno.
830 3669 872 3726 Et
903 3668 942 3728 al.
976 3689 999 3728 s.
1031 3703 1075 3712 —-
1107 3669 1215 3748 ³)Ap.
1246 3669 1375 3730 Leont.
1415 3668 1500 3727 Oout.

320 3763 429 3818 ator.
446 3764 474 3816 et
487 3760 618 3836 Eutyclt.
636 3762 656 3818 l.
675 3763 703 3821 l.
721 3758 890 3820 Galland.
914 3763 955 3818 B.
974 3761 1042 3818 121².
1060 3761 1099 3825 T.
1117 3756 1169 3822 12.
1186 3780 1217 3838 p.
1235 3755 1300 3822 668
1318 3779 1343 3821 s.
1360 3759 1459 3831 Haeo,
1476 3765 1504 3816 et

354 3849 504 3920 similia,
523 3855 552 3908 et
564 3850 655 3926 sipua
672 3851 788 3920 munio,
807 3870 882 3926 quae
899 3849 993 3928 fecit,
1011 3857 1039 3909 et
1052 3849 1177 3908 uirtutes
1194 3852 1413 3920 demonstrant,
1439 3868 1502 3906 esse

320 3949 359 3992 ’ἱ
395 3943 493 4000 Deum
518 3941 640 4019 factum
671 3941 829 4001 homiuem.
866 3943 999 4017 Utraque
1022 3941 1123 4017 itaque
1144 3944 1362 4010 demonstrant,
1380 3946 1407 3998 et
1422 3941 1502 4014 quod

320 4030 362 4081 t
391 4033 490 4092 Deus
511 4036 639 4103 nature,
657 4040 685 4092 ct
700 4035 779 4108 quod
793 4031 863 4111 fuit
881 4034 985 4092 bomo
1005 4035 1126 4093 maturo.
1144 4067 1186 4078 —
1205 4034 1232 4109 ⁴)
1248 4030 1352 4109 Epist.
1369 4033 1410 4088 ad
1424 4029 1499 4105 Epi·

320 4114 353 4171 ·‘·
392 4141 419 4181 u.
436 4127 466 4186 2.
489 4121 569 4204 Opp.
586 4125 625 4188 T.
646 4123 673 4186 1.
691 4125 726 4186 P.
744 4122 775 4185 2.
791 4144 822 4203 p.
840 4121 916 4186 902.
951 4123 1018 4192 Quo
1044 4130 1136 4198 pacto
1168 4121 1242 4194 virt,
1275 4121 1328 4197 qui
1359 4119 1501 4180 dicuutur

320 4209 497 4286 rictam,
513 4217 560 4273 uel
574 4215 724 4292 ambiperc
740 4215 810 4274 ausi
826 4222 909 4289 suut,
926 4214 1005 4274 situe
1018 4213 1187 4285 Dominus,
1206 4211 1258 4289 qui
1274 4232 1311 4272 eu
1327 4211 1432 4271 Mario
1446 4233 1499 4270 uo-

373 4313 434 4381 eu,
468 4307 684 4366 substantio
707 4313 739 4365 et
759 4309 896 4366 maturo
927 4309 996 4364 suu
1026 4305 1158 4364 Filius
1179 4302 1266 4377 Dei;
1298 4305 1500 4364 secuudum

320 4398 451 4457 r'nero
466 4417 551 4456 uero
568 4418 611 4457 em
627 4397 761 4457 semiue
776 4397 902 4478 Dauid
917 4404 950 4456 et
973 4417 1014 4456 coc
1030 4415 1145 4456 carue
1160 4395 1194 4456 S.
1211 4394 1359 4454 Mariae
1375 4394 1500 4454 ortus?

352 4479 496 4548 lucam.
518 4495 595 4549 cont.
621 4489 795 4565 Apollinum
813 4491 832 4550 l.
850 4492 878 4547 1.
901 4509 931 4550 u.
949 4491 998 4548 16.
1021 4488 1067 4548 Ib.
1084 4509 1115 4568 p.
1133 4482 1208 4548 936.
1225 4485 1335 4563 Sitque
1352 4486 1499 4544 dicendus

320 4568 400 4665 '⁷:⁴52
426 4579 570 4639 Christus
589 4580 787 4658 perfectus
802 4582 916 4654 Deus,
940 4586 973 4638 et
994 4578 1189 4657 perfectus
1205 4579 1305 4638 bomo
1323 4612 1365 4622 -
1382 4575 1499 4635 rabone

320 4665 499 4730 '²⁸teruiae
510 4671 720 4747 indeficientis.
742 4673 914 4746 Ututraque
924 4691 1004 4729 uuus
1020 4669 1091 4743 siut,
1104 4667 1225 4728 mnuiuo
1237 4669 1403 4748 perfectus,
1420 4666 1500 4727 idem

320 4754 404 4812 ²²⁶⁸
425 4768 460 4821 et
473 4765 583 4822 bomo.
599 4763 642 4822 Et
652 4763 691 4824 al.
701 4784 780 4830 s.-
797 4758 823 4846 ⁸)
839 4761 942 4838 Epist.
961 4765 989 4823 1.
1007 4763 1048 4821 acl
1065 4757 1286 4844 oudonopp.
1296 4760 1334 4821 T.
1346 4755 1498 4824 Lutto.

321 4851 500 4931 “mquam
515 4854 596 4917 enim
610 4858 698 4916 Deua
716 4861 743 4916 et
756 4855 842 4915 bomo
860 4856 957 4914 duae
976 4857 1233 4928 maturescunt,
1250 4852 1498 4928 quemadmodum
