3775 5625
436 426 501 492 368

435 590 623 676 quibusdam
645 589 714 673 ejus
741 587 906 673 discipulis
929 586 1089 674 exceptis,
1120 586 1173 674 qui
1194 587 1256 654 etsi
1283 610 1348 654 non
1376 587 1509 654 inficiati
1537 600 1600 663 suot,

435 698 596 763 Christum
617 699 784 763 doctorem
809 698 940 787 generis
967 697 1096 762 humani
1117 697 1299 773 exstitisse,
1320 710 1430 764 tamen
1453 700 1600 764 contende·

434 808 519 883 hant,
551 829 624 873 eum
655 807 771 871 nullam
802 808 908 895 legem
931 806 1058 885 tulisse,
1087 829 1197 872 verum
1225 820 1339 872 contra
1365 806 1561 873 manifestam
1578 810 1601 870 S.

241 935 245 944 ·
317 989 319 993 ¹
435 916 621 1001 scripturae
638 916 816 981 doctrinam
832 915 863 979 id
880 930 1075 982 asserentes.
1092 917 1173 984 Nam
1184 918 1279 1001 juxta
1293 918 1378 981 hanc
1393 916 1541 982 Christum
1555 936 1602 979 non

434 1025 520 1090 venit
534 1029 656 1105 Lepem
671 1029 812 1107 solvere,
830 1030 891 1089 aed
906 1029 1100 1108 adimplere,
1132 1046 1192 1090 seu
1207 1024 1366 1111 perlicere
1379 1030 1418 1106 ¹),
1441 1026 1604 1111 praeceptis

433 1154 452 1198 a
466 1135 650 1201 Pharitaeis
666 1136 792 1200 traditis
817 1158 876 1200 sua
892 1138 1039 1200 mandata
1061 1135 1225 1201 substituit
1233 1141 1277 1215 ²),
1299 1140 1494 1200 mandatum
1509 1158 1607 1201 aaron

433 1242 674 1334 (instauratum)
698 1244 861 1329 discipulis
877 1245 945 1310 suis
963 1245 1049 1310 dedit
1057 1253 1104 1322 8),
1136 1258 1228 1331 atque
1251 1247 1430 1330 Apostolos
1450 1245 1484 1310 in
1499 1245 1610 1310 unirer·

434 1374 505 1417 sum
522 1356 633 1419 orbem
649 1354 738 1419 abire
753 1354 870 1439 jussit,
886 1367 919 1419 et
934 1355 1053 1419 docere
1071 1375 1183 1418 omnes
1199 1366 1315 1441 gentes
1333 1354 1451 1431 omnia,
1468 1374 1613 1441 quaecun·

433 1483 493 1548 quc
518 1463 681 1528 mandavit
702 1463 830 1548 ipsis⁴).
870 1464 960 1527 Unde
983 1476 1015 1527 et
1037 1463 1252 1548 Apostolus
1274 1462 1402 1540 scribit,
1426 1485 1462 1529 se
1480 1485 1547 1529 non
1561 1467 1617 1528 ret

266 1571 269 1577 ’
387 1611 389 1614 -
435 1574 503 1651 lepe
517 1572 653 1657 Moysis,
684 1575 743 1637 sed
758 1582 794 1637 ire
811 1575 904 1657 (sub)
921 1577 989 1651 depe
1008 1575 1133 1637 Christi
1156 1581 1279 1651 esaei).
1311 1613 1355 1622 -
1386 1576 1478 1640 Haec
1499 1594 1618 1661 quoque

433 1681 589 1747 unanimis
620 1682 760 1747 omnium
792 1684 994 1747 saeculorum
1016 1682 1097 1748 fides
1119 1683 1191 1758 luit,
1219 1696 1313 1769 atque
1328 1685 1489 1750 Ecclesia·
1499 1705 1622 1770 semper

433 1789 595 1856 Christum
616 1814 679 1856 non
701 1804 822 1856 tantum
843 1792 1025 1866 doctorem,
1048 1793 1106 1856 sed
1127 1805 1160 1857 et
1182 1792 1405 1881 legislatorem
1420 1793 1558 1881 generis
1572 1794 1622 1858 hu·
1659 1773 1662 1788 ⁴

431 1900 516 1965 mani
531 1914 682 1966 venerata
698 1914 757 1966 est.
783 1901 985 1985 Quapropter
1007 1901 1227 1966 Concilium
1250 1902 1533 1968 Tridentinum
1553 1903 1623 1968 deli·

432 2010 527 2073 nivit:
545 2012 585 2073 St
601 2020 675 2095 quie
691 2015 831 2090 dicerit,
858 2012 1027 2073 Christum
1048 2012 1168 2074 ‚lerum
1185 2034 1206 2074 a
1221 2013 1293 2075 Deo
1310 2016 1501 2076 hominibus
1519 2018 1625 2076 muer

429 2124 552 2201 fuisse,
585 2124 812 2201 redemtorem,
836 2127 890 2183 eui
904 2124 1030 2204 fidant,
1052 2144 1120 2185 non
1139 2123 1238 2184 etiam
1257 2131 1301 2185 ut
1321 2125 1623 2203 depietatorerr,

433 2238 494 2293 cut
510 2234 716 2295 obediant:
732 2255 763 2295 a.
781 2231 849 2309 al).

537 2340 642 2404 Porro
674 2340 822 2406 Christus
854 2360 917 2403 non
941 2352 1062 2404 tantum
1082 2342 1243 2426 Propheta
1269 2362 1380 2417 verus,
1402 2344 1464 2407 sed
1491 2341 1627 2408 omnium

431 2447 664 2533 Prophetarum
682 2471 826 2513 summus
843 2448 910 2524 luit,
927 2450 978 2513 eui
995 2470 1112 2518 nomen
1128 2451 1190 2513 hoc
1206 2451 1302 2537 longe
1314 2450 1578 2518 eminentissimo
1594 2473 1627 2518 ac
1660 2475 1662 2486 ·

432 2558 710 2641 praestantissimo
743 2579 842 2622 sensu
875 2557 1075 2622 tribuendum
1092 2572 1151 2623 est
1181 2560 1263 2623 Nam
1278 2558 1339 2622 viri
1354 2558 1493 2645 reliqui,
1509 2562 1563 2647 qui
1578 2561 1626 2625 illo
1659 2591 1662 2634 1

432 2666 559 2738 nomine
577 2668 889 2743 corrdecorabantur,
912 2689 1025 2733 omnes
1046 2670 1117 2754 ejus
1137 2669 1268 2733 lirarunt
1288 2668 1438 2753 discipuli
1462 2692 1504 2736 ac
1525 2669 1629 2759 legati,

433 2776 487 2865 qui
503 2778 542 2843 ah
559 2798 598 2842 eo
615 2777 783 2843 veritatem
799 2789 890 2842 erant
905 2778 1027 2853 edocti,
1048 2790 1081 2842 et
1101 2799 1174 2843 eum
1188 2778 1372 2849 hominihus
1389 2779 1629 2849 annuntiarunt

432 2886 494 2952 Alii
523 2889 703 2972 Prophetae
734 2888 902 2952 veritatem
935 2887 1203 2952 communicatam
1222 2889 1383 2954 habehant
1403 2911 1468 2974 per
1496 2890 1627 2976 inspira·

433 2997 566 3072 tionem,
599 2997 745 3062 Christus
766 3019 824 3082 per
848 3011 1013 3062 aeternam
1035 2997 1232 3063 substantiae
1255 2999 1381 3063 divinae
1404 3001 1626 3085 participatio·

406 3129 505 3179 ¹nem
535 3129 593 3172 seu
623 3104 775 3181 αὐτοψίαν
784 3111 822 3185 ⁷).
874 3107 936 3172 Alii
967 3107 1162 3172 exstiterunt
1191 3108 1440 3193 praedicatores
1475 3110 1626 3184 veritatis,

371 3219 393 3302 's
433 3218 578 3283 Christus
610 3230 661 3282 est
691 3218 810 3283 veritas
841 3218 958 3302 ipsa⁸).
998 3218 1080 3282 Hinc
1105 3218 1157 3304 qui
1173 3218 1279 3302 ipsmn
1296 3219 1511 3294 videt,videt
1527 3234 1560 3286 et
1575 3223 1625 3285 Pa·

431 3335 558 3409 trem⁹).
597 3332 699 3413 Atque
722 3329 796 3392 ideo
821 3328 975 3392 revelatio
1000 3349 1057 3411 per
1076 3329 1239 3393 Christum
1255 3309 1340 3393 l'acta
1354 3342 1407 3394 est
1424 3332 1625 3396 absoluta

349 3432 352 3453 ²
432 3439 585 3502 Doctrina
601 3439 686 3502 enim
700 3438 801 3522 ipsius
819 3439 858 3502 de
874 3439 943 3525 lieo
962 3439 1095 3523 ejusque
1112 3438 1272 3504 attributis
1289 3452 1384 3524 atque
1400 3443 1578 3524 operibus,
1593 3443 1624 3505 de

432 3548 549 3611 mundo
566 3548 699 3632 physico
717 3571 756 3613 ac
770 3548 895 3622 morali,
912 3529 951 3611 de
967 3549 1104 3635 Angelis
1119 3561 1214 3635 atque
1229 3549 1437 3625 hominibus,
1458 3553 1499 3616 de
1518 3563 1625 3616 nostra

396 3654 399 3659 ’
432 3660 556 3724 scilicet
587 3661 728 3747 origine,
753 3661 817 3726 line
843 3674 967 3736 nostro,
983 3683 1022 3725 ac
1038 3660 1152 3725 mediis
1173 3663 1258 3725 ltunc
1274 3662 1484 3745 assequendi,
1502 3664 1543 3726 de
1559 3660 1624 3725 olli·

434 3769 492 3833 ciis
509 3790 589 3857 erga
603 3770 707 3834 Deum
723 3772 948 3857 hominesque,
973 3793 1069 3858 quum
1085 3771 1214 3855 arrtiqua
1233 3783 1368 3855 propter
1384 3769 1559 3835 infantiam
1574 3791 1622 3857 ge·

432 3879 519 3944 rueris
535 3881 663 3944 humani
678 3894 768 3947 esset
783 3883 992 3966 incompleta,
1013 3882 1202 3965 imperfecta
1224 3903 1263 3946 ac
1283 3881 1402 3965 populo
1421 3882 1621 3945 solummodo

432 3990 608 4054 Israelitico
641 3993 723 4065 dato,
755 4004 805 4054 est
835 3991 1084 4075 plenissima,
1117 3990 1330 4074 purissima
1362 4003 1395 4053 et
1425 3993 1468 4056 ad
1494 4008 1621 4055 omnes

432 4100 587 4165 omnino
604 4114 745 4189 gentes
762 4102 1029 4185 pertinerem),
1044 4100 1088 4164 ita
1105 4113 1139 4164 ut
1155 4122 1250 4178 nemo
1267 4112 1342 4185 post
1358 4099 1472 4184 ipsum
1488 4102 1560 4186 plus
1575 4109 1619 4163 aul

432 4210 606 4292 perfectius
623 4213 699 4275 dare
716 4211 809 4277 nohis
827 4210 943 4287 ualeat,¹
956 4226 987 4276 et
1002 4212 1213 4300 Evangelium
1229 4213 1285 4275 lux
1302 4212 1354 4287 sit,
1372 4233 1458 4296 quae
1475 4212 1619 4277 illuminet

430 4402 646 4415 -n———a

542 4502 564 4592 ¹)
582 4513 689 4572 ltatd.
706 4509 737 4586 ὁ,
757 4509 807 4573 17.
828 4548 867 4557 -
886 4516 913 4594 ²)
929 4517 1036 4578 Matth.
1054 4511 1086 4590 5,
1103 4514 1148 4577 20
1165 4537 1205 4576 ss.
1229 4470 1283 4562 ¹-
1305 4518 1332 4597 3)
1352 4514 1451 4579 Joan.
1474 4515 1524 4591 13,
1542 4510 1582 4577 34
1594 4530 1614 4571 r.

432 4631 475 4644 ⁸·
493 4600 641 4679 ⁴)Matth.
659 4600 783 4675 28‚20·
804 4639 843 4650 ·-·
864 4602 890 4689 ⁵)
909 4605 937 4667 l.
956 4607 1027 4669 Cor.
1045 4604 1146 4682 9,21.
1169 4643 1211 4652 -
1238 4606 1265 4686 6)
1282 4607 1367 4672 Sese.
1384 4613 1416 4671 6.
1433 4631 1501 4670 caro.
1518 4610 1612 4668 21.-

404 4715 407 4723 ·
436 4689 459 4768 ⁷)
479 4691 523 4752 Of.
540 4690 633 4755 Joan.
651 4693 682 4764 3,
702 4694 752 4755 ll.
771 4694 801 4770 8,
820 4694 863 4757 26
880 4717 921 4758 ss.
955 4736 997 4745 —
1032 4699 1057 4778 Β)
1073 4697 1164 4760 Joan.
1185 4695 1236 4773 14,
1254 4697 1286 4764 6.
1315 4690 1612 4779 Cf,1,14.18‚3i.

433 4812 476 4933 ’1-0
494 4782 628 4936 ⁹16Joan.
650 4785 700 4863 14,
717 4785 748 4847 9.
781 4825 824 4834 —-
858 4789 897 4870 ¹⁰)
917 4792 1023 4853 Matth.
1041 4788 1096 4873 28,
1115 4789 1256 4856 19-20,
1274 4793 1371 4858 Marc.
1390 4791 1447 4870 16,
1466 4788 1517 4855 15,
1532 4788 1610 4851 Jom.
