3775 5625
385 380 451 446 222

385 567 438 620 se,
455 558 487 609 et
503 546 542 609 de
557 544 755 609 redemtione
776 543 813 608 in
836 545 953 608 nohis
976 565 1206 629 proponamus,
1224 545 1410 610 doctrina
1426 545 1472 609 de
1488 565 1566 630 per·

384 656 593 735 sonalesu
611 653 771 729 Christi,
795 676 874 740 quae
899 653 983 718 illius
1007 654 1094 718 basis
1118 676 1156 719 ao
1180 655 1417 719 lundamentum
1436 666 1497 729 est,
1519 676 1567 719 ne·

375 764 527 839 cessario
551 764 742 847 exponenda
762 775 822 827 est.
868 765 1046 847 Propterea
1070 776 1238 828 tractatum
1261 765 1384 828 hurrcce
1402 764 1443 827 de
1461 775 1570 827 natura

383 886 496 937 nostra
511 893 569 957 per
586 871 748 936 Christum
763 885 911 957 reparata
927 872 959 935 in
977 885 1043 937 tres
1061 873 1229 937 dividimus
1245 885 1365 958 partes,
1383 892 1517 957 quarum

490 999 518 1063 1.
543 1000 588 1061 de
605 1020 776 1083 persona
793 999 959 1073 Christi;

491 1125 522 1190 2.
547 1127 590 1189 de
616 1146 736 1210 opere
760 1127 855 1190 lesu
880 1127 1031 1192 Christi
1056 1127 1220 1191 salutari
1244 1127 1279 1191 in
1296 1148 1340 1192 se
1357 1126 1569 1190 secundum
1619 1174 1667 1221 t.

383 1256 524 1300 munus
539 1236 624 1318 ejus
642 1235 790 1319 triplex
808 1250 984 1320 peracto;
1002 1250 1034 1301 et

487 1361 517 1425 3.
543 1362 582 1424 de
598 1363 795 1428 redemtione
814 1364 933 1428 Christi
949 1364 981 1427 in
999 1364 1091 1429 nobis
1108 1364 1312 1449 perficienda,
1337 1383 1408 1428 seu
1433 1374 1629 1439 nostreq

382 1469 716 1537 sanctificatione
733 1494 777 1537 ac
794 1473 810 1535 l
816 1486 926 1536 utura
942 1473 1245 1560 glorificatione
1262 1472 1338 1559 agit.

849 1754 1095 1767 Μ*

823 2000 1045 2091 Titulus
1088 2001 1123 2094 l.

715 2221 779 2295 De
809 2245 1009 2319 persona
1050 2216 1235 2338 Christi.

829 2409 1113 2515 (Xprosoltoyt'o.)

698 2593 701 2598 ’
808 2608 834 2689 ξ.
860 2604 925 2673 50.
942 2604 1137 2675 Summa.

486 2775 543 2848 Ea,
560 2793 640 2859 quae
657 2773 696 2836 de
712 2791 852 2855 persona
876 2755 1064 2846 Salvator-is,
1088 2784 1262 2856 praeeunte
1280 2773 1314 2836 S.
1331 2770 1512 2856 Scriptura,
1528 2776 1634 2833 fic

380 2884 600 2950 consentiente
625 2880 764 2945 omnium
789 2893 970 2964 temporum
995 2881 1196 2956 Traditione,
1225 2881 1374 2946 Ecclesia
1407 2880 1531 2945 Catholi
1592 2888 1635 2930 ‘⁰³

377 2994 484 3069 tradit,
500 2996 561 3057 huc
577 2991 779 3077 potissimum
796 2993 941 3065 redeunt,
965 3011 1039 3056 esse
1057 2993 1187 3057 desum
1204 2991 1409 3058 Christum
1426 2990 1499 3054 llei
1513 2975 1633 3054 1⁴⁴5·

376 3105 479 3179 lium,
502 3124 637 3167 verum
661 3101 789 3175 Deum,
813 3113 979 3164 aeterno
1002 3101 1108 3165 Patri
1123 3097 1291 3180 dpooiocor,
1307 3113 1427 3185 atque
1451 3100 1526 3163 sim
1542 3085 1635 3147 ¹¹¹

376 3234 506 3278 verum
522 3212 721 3285 hominem,
745 3210 862 3273 nobis
879 3209 1334 3283 consubstantialem,in
1350 3213 1635 3273 unatamaess

376 3343 549 3406 persona
566 3319 865 3384 subsistentem.

638 3559 664 3640 t.
682 3555 747 3623 51.
772 3554 991 3626 Christus
1008 3572 1151 3627 verus
1167 3558 1307 3626 neus.

482 3725 566 3782 luter
589 3723 694 3781 hostes
718 3725 886 3791 divinitatis
912 3726 935 3783 J
945 3744 1017 3785 esu
1043 3724 1200 3794 Christi,
1222 3735 1256 3785 ut
1279 3724 1350 3782 alibi
1360 3723 1427 3797 J'am
1445 3724 1574 3783 demtr
1588 3731 1617 3769 1¹·

378 3833 556 3901 stravimus,
589 3833 642 3892 alii
672 3843 754 3902 sunt,
786 3836 837 3911 qui
869 3854 935 3894 eam
958 3837 1107 3895 indirecte
1130 3836 1358 3913 impugnarunt,
1391 3843 1425 3891 ut
1442 3834 1538 3893 Ceri
1573 3840 1608 3879 1¹·

377 3942 622 4010 thus,Ilhion,
638 3943 839 4011 Nazaraei,
856 3944 1116 4020 Carpocrates,
1134 3943 1364 4010 Theodotus,
1382 3946 1555 4002 Artemo
1574 3948 1600 3997 h
1664 3993 1667 4019 ‚

378 4052 553 4110 Sabelliu
565 4071 590 4122 s,
608 4062 712 4128 utpote
730 4062 782 4110 aut
798 4053 988 4112 divinitatem
1004 4055 1062 4112 Dei
1080 4053 1159 4123 Filii,
1177 4062 1229 4111 aut
1249 4052 1315 4126 ejus
1331 4043 1499 4107 ὑπόστασιν
1513 4068 1550 4109 r!
1561 4059 1592 4096 θ·
1661 4128 1663 4133 Ι

378 4168 505 4238 gentem
522 4162 573 4237 qui
588 4161 667 4219 anim
685 4160 763 4220 hanc
779 4162 828 4219 vel
844 4161 926 4220 illam
944 4181 1003 4220 non
1021 4163 1191 4242 admittunt,
1216 4161 1373 4219 Christum
1390 4162 1492 4219 Deum
1512 4167 1586 4218 νθ·
1664 4208 1667 4219 .

377 4287 443 4327 rum
467 4269 580 4328 hahere
605 4280 766 4347 nequeunt.
814 4271 874 4328 Alii
898 4291 971 4328 vero
1000 4271 1116 4329 Christi
1139 4280 1280 4329 naturam
1297 4269 1430 4328 divinam
1449 4269 1582 4329 directe
1655 4250 1657 4255 ,

377 4377 536 4453 impetunt,
553 4388 586 4437 ut
603 4379 803 4448 Photinus,
820 4381 962 4438 Paulus
980 4381 1271 4445 Samosatenus,
1289 4379 1399 4454 quihus
1412 4381 1579 4439 calcatum
1655 4364 1667 4380 ⁸

378 4486 557 4560 adjecerunt
579 4487 790 4547 Sociniani
812 4498 843 4546 et
866 4490 1059 4548 recentiores
1076 4488 1372 4556 Rationalistae,
1391 4489 1443 4564 qui
1458 4487 1580 4563 impie·
1662 4546 1665 4554 ,

379 4603 440 4653 tate
457 4613 562 4652 omnes
578 4596 840 4669 praedecessores
858 4607 1004 4673 superant
1020 4597 1206 4666 haereticos,
1223 4598 1266 4655 ita
1282 4606 1318 4654 ut'
1332 4615 1402 4656 cum
1418 4596 1495 4673 ipsis
1511 4587 1584 4653 νίι
1665 4598 1667 4673 ζ

378 4702 553 4777 comparari
569 4703 697 4777 possint,
715 4703 873 4770 Christum¹
888 4723 955 4764 cum
973 4706 1163 4784 Pythagora,
1181 4706 1325 4774 Socrate,
1346 4705 1487 4775 Platone,
1503 4704 1585 4763 8⁶⁶

379 4826 466 4879 neca,
490 4812 616 4887 aliisque
638 4813 827 4889 antiquitatis
853 4813 1056 4890 philosophis,
1083 4815 1216 4874 Graccis
1240 4824 1330 4892 atque
1351 4815 1484 4889 haduis,
1507 4800 1597 4873 ⁸⁰³
