3775 5625
342 404 410 471 430

342 569 470 634 licando
493 588 551 633 seu
571 565 752 651 spirituales
769 565 942 630 reddendo.
968 564 1008 629 St
1023 571 1099 648 puis
1115 574 1223 628 autern
1238 572 1393 647 spiritum
1412 564 1527 628 &bricti

344 681 540 757 nonhabet,
574 674 688 761 spiritu
715 674 833 740 Christi
856 697 920 739 non
944 687 995 739 est
1017 672 1192 749 animatus,
1212 682 1274 768 ‘bio
1295 697 1362 739 non
1383 679 1527 753 eotejus,

347 785 472 851 scilicet
502 784 661 873 genuinus
688 783 771 848 iilius
794 796 847 847 aut
864 783 1047 868 discipulus.
1088 783 1128 846 Si
1160 793 1268 847 autem
1288 786 1529 847 Christuoin

343 900 454 959 vobis
486 904 564 974 est,
599 897 864 976 corpuspuidem
880 902 1063 973 mortuum,
1096 892 1211 957 mortis
1231 892 1420 958 necessitati
1436 893 1530 957 obno-

343 1004 447 1079 xium,
469 1012 520 1066 est
535 1013 673 1085 propter
692 1011 880 1083 peecatum,
904 1001 1019 1066 merito
1037 1000 1178 1086 peccati,
1194 1009 1333 1083 spiritus
1347 1024 1426 1064 aero
1443 1009 1534 1064 vivit

340 1123 507 1197 propter
519 1118 885 1193 justificationem,
904 1104 957 1170 aaa
979 1105 1180 1188 δικαιοσύνην,
1202 1132 1296 1195 qnam
1316 1110 1349 1174 in
1367 1110 1474 1175 anima
1489 1110 1532 1198 gi-

344 1222 414 1311 gnit
442 1223 592 1308 fovetque
621 1221 762 1307 Spiritus
785 1225 818 1285 S.
834 1225 867 1301 ¹).
909 1220 1022 1284 Tradit
1041 1220 1147 1305 itaque
1168 1219 1220 1284 hic
1241 1220 1305 1286 loci
1325 1222 1461 1297 Paulus,
1482 1242 1535 1305 per

341 1331 500 1418 justitiam
537 1332 705 1396 nobiscum
743 1330 892 1395 divinitus
930 1329 1212 1405 communicatam,
1250 1330 1413 1396 Christum
1446 1328 1535 1394 nobis

345 1441 497 1516 inesse,
529 1453 561 1504 et
593 1439 747 1524 Spiritum
779 1443 812 1503 S.
844 1438 938 1503 nobis
970 1437 1202 1503 inhabitare.
1244 1440 1335 1517 Quod
1356 1451 1470 1525 aperte
1485 1439 1534 1503 ad-

346 1562 472 1614 struere
495 1570 558 1611 non
581 1559 708 1633 posset,
730 1548 759 1611 si
780 1547 873 1611 nobis
891 1547 1030 1631 Spiritus
1048 1551 1081 1611 S.
1099 1559 1131 1611 et
1146 1568 1205 1632 per
1222 1546 1378 1632 Spiritum
1395 1551 1429 1613 S.
1450 1547 1535 1613 Chri·

346 1672 415 1725 stus
445 1656 612 1732 Dominus,
639 1653 765 1740 justitiis
796 1658 949 1720 duntaxat
980 1656 1074 1720 modo
1107 1656 1229 1720 forensi
1267 1654 1441 1742 imputati,
1486 1677 1535 1721 ex·

345 1782 436 1834 terne
454 1767 654 1831 solummodo
673 1767 809 1829 adesset.
834 1765 956 1829 Deinde
982 1764 1041 1840 ait,
1072 1764 1218 1850 spiritum
1243 1778 1391 1830 nostrum
1406 1778 1537 1853 propter

347 1879 479 1942 eandem
496 1874 665 1961 justitiam,
690 1874 840 1939 divinitus
851 1887 1026 1960 acceptam,
1043 1874 1188 1949 vivere,
1205 1876 1348 1961 adeoque
1359 1876 1447 1940 illam
1456 1876 1537 1960 prio·

347 1986 463 2072 cipium
480 1985 564 2049 vitae
581 1984 771 2069 spiritualis,
804 2006 861 2049 sen
882 1986 966 2049 hanc
986 1984 1083 2048 vitam
1104 1984 1206 2069 ipsam
1228 2007 1310 2050 esse.
1338 1985 1421 2064 Quid
1438 1998 1537 2050 autem

346 2093 411 2160 viti
426 2094 585 2159 interius?
611 2095 693 2158 Tum
710 2092 864 2167 affirmat,
891 2102 952 2158 nos
974 2114 1032 2177 per
1053 2093 1209 2178 Spiritum
1231 2098 1282 2169 S„
1302 2094 1399 2159 nobis
1421 2093 1536 2176 inhabi-

347 2217 477 2278 tantem,
495 2202 547 2288 qui
564 2217 614 2267 est
631 2223 728 2266 causa
743 2202 887 2267 efficiens
899 2202 1157 2288 justificationis,
1182 2203 1273 2269 reddi
1294 2204 1395 2289 spiri
1406 2206 1537 2277 tuales,

348 2335 428 2399 quae
443 2335 509 2377 vox
526 2312 686 2377 constanti
703 2334 764 2376 usu
780 2312 930 2398 loquendi
956 2312 1072 2377 biblico
1090 2311 1254 2399 significat
1271 2326 1424 2389 sanctoS,
1441 2312 1538 2398 perie-

349 2436 438 2497 ctos,
471 2436 503 2486 et
533 2422 585 2486 hic
615 2422 646 2484 vi
679 2422 893 2506 oppositionis
916 2421 958 2485 nil
975 2422 1058 2485 aliud
1075 2422 1204 2485 omnino
1222 2422 1411 2511 significare
1427 2434 1539 2508 potest

350 2532 457 2597 Gratia
482 2529 665 2615 justificans
686 2530 792 2616 itaque
816 2552 858 2595 cx
878 2530 1026 2595 doctrina
1047 2530 1197 2616 Apostoli
1214 2553 1278 2595 non
1296 2544 1434 2596 externe
1452 2530 1539 2595 uobis

350 2652 471 2704 tantum
486 2652 652 2724 peccatum
670 2641 841 2715 condonat,
858 2642 914 2705 sed
932 2639 1026 2704 nobis
1042 2638 1168 2703 interne
1184 2639 1344 2715 inhaeret,
1368 2654 1466 2727 atque
1485 2661 1540 2704 nos
1560 2721 1569 2734 Ι

350 2748 475 2836 perficit
490 2761 522 2814 et
538 2748 725 2815 sanctificat.
760 2788 800 2797 -
834 2750 977 2815 Tertium
998 2749 1217 2815 testimonium
1239 2749 1334 2816 nobis
1352 2750 1486 2816 exhibet
1499 2752 1539 2815 lo-

354 2881 429 2934 cus,
460 2859 513 2923 ubi
534 2859 618 2923 idem
638 2861 777 2924 Paulus
810 2861 919 2935 docet,
942 2861 1308 2945 nequemolles,nequc
1326 2863 1540 2926 masculorum

351 2968 593 3044 concubitores,
614 2991 716 3054 neque
732 2971 835 3044 sures,
862 2991 964 3055 neque
981 2991 1113 3042 avar0S,
1137 2991 1240 3055 neque
1257 2969 1428 3046 ebriosos,
1446 2991 1540 3056 neque

351 3079 543 3154 maledic0S,
568 3101 670 3165 neque
688 3100 822 3165 rapaces
838 3102 975 3167 regnum
991 3079 1051 3142 Dei
1067 3101 1299 3163 possessuros,
1329 3093 1427 3166 atque
1444 3080 1541 3146 addit:

350 3191 492 3252 Etboec
507 3193 634 3270 quidem
653 3194 789 3269 fuistis:
821 3194 883 3251 sed
903 3191 1034 3252 abluti
1056 3197 1171 3268 estis,
1198 3194 1260 3252 sed
1281 3195 1542 3272 sanctificati

351 3306 468 3377 estis,
492 3302 553 3360 sed
561 3303 798 3378 justificati
820 3307 919 3361 estis
940 3307 976 3361 iro
996 3306 1126 3360 nornine
1142 3305 1275 3361 Domini
1299 3301 1388 3362 Jesu
1409 3301 1541 3379 Christi,

352 3417 386 3470 et
399 3415 434 3469 in
450 3407 580 3488 Spiritu
596 3410 657 3470 Dei
672 3417 780 3471 nostri
788 3406 825 3496 ²).
867 3409 935 3486 Quo
951 3408 984 3471 in
1003 3409 1075 3473 loco
1094 3409 1190 3472 docet
1205 3410 1386 3494 Apostolus
1403 3408 1543 3474 homines

351 3515 384 3579 in
399 3515 562 3600 baptismo
579 3516 695 3581 virtute
712 3518 791 3582 Jesu
809 3517 926 3582 Christi
943 3530 1036 3603 atque
1055 3517 1240 3601 operatione
1259 3517 1405 3602 Spiritus
1424 3522 1459 3583 S.
1470 3516 1543 3583 ablui

354 3637 386 3688 et
402 3622 606 3696 sanctificari,
624 3637 716 3710 atque
733 3627 795 3689 hoc
811 3625 916 3709 ipsum
932 3647 1006 3691 esse
1022 3623 1056 3685 τὸ
1069 3626 1251 3710 justificari.
1287 3627 1384 3706 Quod
1402 3629 1433 3693 si
1449 3641 1544 3693 autem

352 3729 540 3814 justificatio
562 3743 612 3795 est
628 3734 744 3797 ablutio
763 3747 795 3798 et
811 3734 1039 3800 sanctificatio:
1064 3748 1186 3827 certum
1204 3748 1269 3811 est,
1281 3736 1544 3820 justificationem

355 3858 419 3900 non
436 3840 536 3902 solam
557 3855 764 3924 peccatorum
786 3845 1025 3920 remissionem,
1048 3859 1102 3909 aut
1122 3846 1224 3910 solam
1241 3846 1492 3930 imputationem
1501 3848 1545 3931 ju·

357 3945 475 4022 stitiae,
498 3961 551 4012 aut
573 3951 821 4016 declarationem
838 3956 934 4017 modo
952 3953 1090 4028 sorensi,
1113 3967 1167 4018 aut
1189 3967 1312 4018 tantum
1329 3955 1393 4019 Dei
1411 3956 1546 4021 favorem

356 4076 439 4119 esse.
458 4093 498 4104 —-
517 4059 668 4135 Quartum
685 4061 900 4125 testimonium
917 4084 976 4146 pro
995 4065 1144 4150 dogmate
1162 4076 1276 4128 nostro
1296 4063 1396 4130 nobis
1416 4063 1547 4131 occurrit

356 4160 388 4225 in
405 4164 540 4247 epistola
556 4169 601 4230 ad
619 4168 759 4243 Titum,
775 4170 806 4232 in
825 4191 885 4254 qua
902 4172 939 4233 de
952 4171 1184 4255 justificatione
1206 4172 1251 4236 ita
1272 4173 1412 4238 disserit
1435 4176 1547 4239 Doctor

361 4271 521 4336 Gentium:
545 4279 696 4340 Eremos
713 4288 796 4341 enim
814 4283 992 4362 aliquando
1012 4290 1043 4344 et
1057 4304 1119 4344 nos
1135 4291 1331 4364 insipientes
1349 4286 1487 4366 (stulti),
1501 4293 1546 4346 in·

360 4384 486 4443 credet·
520 4383 767 4472 (immorigeri),
800 4399 953 4452 errantes
975 4391 1177 4471 (errabundi,
1210 4393 1332 4456 tamin
1355 4395 1412 4460 via
1435 4413 1546 4459 morum

359 4508 450 4571 quam
466 4489 497 4551 in
513 4492 680 4580 religionis
697 4497 843 4561 doctrina
859 4520 917 4561 seu
932 4497 1022 4578 tide),
1039 4508 1218 4565 servientes
1237 4506 1434 4587 desideriis,
1453 4514 1485 4568 et
1496 4526 1546 4567 ro-

361 4597 539 4676 raptoribus
569 4580 690 4683 coriis,
723 4613 756 4666 in
782 4609 926 4686 molitio,
945 4616 978 4670 et
992 4613 1115 4672 invidio
1133 4620 1267 4689 opeutes
1286 4613 1408 4694 (vitam
1425 4627 1546 4703 agenta

357 4749 636 4771 mann—...-

469 4821 492 4901 1)
509 4825 595 4884 mm.
613 4821 643 4906 s,
660 4821 780 4888 9-10.
798 4861 840 4872 -
859 4828 886 4904 ²)
907 4826 934 4891 1.
954 4828 1023 4892 cor.
1041 4829 1071 4894 o.
1091 4828 1235 4902 10-11.
