3775 5625
341 437 409 513 536

343 631 477 677 amaea
494 611 541 675 ud
549 613 782 695 poenitentiam
797 610 962 689 revera).
1001 605 1089 673 Haec
1104 626 1203 694 porro
1221 603 1329 673 onmia
1344 605 1530 694 scripturae

341 721 530 788 testimonia
549 723 588 786 de
608 719 736 785 homine
756 722 845 806 lapso
863 741 901 785 ac
916 731 1088 805 peccatore
1104 718 1310 805 intelligenda
1326 738 1419 794 esse,
1436 719 1529 783 maui-

342 834 460 899 festum
477 844 536 896 est.
575 828 765 895 Decretoria
780 841 885 894 autem
901 841 952 893 est
967 829 1116 912 Apostoli
1130 828 1240 893 Pauli
1259 827 1435 893 sententia:
1472 828 1530 905 Qua

343 944 465 1022 (Deus)
482 960 611 1003 omnes
626 945 805 1002 domines
820 940 1054 1002 vultaalvos
1072 942 1193 1018 fieri,
1218 947 1250 1001 et
1269 942 1316 1001 ud
1336 945 1529 1017 aperitionem

342 1053 661 1129 restaurarentur).
687 1050 773 1128 Quae
790 1047 939 1135 ambigua
954 1068 1019 1112 uon
1035 1050 1117 1114 suut.
1134 1047 1301 1116 Rationem
1314 1068 1397 1115 uero
1415 1060 1450 1112 et
1463 1068 1528 1113 cau·

343 1184 413 1227 sam
428 1161 521 1246 hujus
537 1157 709 1224 voluntatis
727 1157 849 1222 divinae
866 1178 925 1241 pro
941 1158 1043 1223 salute
1060 1158 1200 1223 omnium
1215 1157 1311 1223 istam
1326 1156 1435 1222 reddit
1450 1160 1527 1242 Apo·

344 1273 461 1337 stolus:
495 1271 591 1333 Unus
610 1276 694 1331 enim
714 1269 823 1349 Deera,
856 1288 943 1330 noua
969 1275 1001 1330 et
1024 1272 1184 1331 mediator
1200 1269 1280 1347 Det,
1304 1276 1336 1331 at
1351 1273 1526 1347 hominum,

344 1388 438 1445 trumo
474 1381 627 1442 Uiriatus
651 1379 771 1457 Jeaua,
799 1384 853 1459 qui
876 1380 966 1440 dedit
984 1382 1214 1441 redemtionem
1236 1384 1447 1459 semetipaum
1459 1400 1527 1459 pra

345 1491 568 1567 omnibus³).
609 1486 878 1566 Quemadmodum
901 1505 981 1572 ergo
1008 1487 1096 1551 Deus
1119 1486 1259 1561 omnium
1281 1487 1376 1571 plane
1393 1498 1460 1561 est,
1480 1507 1527 1551 ne·

344 1600 429 1665 utine
445 1609 595 1682 excepto,
611 1596 655 1662 ita
671 1594 818 1662 Christus
839 1598 934 1661 lesus
951 1597 1090 1661 omnium
1108 1609 1158 1660 cst
1175 1596 1332 1671 Salvator,
1356 1607 1452 1682 atque
1473 1618 1527 1682 pro

333 1708 508 1781 omnibus,
539 1704 664 1771 nemine
685 1717 838 1792 excepto,
870 1727 906 1771 se
930 1705 1160 1771 redemtionem
1182 1704 1282 1781 dedit,
1298 1718 1332 1770 et
1346 1705 1392 1770 ita
1408 1727 1528 1793 quoque

344 1821 433 1884 Deus
449 1837 561 1881 omnes
578 1815 718 1891 omnino,
734 1815 860 1882 nemine
877 1827 1025 1902 excepto,
1042 1816 1167 1880 salvare
1182 1816 1293 1895 vultr).
1322 1816 1413 1879 Haec
1429 1828 1529 1881 autam

346 1949 429 2018 cum?
450 1927 596 1991 absoluto
626 1926 862 2011 reprobationis
884 1927 1017 1992 decreto
1040 1925 1190 2011 componi
1210 1945 1348 2011 prorsus
1370 1947 1437 1989 nou
1458 1948 1528 2011 pus·

345 2051 427 2104 sunt.
468 2037 634 2116 Quomodo
656 2035 740 2099 enim
767 2036 870 2101 asseri
892 2050 1021 2121 posset,
1052 2036 1155 2101 Deum
1186 2047 1321 2100 mortem
1348 2035 1530 2120 peccatoris

346 2148 447 2221 nolle,
470 2158 563 2232 atque
587 2146 693 2209 salvos
714 2146 794 2210 velle
810 2143 881 2209 fieri
897 2166 966 2220 eos,
982 2158 1014 2209 at
1031 2143 1193 2210 Christum
1209 2165 1268 2229 pro
1285 2143 1335 2208 his
1353 2165 1429 2209 esse
1446 2166 1526 2211 mor·

346 2269 448 2331 tuum,
464 2276 545 2341 quos
561 2255 649 2319 Deua
666 2255 750 2319 nudo
768 2276 827 2319 suo
845 2254 976 2319 arbitrio
993 2254 1025 2319 in
1042 2253 1156 2320 mortis
1173 2253 1303 2320 exitium
1319 2267 1484 2331 creasset,
1499 2267 1531 2319 ut

345 2366 413 2430 irae
430 2385 508 2430 suae
526 2384 649 2451 organa
664 2366 796 2428 esseut?

452 2476 493 2538 B.
515 2474 603 2538 llaec
624 2486 729 2537 autem
754 2484 945 2560 cst-quoque
961 2472 1118 2538 unanimis
1136 2476 1194 2538 SS.
1210 2475 1364 2537 Patrum
1381 2473 1535 2539 doctriua.

350 2585 493 2649 Graecos
509 2585 621 2647 Patres
643 2583 682 2646 ad
697 2603 794 2646 uuum
811 2604 924 2648 omnes
939 2582 972 2647 id
989 2584 1123 2658 docere,
1146 2582 1216 2668 ipse
1234 2582 1406 2648 Janscuius
1424 2604 1536 2649 conce·

351 2692 411 2777 dit,
433 2693 491 2756 sed
510 2690 582 2759 illos
600 2690 788 2766 coutemnit,
810 2713 848 2757 ac
869 2692 990 2757 sivero
1005 2692 1086 2756 tides
1101 2692 1133 2756 iu
1152 2692 1280 2757 Oriente
1297 2694 1403 2778 quoad
1424 2692 1537 2758 articu-

349 2803 414 2866 lum
430 2813 576 2866 uostrum
593 2800 773 2867 defecisset.
812 2803 1037 2866 Verumtamen
1053 2800 1201 2866 Ecclesia
1222 2823 1340 2888 neque,
1362 2801 1453 2867 salva
1472 2800 1537 2866 uui·

351 2924 416 2978 tate
431 2933 470 2976 ac
484 2911 678 2999 integritate,
693 2911 726 2975 iu
743 2912 887 2978 diversas
904 2903 1079 2977 sententias
1095 2911 1214 2987 scindi,
1237 2932 1339 2996 neque
1355 2910 1446 2975 iilum
1463 2913 1537 2975 Tra·

353 3021 483 3111 ditionis
514 3020 545 3083 in
567 3019 638 3105 ipsa
660 3022 805 3106 abrumpi
827 3034 880 3086 aut
900 3021 1047 3087 intercidi
1073 3033 1189 3106 potest.
1222 3022 1357 3105 lusuper
1376 3021 1492 3086 Graeci
1507 3033 1539 3085 et

351 3129 456 3196 Latini
472 3128 552 3193 mire
568 3129 781 3203 consentiunt,
797 3143 832 3194 ut
841 3130 1027 3194 nominatim
1040 3129 1305 3214 Cyprianus⁵)‚
1322 3130 1540 3209 Ambros.⁶)‚

460 3370 487 3446 ¹)
504 3364 535 3429 2.
553 3368 636 3429 Patr.
655 3365 686 3440 3,
704 3364 733 3430 9.
763 3405 804 3414 —
835 3372 863 3448 ²)
882 3366 910 3432 1.
929 3369 1006 3428 Tim.
1025 3365 1055 3443 2,
1071 3364 1103 3432 4.
1130 3405 1173 3414 —
1200 3362 1227 3452 ³)
1246 3365 1274 3429 1.
1293 3363 1373 3430 Tim.
1391 3365 1423 3439 2,
1442 3360 1541 3431 4-6.'

357 3494 397 3504 -
416 3456 443 3536 ⁴)
461 3456 507 3520 of.
523 3457 615 3520 Joan.
634 3457 664 3531 1,
682 3456 712 3520 9.
729 3456 783 3522 29.
815 3461 900 3520 Rom.
918 3456 950 3530 3,
967 3457 1110 3521 29-30.
1142 3459 1255 3539 Ephas.
1272 3455 1311 3532 4,
1328 3455 1430 3521 5-6.
1455 3461 1540 3521 Rom.

355 3548 386 3630 8,
403 3546 456 3610 32.
473 3547 504 3610 2.
528 3548 599 3612 Cor.
617 3546 648 3622 5,
666 3547 808 3613 14-15.
842 3552 872 3613 l.
897 3550 993 3611 Joau.
1011 3547 1042 3628 2,
1060 3547 1157 3613 1-2.
1171 3597 1174 3603 .
1188 3585 1232 3596 -
1266 3548 1294 3623 ⁵)
1311 3550 1413 3625 Epist.
1437 3553 1486 3612 52.
1504 3553 1543 3610 ad

354 3639 519 3726 Antoniae.
544 3661 573 3700 o.
599 3642 648 3701 15.
681 3640 760 3721 Opp.
786 3643 823 3701 V.
850 3639 878 3702 1.
901 3663 932 3721 p.
960 3638 1032 3704 115.
1051 3642 1127 3702 (ium
1142 3641 1290 3718 scriptum
1306 3640 1361 3711 ait,
1379 3642 1439 3711 ait,
1456 3643 1542 3702 Deua

355 3736 481 3790 mortem.
500 3749 560 3788 ooo
575 3730 663 3808 fecit,
695 3752 748 3792 nec
772 3735 933 3793 delectatur
955 3731 1177 3808 deperditione
1197 3731 1348 3803 vivorum,
1371 3731 1477 3809 utique
1493 3731 1544 3809 qai

355 3819 534 3879 nemine-m
556 3823 633 3880 uult
652 3823 792 3905 perire,
818 3823 902 3898 cupit
916 3830 1088 3898 peccatores
1098 3821 1315 3899 poeaitentiam
1331 3841 1434 3900 apere,
1451 3831 1479 3883 et
1491 3842 1544 3902 per

355 3910 568 3989 poeaitentiam
582 3910 691 3972 iterum
706 3904 752 3973 od*
762 3913 854 3973 vitum
869 3913 977 3975 redire.
998 3949 1039 3959 -
1057 3916 1084 3993 6)
1102 3917 1152 3974 De
1169 3913 1248 3974 Cain
1264 3920 1292 3973 et
1305 3913 1387 3974 Auel.
1407 3916 1427 3972 i.
1446 3918 1473 3976 2.
1483 3934 1506 3974 c.
1515 3918 1543 3974 3.

355 4023 385 4063 a.
403 4005 452 4063 11.
486 4000 566 4083 Opp.
584 3999 623 4066 T.
644 4002 671 4066 1.
689 4025 714 4065 c.
733 4003 807 4065 211.
840 4007 913 4064 Ideo
940 4005 1076 4065 omnibus
1097 4004 1339 4080 opemaauitotis
1360 4005 1483 4077 datalia
1514 4011 1545 4063 td

357 4093 526 4169 quicunque
544 4093 681 4172 perierit,
702 4095 810 4155 mortis
826 4115 899 4155 auae
915 4116 1025 4156 causus
1046 4095 1121 4156 sibi
1143 4095 1307 4166 adscribat,
1333 4095 1395 4171 qui
1414 4095 1544 4155 curari

357 4183 497 4256 notuit,
521 4204 587 4243 cum
603 4185 765 4246 rernadium
779 4188 912 4259 haberet,
933 4207 992 4264 quo
1011 4195 1113 4264 posset
1136 4178 1273 4246 evadere:
1306 4186 1428 4246 Cariati
1450 4195 1544 4246 eman

357 4274 523 4351 manifesto
539 4275 576 4334 iu
597 4295 718 4336 omues
745 4277 940 4352 praedicetur
965 4277 1248 4350 misericordia·
1272 4280 1403 4353 eoquod
1424 4277 1467 4348 it,
1495 4275 1544 4354 qai

331 4359 333 4364 ’
357 4373 493 4445 pereant,
518 4386 588 4425 aaa
600 4375 728 4442 pereunt
753 4369 1001 4445 oeptipeotia:
1022 4369 1074 4444 qui
1090 4376 1187 4429 uatem
1203 4370 1369 4442 salvuntur,
1385 4372 1544 4428 secuudum

360 4456 479 4517 dadau
493 4456 668 4517 senteutiam
685 4458 861 4534 liberentur,
882 4461 935 4536 qui
952 4480 1052 4520 omues
1067 4460 1200 4519 homiues
1216 4462 1279 4519 vult
1299 4461 1400 4518 sulvus
1409 4459 1499 4540 fieri,
1519 4464 1544 4517 et

359 4549 393 4607 in
408 4547 588 4624 apaitioaaru
605 4549 742 4609 veritatis
758 4549 868 4612 venire.
881 4549 926 4612 Oi.
944 4555 995 4612 De
1009 4554 1120 4629 parad.
1139 4573 1164 4612 c.
1182 4554 1211 4610 8.
1228 4571 1258 4612 n.
1275 4551 1326 4610 39.
1341 4551 1379 4611 Τ.
1397 4548 1426 4612 1.
1437 4571 1462 4611 c.
1473 4546 1542 4611 161.

360 4628 470 4712 ΙηῬε.
487 4642 561 4724 5118.
574 4638 669 4713 Serra.
686 4644 715 4703 8.
732 4661 762 4702 o.
780 4642 829 4704 57.
846 4662 871 4703 c.
890 4638 987 4712 1077.
1006 4651 1036 4710 et
1052 4642 1089 4710 al.
