3775 5625
1438 398 1502 463 103

304 597 344 610 -
361 559 395 625 3.
412 563 539 624 Dicitur
556 563 744 643 naturale,
761 563 838 639 quod
856 562 995 638 quamvis
1012 563 1121 621 donum
1138 563 1181 620 sit
1198 564 1380 641 gratuitum,
1399 575 1500 626 tamen

303 684 444 733 naturam
461 672 552 749 juvat
574 692 610 734 ac
627 672 751 751 perlicit
775 672 806 730 in
824 671 969 748 operibus
996 672 1205 742 naturalibus,
1230 691 1290 733 non
1307 683 1409 733 autem
1433 694 1500 736 eam

303 792 399 861 auget
420 792 453 842 et
474 783 575 842 elevat
599 782 636 841 all
660 799 754 858 opera
770 780 1029 856 supernaturalia.
1062 780 1128 855 Quo
1146 798 1240 840 sensu
1256 781 1427 861 integritas
1447 801 1500 843 na·

303 902 392 951 turae
414 892 564 951 humanae
589 892 620 950 in
642 890 928 968 protoparentibus,
953 890 981 948 si
1003 890 1150 949 distincta
1175 890 1333 970 cogitatur
1358 910 1376 951 a
1397 892 1502 970 gratis

303 1002 518 1062 sanctificante
535 1010 568 1059 et
583 1000 702 1076 reliqna
717 999 809 1074 hujus
826 1016 921 1075 snpra
937 998 1051 1058 limites
1069 1017 1143 1057 suos
1161 1000 1303 1081 elatione,
1319 1002 1429 1061 donum
1447 1020 1499 1062 na·

303 1113 403 1170 turale
421 1110 482 1171 dici
497 1118 610 1187 potest.
628 1143 669 1153 -
687 1104 717 1168 4.
735 1107 872 1166 Tandem
894 1110 1069 1167 naturale
1091 1109 1219 1190 (licitur,
1246 1110 1325 1186 quod
1353 1121 1402 1170 est
1426 1131 1500 1189 pars

303 1230 448 1290 naturas,
473 1228 526 1278 ant
541 1218 609 1279 uuir
625 1217 807 1279 necessario
829 1226 1014 1277 exusturus
1032 1217 1209 1294 principiis3
1235 1219 1313 1296 puotl
1340 1220 1444 1298 itaque
1462 1223 1501 1284 sl)

303 1348 335 1389 ea
352 1330 496 1389 absolute
513 1328 660 1408 exigitur,
679 1328 768 1405 eique
785 1328 931 1397 debetur,
954 1336 986 1385 et
1002 1327 1068 1387 sine
1086 1346 1145 1406 quo
1170 1347 1279 1389 manca
1294 1329 1346 1389 ilia
1366 1331 1449 1391 forst
1469 1341 1502 1393 st

233 1521 239 1526 ἱ
301 1438 495 1515 imperfecta.
520 1438 587 1514 Qua
602 1436 832 1517 significatione
850 1455 964 1513 corpus
981 1446 1012 1495 et
1028 1438 1146 1508 anima,
1171 1455 1264 1513 porro
1281 1438 1414 1500 facultas
1436 1450 1500 1501 tum

302 1548 466 1617 sentiendi,
483 1557 546 1608 tum
562 1546 764 1626 intelligendi,
782 1556 846 1606 turn
865 1546 1037 1622 appetendi,
1055 1564 1112 1606 nee
1125 1565 1184 1606 non
1199 1548 1409 1623 operationes,
1422 1570 1501 1628 quae

301 1657 683 1717 numerumnunerum·
706 1664 909 1727 exercentur,
941 1656 1099 1715 naturales
1123 1674 1194 1715 esse
1217 1657 1370 1719 dicuntur.
1399 1661 1499 1736 Atque

300 1766 376 1827 llaec
394 1776 445 1825 est
460 1766 626 1844 praecipue
643 1764 848 1844 significatio,
870 1764 907 1823 lle
925 1782 985 1841 qua
1001 1763 1051 1824 hic
1067 1764 1192 1840 proprie
1209 1766 1411 1841 disputamus.
1438 1772 1499 1830 Na·

301 1877 402 1936 turale
419 1876 499 1936 enim
516 1875 574 1935 hoc
592 1875 679 1935 mollo
688 1874 852 1955 opponitur
869 1874 1173 1949 supernaturali,
1191 1876 1248 1933 snb
1266 1894 1325 1952 quo
1341 1879 1391 1935 vel
1408 1878 1498 1939 intel·

300 1985 422 2064 ligitur,
447 1985 525 2062 quod
542 2002 602 2044 uon
619 1993 668 2044 cst
683 1993 787 2060 aptum
803 1983 903 2042 liuere
920 2002 958 2041 ex
974 1982 1134 2058 principiis
1152 1992 1282 2043 naturae
1299 1990 1499 2061 (superna·

301 2096 429 2154 tarale
446 2094 482 2152 in
494 2098 569 2167 aa),
592 2095 644 2153 vel
659 2093 816 2152 obtinetur
832 2111 850 2151 a
866 2094 934 2151 Deo
950 2091 1136 2162 immediate,
1154 2094 1293 2170 quamvis
1310 2095 1443 2173 alioquin
1461 2115 1500 2159 ex

300 2202 462 2281 principiis
477 2204 714 2263 naturaefluere
726 2203 825 2262 soleat
841 2204 1157 2279 (supernaturale
1173 2222 1240 2280 per
1256 2192 1501 2281 acridanum}
1613 2254 1619 2261 .

696 2431 730 2523 ξ.
747 2432 817 2504 20.
832 2436 991 2521 lunago
1008 2434 1109 2505 liei.

403 2602 578 2688 Postquam
593 2611 738 2664 naturam
754 2599 893 2665 hominis
909 2600 1090 2687 generatim
1106 2615 1199 2692 atque
1212 2614 1330 2668 statum
1346 2605 1416 2689 ejus
1434 2604 1497 2670 ori·

298 2712 440 2803 ginalem
461 2709 643 2776 adcuratius
665 2709 913 2797 descripsimus,
945 2712 1042 2775 modo
1065 2710 1134 2775 sine
1161 2710 1344 2777 difficultate
1366 2711 1498 2779 delinire

297 2821 493 2908 poterimus,
524 2819 672 2907 quidnam
699 2820 758 2885 suh
780 2819 920 2908 imagine
947 2819 1022 2896 Dei,
1054 2822 1095 2885 ad
1120 2842 1212 2907 quarn
1238 2821 1400 2888 hominem
1428 2845 1497 2888 ere·

297 2945 384 2997 atrum
400 2952 476 2996 esse
493 2934 527 2995 S.
544 2929 713 3015 Scriptura
732 2942 884 3003 testetur,
906 2943 1000 3016 atque
1021 2930 1171 2996 Ecclesia
1193 2953 1322 3016 semper
1342 2931 1443 2997 tenuit
1459 2953 1498 2998 ac
1535 2923 1536 2928 ἵ

294 3040 420 3116 docuit,
451 3036 692 3126 intelligendum
708 3038 759 3104 sit.
791 3039 873 3104 Nam
894 3061 990 3126 quum
1022 3047 1065 3102 od
1090 3045 1276 3121 imaginem,
1309 3045 1495 3125 coemptor,

293 3157 510 3215 simulacrum
525 3169 582 3212 seu
599 3153 843 3212 similitudinem
859 3171 952 3214 auom
965 3155 1101 3232 farere,
1135 3150 1313 3214 secundnm
1334 3173 1427 3215 usum
1448 3151 1495 3215 lo·

288 3257 411 3348 quendi
427 3259 649 3323 Hebraeorum
666 3269 698 3321 et
714 3256 908 3322 Semitarum
924 3259 1101 3325 universim
1123 3259 1199 3323 nihil
1216 3257 1299 3322 aliud
1325 3257 1497 3345 significet,

288 3389 390 3457 quam
407 3388 477 3433 rem
493 3366 628 3454 aliquam
645 3367 685 3431 ad
705 3388 741 3432 se
756 3366 863 3453 ipsum
878 3368 1005 3444 iacere,
1027 3368 1047 3433 i.
1064 3390 1092 3434 e.
1109 3367 1171 3433 sibi
1187 3367 1339 3442 similem,
1360 3380 1395 3432 ut
1416 3367 1497 3433 satis

286 3481 359 3562 jam
380 3489 491 3563 aperte
515 3474 675 3564 colligitur
701 3496 743 3540 ex
771 3475 942 3542 notissimo
976 3479 1049 3542 loco
1082 3477 1135 3542 illo
1159 3477 1407 3556 Geneseos2),
1444 3475 1498 3540 nbi
1617 3555 1620 3558 Ι

285 3587 437 3652 Adamus
453 3583 552 3649 filium
569 3586 701 3649 sethum
717 3594 761 3649 ad
779 3592 952 3666 tnapmen
967 3600 1000 3651 et
1014 3593 1258 3652 sinotttrnoinen
1282 3608 1375 3650 suom
1395 3606 1494 3672 genu·

282 3695 361 3761 isse
378 3692 510 3758 dicitnr:
542 3714 600 3779 per
616 3694 801 3769 formulam,
821 3695 984 3760 hominem
1006 3706 1049 3760 acl
1072 3703 1244 3777 imaginem
1265 3698 1341 3769 Dei,
1374 3715 1431 3758 sen
1456 3702 1499 3765 na

285 3809 466 3883 imaginem
487 3815 521 3866 et
538 3808 782 3866 similitudinem
800 3805 865 3867 Dei
886 3818 1032 3869 creatum
1051 3827 1138 3880 esse,
1170 3804 1213 3868 nil
1238 3803 1321 3869 aliud
1345 3800 1496 3888 exprimi.-

293 3924 365 3988 snr,
382 3933 476 4000 quum
490 3900 653 3977 hominem
669 3933 744 3977 esse
760 3912 830 3977 Deo
848 3913 1035 3994 similem³);
1062 3927 1094 3979 et
1110 3927 1284 4001 propterea
1301 3932 1394 3977 omne
1410 3909 1496 3995 illud,

290 4041 360 4104 quo
380 4020 512 4106 reliquis
533 4021 632 4085 rebrrs
654 4019 772 4085 creatis
794 4035 1014 4106 praestamus,
1047 4035 1140 4109 atque
1168 4024 1208 4088 ad
1229 4023 1331 4086 Deum
1363 4019 1497 4106 propius

407 4261 429 4342 ¹)
447 4258 494 4322 Oi.
511 4259 722 4349 Bellarmin.
746 4264 796 4321 De
809 4269 889 4338 prot.
900 4261 1002 4337 primi
1017 4264 1095 4322 horn.
1113 4282 1138 4325 o.
1155 4263 1184 4326 ὃ.
1201 4281 1233 4327 n.
1248 4263 1268 4323 5
1293 4281 1335 4325 ss.
1352 4260 1444 4336 Diop.
1462 4263 1499 4320 de
1523 4305 1524 4308 ,

304 4359 374 4411 corn,
393 4353 470 4414 Uitr.
487 4350 541 4425 aa.
559 4352 598 4413 Τ.
622 4347 654 4416 4,
669 4373 700 4432 p.
719 4348 736 4412 7
755 4373 780 4416 s.
801 4352 1049 4425 Tournelins,
1070 4352 1090 4415 l.
1114 4373 1142 4417 o.
1161 4374 1191 4433 p.
1218 4348 1291 4414 185.
1315 4372 1341 4413 c.
1366 4349 1394 4415 1.
1415 4352 1497 4410 Ber·

301 4435 439 4517 ltpsch.
455 4443 606 4518 Anthrop.
625 4441 739 4506 otrico.
757 4446 854 4520 dopna.
871 4444 1014 4507 Monach.
1033 4440 1130 4507 1842.
1147 4464 1178 4523 p.
1197 4439 1261 4505 102
1278 4464 1303 4504 s.
1324 4478 1364 4488 -
1384 4440 1410 4518 ²)
1419 4441 1497 4504 Gen.

306 4517 332 4594 5,
348 4527 378 4594 3.
394 4568 438 4579 -
463 4531 488 4615 ³)
505 4531 699 4614 Quapropter
720 4555 782 4594 non
805 4555 909 4595 verum
929 4534 1005 4594 vidit
1024 4532 1305 4604 Marheineoke,
1337 4532 1388 4616 qui
1407 4539 1498 4612 putat

304 4616 355 4678 tub
369 4623 502 4702 imagine
516 4631 546 4684 el
558 4622 776 4699 similitudine,
794 4624 937 4707 adquam
954 4627 1068 4706 primus
1084 4626 1173 4685 homo
1191 4633 1313 4687 creatus
1338 4640 1405 4683 esse
1427 4619 1497 4685 dici·

304 4708 358 4785 t¹¹1,
375 4735 440 4777 esse
456 4714 568 4776 Filium
583 4715 656 4798 Dei,
673 4705 724 4772 rio
741 4707 864 4789 Λόγον,
881 4719 972 4798 juxta
989 4737 1076 4802 quem
1092 4725 1244 4804 tamquam
1261 4707 1424 4796 ingirvum
1443 4713 1495 4778 ho·

301 4808 366 4879 ¹¹¹0,
381 4810 445 4893 ejus
461 4798 604 4876 invector,
621 4808 766 4872 formatus
782 4810 831 4878 sit,
