3775 5625
1465 421 1530 494 337

341 595 495 673 inprimis
520 597 694 665 christum,
715 595 1011 664 Deum-hominem,
1035 614 1089 671 pro
1106 594 1252 653 universo
1269 614 1387 673 genere
1404 574 1535 656 humano

341 724 459 782 poenas
474 707 614 784 peccatis
630 706 817 782 promeritas
832 706 863 764 in
881 724 915 763 se
933 705 1094 780 suscipere
1110 722 1218 779 posse,
1237 713 1268 764 et
1284 706 1404 764 divinae
1422 706 1536 766 sancti·

341 817 446 877 latiae
451 816 595 892 justitiae
606 825 695 892 atque
705 816 808 874 laesae
818 815 899 893 legis
910 814 1030 872 divinae
1048 814 1227 873 auctoritati
1244 816 1364 889 plenam
1383 834 1419 874 ac
1435 815 1536 891 perle-

343 934 423 984 ctam
449 926 713 997 satisfactionem,
735 925 842 1001 poenis
868 925 931 984 illis
957 923 1215 1000 aequivalentem,
1240 933 1419 999 praestare,
1445 924 1538 983 itaut

340 1050 432 1093 semo
448 1037 581 1095 animum
599 1034 735 1110 dejiciat,
753 1035 807 1093 sed
825 1034 925 1110 quivis
941 1052 1054 1092 rursus
1071 1034 1107 1091 ad
1123 1034 1270 1091 uirtutem
1287 1033 1406 1091 reverti
1423 1044 1454 1092 et
1470 1036 1537 1092 Deo

341 1144 490 1223 conjungi
521 1145 630 1221 possit.
664 1144 755 1203 Ratio
781 1153 882 1203 autem
909 1152 972 1215 est,
999 1143 1139 1220 quoniam
1164 1141 1303 1200 homines
1322 1161 1339 1200 a
1355 1160 1388 1200 sc
1405 1142 1538 1201 invicem

339 1269 475 1326 prorsus
506 1272 696 1331 nequaquam
729 1253 952 1332 sejunguntur,
977 1253 1030 1310 sed
1058 1253 1095 1311 ad
1111 1252 1191 1311 idem
1218 1269 1318 1330 genus
1345 1252 1538 1327 pertinentes

339 1378 434 1422 unum
467 1382 581 1440 corpus
614 1363 819 1433 constituunt,
842 1363 929 1437 cujus
953 1364 1091 1422 membra
1108 1362 1168 1420 sibi
1184 1362 1317 1421 invicem
1350 1379 1538 1421 succurrere

337 1484 483 1545 possunt.
502 1473 648 1548 -Quod
669 1483 770 1533 autem
796 1474 929 1532 ulterius
954 1472 1125 1532 adstruitur
1143 1473 1180 1530 dc
1197 1472 1306 1547 poenis
1329 1490 1384 1548 per
1403 1470 1540 1547 praemia

340 1583 514 1654 promerita
545 1583 717 1642 minuendis
734 1592 766 1642 et
782 1582 956 1653 elevandis,
981 1582 1060 1641 falso
1078 1581 1236 1640 statuitur.
1268 1583 1360 1648 llam,
1387 1590 1419 1638 ut
1435 1589 1539 1639 tacea-

342 1703 429 1762 mus,
447 1692 515 1751 sine
531 1692 636 1770 gratia
653 1692 771 1762 divina
789 1691 924 1768 adeoque
942 1700 974 1749 et
990 1691 1057 1749 sine
1074 1690 1288 1750 satisfactione
1305 1708 1361 1766 per
1379 1689 1538 1748 Christum

345 1795 508 1860 Dominum
540 1802 705 1877 praestita,
739 1820 829 1878 quum
853 1801 998 1860 videlicet
1019 1801 1073 1858 illa
1093 1799 1215 1859 nonnisi
1232 1800 1269 1858 ob
1286 1799 1377 1873 hujus
1395 1798 1539 1857 meritum

353 1913 548 1981 coucedatur,
557 1913 670 1971 nullam
683 1912 749 1971 dari
761 1911 1021 1988 resipiscentiam,
1034 1912 1208 1986 nullumque
1217 1928 1325 1969 verum
1335 1928 1371 1968 ac
1384 1909 1539 1967 sincerum

355 2016 470 2080 virtutis
481 2021 626 2091 studium,
639 2022 721 2080 inter
738 2022 822 2081 iacta
837 2030 945 2081 nostra
962 2022 1043 2079 mala
1058 2030 1090 2078 et
1105 2021 1184 2078 bona
1200 2020 1284 2079 nulla
1300 2026 1349 2080 est
1366 2018 1540 2094 proportio;

358 2122 495 2190 illacnim
513 2131 663 2190 adnexam
679 2130 793 2189 habeut
818 2131 937 2205 culpam
970 2127 1108 2204 σχετικῶς
1138 2129 1303 2198 infinitam,
1330 2128 1407 2187 haec
1440 2137 1541 2188 autem

359 2248 420 2297 tunt
434 2241 527 2317 pretii
543 2240 639 2308 liniti,
656 2240 700 2299 ita
715 2250 749 2299 ut
764 2240 817 2298 illa
834 2239 1008 2313 exjustitia
1023 2248 1146 2297 maneat
1170 2257 1269 2314 poena
1291 2247 1432 2306 aeterna,
1453 2236 1541 2296 hisce

355 2354 462 2420 autem,
479 2350 511 2408 in
529 2368 563 2408 se
580 2348 746 2425 spectatis,
770 2350 960 2408 solummodo
979 2367 1017 2407 ex
1033 2349 1137 2426 gratia
1155 2347 1375 2426 assignandum
1393 2347 1435 2405 sit
1452 2364 1540 2421 prae·

349 2451 439 2516 mium
460 2467 632 2517 aeternum.
657 2457 716 2516 Ubi
738 2467 838 2518 autem
856 2458 943 2536 viget
954 2455 1094 2532 jdstitia,
1120 2457 1242 2535 gratiae
1260 2475 1320 2514 non
1337 2456 1426 2514 datur
1443 2457 1541 2521 locus,

343 2565 438 2637 itique
462 2586 561 2646 poena
578 2568 697 2627 infinita
713 2587 769 2644 per
786 2567 931 2625 meritum
948 2566 1066 2625 linitum
1084 2567 1200 2625 elevari
1217 2585 1253 2626 ac
1270 2565 1337 2624 tolli
1353 2583 1411 2623 non
1430 2572 1542 2639 potest.

334 2661 446 2735 Porro
463 2695 574 2736 numne
585 2676 653 2735 illis
681 2677 780 2735 aditus
803 2676 1040 2736 misericordiae
1057 2686 1107 2734 est
1121 2676 1385 2752 praecludendus,
1402 2673 1453 2749 qui
1468 2673 1544 2732 licet

328 2786 436 2856 (ΜΝ),
461 2796 561 2847 tamen
585 2786 725 2856 sincere,
752 2795 786 2845 ut
812 2787 889 2845 alter
913 2787 1066 2846 latronum
1091 2804 1159 2846 cum
1187 2785 1313 2845 Christo
1330 2783 1417 2844 cruci
1435 2783 1542 2842 affixo·

328 2894 435 2964 rum,
458 2898 495 2956 ad
516 2899 615 2955 Deum
640 2901 862 2956 revertuntur?
885 2906 937 2956 aut
961 2914 1032 2954 num
1054 2914 1132 2954 unus
1156 2894 1362 2972 poenitentiae
1380 2903 1470 2954 actus
1486 2912 1542 2969 per

328 3002 358 3047 ’θ
384 3006 501 3065 omnia
518 3007 640 3066 scelera
655 3005 737 3064 vitae
756 3015 916 3066 anteactae
935 3006 1039 3064 delere
1056 3006 1160 3063 valet?

456 3110 487 3179 9,
512 3115 614 3190 Quare
640 3134 717 3194 ergo
739 3115 912 3174 institutum
930 3116 1007 3174 adeo
1025 3113 1238 3174 necessarium
1256 3123 1318 3172 tam
1336 3113 1386 3171 diu
1403 3120 1540 3170 moratus

328 3219 380 3271 ’δί
419 3224 505 3283 Deus
526 3225 791 3303 benignissimus?
809 3258 851 3270 -
869 3224 1019 3299 Quoniam
1042 3223 1213 3299 sapientiae
1238 3223 1304 3296 ejus
1321 3222 1351 3280 id
1369 3238 1541 3298 congruum

328 3329 434 3401 Ἠλὶ,
450 3343 480 3393 et
496 3333 682 3412 benignitati
705 3332 783 3392 haud
802 3335 982 3402 adversum,
1004 3351 1095 3408 quum
1111 3332 1186 3390 licet
1201 3331 1312 3389 uitium
1329 3349 1416 3389 suurn
1433 3330 1542 3407 unige-

328 3422 445 3501 litIlm
462 3444 581 3502 demum
598 3443 736 3511 miserit,
758 3443 810 3501 ubi
825 3443 910 3501 venit
926 3442 1082 3519 plenitudo
1101 3451 1288 3516 temporum,
1311 3449 1413 3499 tamen
1431 3437 1544 3497 nemini

328 3534 443 3609 'liam
459 3571 582 3621 eorum,
600 3553 737 3629 quiante
754 3553 908 3622 vixerant,
925 3564 1052 3629 propter
1069 3553 1287 3610 Redemtorem
1304 3551 1440 3609 futurum
1459 3547 1543 3605 auxi·

327 3636 371 3702 ἥδ
404 3660 517 3720 salutis
539 3662 721 3722 necessaria
746 3663 959 3742 denegaverit.
987 3659 1106 3722 Gratia
1130 3661 1205 3739 liei,
1234 3660 1277 3718 ait
1297 3662 1373 3719 Leo
1395 3660 1455 3727 ll„
1481 3676 1546 3735 qua

327 3761 474 3844 'emper
495 3781 544 3830 eat
562 3773 761 3831 universitas
774 3774 959 3849 justificato
982 3768 1195 3848 Sanctorum,
1223 3778 1390 3829 acciscat
1411 3766 1544 3826 Christo

327 3869 514 3958 merente,
531 3898 599 3940 non
616 3890 742 3958 coepto,·
766 3891 798 3940 et
812 3883 873 3941 ltoc
888 3898 1040 3956 acapnum
1052 3882 1186 3956 pietatis
1202 3875 1463 3956 Sacramentum,
1482 3894 1545 3952 quo

327 3969 440 4045 “ilus
449 3991 522 4066 jam
542 3996 682 4050 mundus
703 3993 854 4067 impletos
876 4000 936 4068 est,
961 4000 1025 4050 tom
1046 3999 1161 4065 potens
1183 3991 1281 4048 etium
1302 3991 1338 4046 in
1354 3988 1423 4047 suis
1439 3988 1545 4060 siqni-

327 4070 556 4160 &attonitos
584 4098 669 4172 licit,
690 4110 727 4161 nt
746 4118 811 4159 non
836 4103 944 4159 otinas
965 4101 1073 4174 adepti
1094 4101 1173 4166 sint,
1195 4101 1251 4173 (μα’
1267 4097 1350 4156 illud
1380 4097 1547 4152 credidere

328 4197 559 4281 Promissum,
581 4228 676 4286 quam
697 4212 753 4286 qui
775 4211 947 4286 suscepere
962 4215 1122 4268 donatum.
1158 4205 1270 4280 Quare
1285 4206 1466 4280 beniqnitoa
1482 4202 1544 4261 Dei

332 4306 467 4378 lucete
483 4329 624 4394 tempore
641 4323 760 4399 etacio,
786 4326 861 4380 dum
878 4321 1026 4379 omnibus
1042 4319 1226 4377 hominibus
1241 4317 1378 4374 medium
1395 4320 1437 4372 ad
1451 4317 1544 4372 aolu-

337 4404 419 4482 ⁸²²tt
436 4426 639 4502 praeduic¹).

464 4531 514 4597 10.
533 4540 580 4595 lix
597 4545 695 4596 morte
708 4537 825 4596 christi
843 4536 1057 4596 satisfactoria
1072 4534 1160 4593 varia
1177 4534 1311 4592 absurda
1328 4533 1486 4610 consequi,
1503 4542 1547 4599 ut,

349 4619 528 4716 (lirinum,
554 4647 613 4705 Dei
635 4647 759 4717 Filium,
781 4646 919 4716 diabolo,
938 4666 955 4704 e
974 4645 1061 4720 cujus
1087 4653 1242 4720 potestate
1266 4662 1321 4703 nos
1345 4662 1401 4719 per
1418 4651 1546 4700 mortem

366 4771 597 4804 N—--.

462 4865 487 4946 ¹)
504 4865 600 4928 sem.
618 4868 669 4930 22.
686 4867 727 4925 In
742 4864 835 4927 natio.
853 4866 945 4925 Dom.
963 4865 994 4924 3.
1012 4884 1037 4924 c.
1054 4866 1085 4927 3.
1103 4860 1182 4944 Opp.
1198 4882 1230 4942 p.
1249 4857 1301 4924 74.

1558 4914 1645 5050 Ι
