3775 5625
1475 410 1540 486 stt

463 580 498 645 0.
523 580 609 645 ldem
641 577 816 644 solenniter
848 576 990 642 definivit
1014 577 1231 643 Concilium
1256 578 1542 657 Tridentinutn,

349 691 535 765 declarans,
558 692 686 753 adultos
704 710 766 768 per
781 690 844 750 Dei
864 695 1058 751 excitantem
1074 702 1169 768 atque
1184 694 1388 769 adjtaoantem
1401 697 1544 771 qratiam

348 811 392 865 ad
414 809 663 865 convertendum
686 819 721 861 se
751 807 792 860 ad
815 820 907 861 suam
937 805 1081 878 ipsorum
1103 802 1389 883 justificationem,
1423 808 1544 865 eidem

345 917 505 992 pratiae
522 916 645 973 tibere
660 914 926 990 assentiendo,
945 921 983 972 et
999 917 1247 989 cooperando
1264 916 1413 989 disponi:
1431 917 1477 975 ita
1492 924 1541 995 ut,

349 1034 501 1100 tanpeme
521 1023 590 1083 Deo
613 1040 672 1082 cor
695 1022 836 1081 nominis
848 1041 910 1098 per
926 1018 1075 1098 Spiritus
1091 1018 1127 1081 S.
1145 1021 1423 1101 illuminationem,
1441 1043 1544 1101 neque

349 1135 447 1194 homo
472 1136 541 1210 ipse
566 1132 652 1191 niltit
677 1134 806 1191 ontnino
831 1141 923 1209 apat,
960 1133 1264 1207 inspirationem
1297 1134 1409 1191 ittam
1440 1138 1543 1194 reci·

345 1246 477 1321 piens,
497 1244 612 1318 quippe
629 1243 685 1317 qni
701 1244 792 1300 ittam
808 1250 840 1300 et
853 1240 991 1316 abjicere
1004 1249 1121 1319 potest,
1136 1259 1240 1316 neque
1256 1251 1361 1300 tomen
1377 1246 1447 1303 sine
1459 1264 1543 1321 pra·

348 1355 398 1413 tia
421 1352 485 1411 Dei
509 1370 638 1411 monere
663 1370 697 1410 se
721 1355 763 1409 ad
777 1353 942 1428 justitiam
968 1368 1077 1408 coram
1099 1352 1156 1410 illo
1179 1353 1282 1410 litera
1304 1370 1364 1411 soa
1380 1357 1545 1414 voluntate

346 1462 502 1539 possit¹).
534 1462 636 1542 Atque
658 1456 848 1520 sententiam
873 1456 1130 1519 Reformatorem
1153 1456 1320 1540 rejiciens:
1347 1461 1387 1521 Si
1403 1466 1475 1539 quis
1491 1467 1543 1523 di·

349 1574 454 1649 rerit,
478 1573 647 1630 literam
678 1570 849 1629 leontinis
880 1572 1090 1629 arbitrium
1113 1570 1222 1629 niltit
1243 1575 1456 1647 cooperari
1479 1592 1543 1632 as·

349 1682 554 1739 sentiendo
571 1677 650 1737 Deo
667 1680 863 1737 excitanti
884 1688 920 1738 et
934 1681 1114 1756 vocanti,
1133 1696 1196 1754 quo
1213 1684 1255 1737 ad
1271 1683 1544 1759 obtinendamju·

349 1790 555 1864 stificationis
583 1790 723 1863 pratiam
750 1805 783 1846 se
808 1790 976 1866 disponat,
1001 1805 1038 1846 ac
1057 1798 1248 1868 praeparet,
1281 1808 1402 1865 rteqoe
1430 1808 1545 1867 posse

348 1900 581 1969 dissentire,
604 1900 640 1955 si
661 1897 777 1973 cetic-
802 1901 858 1955 sed
873 1901 960 1955 ceint
975 1898 1117 1956 inanime
1140 1902 1299 1973 quoddam
1315 1899 1399 1957 ntttt
1415 1902 1543 1960 omnino

349 2026 462 2086 apere,
486 2024 664 2082 mareque
682 2008 843 2082 passive
864 2025 902 2064 se
924 2006 1086 2065 habere:
1105 2026 1133 2064 a.
1152 2025 1176 2064 s.
1190 2002 1227 2081 ²).
1259 2006 1301 2066 Et
1318 2025 1390 2067 cum
1407 2025 1470 2067 non
1488 2006 1543 2069 ob·

350 2124 457 2178 stante
479 2114 538 2177 hac
563 2111 746 2175 definitione
768 2109 938 2174 Jansenins
965 2110 1157 2175 contrariam
1182 2111 1370 2176 sententiam
1397 2113 1543 2178 deiende·

348 2236 416 2287 ret:
442 2223 545 2287 Sedes
567 2219 769 2306 Apostolica,
793 2219 941 2283 universa
962 2219 1110 2283 Ecclesia
1126 2219 1335 2294 assentiente,
1359 2234 1544 2307 sequentem

350 2330 620 2418 propositionem,
653 2350 731 2415 qnae
752 2327 834 2391 inter
856 2327 1065 2391 Jansenianas
1091 2328 1120 2392 3.
1146 2342 1344 2404 numeratur,
1370 2330 1543 2395 damnavit:

350 2444 408 2506 Aa
436 2450 621 2504 merendum
641 2452 673 2502 et
692 2448 914 2501 demerendum
936 2443 971 2500 in
992 2450 1079 2501 stato
1103 2451 1242 2502 naturae
1264 2446 1374 2519 lapsae
1397 2461 1463 2503 non
1486 2462 1542 2502 re·

351 2556 497 2631 quiritur
517 2556 553 2611 in
573 2553 701 2611 nentina
724 2554 857 2611 libertas
877 2570 897 2609 a
916 2553 1120 2632 necessitate,
1144 2556 1201 2610 sed
1220 2550 1343 2625 sufficit
1363 2554 1498 2614 libertas
1523 2572 1543 2615 a

351 2665 529 2724 coactione.

461 2769 501 2831 D.
528 2767 670 2830 Tandem
694 2764 806 2830 sinon
829 2777 917 2830 esset
949 2763 1040 2829 liberi
1071 2765 1167 2829 homo
1200 2764 1322 2830 arbitrii
1341 2765 1373 2830 in
1391 2766 1542 2852 operibns

349 2877 419 2944 suis
441 2876 550 2941 honis:
576 2887 778 2960 sequeretur,
799 2895 863 2937 non
885 2894 1022 2958 peccare
1044 2894 1118 2948 eos,
1150 2874 1201 2960 qni
1224 2875 1333 2938 nolunt
1355 2877 1488 2940 credere
1508 2877 1541 2941 in

349 2985 528 3058 Christum,
561 2997 615 3047 ant
646 2984 756 3047 nolunt
787 2981 931 3046 converti
955 2981 1151 3065 apeccatis,
1184 2994 1237 3045 ant
1268 2983 1378 3045 nolunt
1408 2998 1541 3071 propter

347 3098 452 3161 Deum
469 3115 567 3178 opera
583 3094 667 3157 bona
683 3093 804 3163 facore,
822 3111 924 3177 neque
945 3112 1020 3154 esse
1041 3091 1323 3173 reprehendendos
1344 3104 1397 3156 strt
1418 3116 1540 3178 poenae

348 3205 443 3271 alicui
454 3202 629 3277 obnoxios,
641 3224 743 3287 neque
753 3223 826 3266 esse
843 3223 860 3265 e
879 3198 1040 3264 contrario
1062 3200 1235 3264 laudandos
1249 3214 1302 3265 ant
1319 3202 1380 3265 nilo
1396 3203 1539 3288 praemio

347 3316 467 3402 dignos
488 3335 561 3387 eos,
583 3312 635 3397 qui
656 3312 765 3375 volunt
786 3312 935 3383 credere,
958 3330 1104 3394 sperare,
1122 3308 1271 3396 diligere,
1289 3311 1449 3387 converti,
1464 3336 1538 3399 pro·

346 3437 420 3511 pter
452 3425 554 3488 Deum
587 3421 709 3506 quidvis
732 3422 865 3484 arduum
889 3432 921 3483 et
942 3420 1092 3483 acerbum
1116 3417 1195 3502 pati3
1221 3419 1330 3505 sicque
1352 3422 1539 3487 necessario

347 3532 455 3598 omnis
477 3531 639 3618 diligentia
662 3553 700 3594 ac
721 3529 877 3594 industria
893 3529 924 3592 in
941 3529 1004 3593 fide
1021 3550 1058 3592 ac
1074 3527 1191 3613 pietate
1207 3531 1383 3594 excolenda
1400 3553 1417 3595 e
1434 3532 1538 3596 medio

347 3643 528 3715 tolleretur,
552 3653 645 3725 atque
667 3653 852 3724 praecepta,
875 3637 1022 3710 consilia,
1045 3637 1299 3714 cohortationes,
1317 3640 1537 3724 reprehensio·
1587 3682 1588 3687 κ

346 3772 408 3816 nes
425 3763 457 3814 et
473 3749 532 3813 alia
547 3749 578 3812 id
596 3770 699 3836 genus
716 3771 850 3833 prorsus
866 3748 983 3810 nullum
1001 3745 1031 3808 in
1049 3744 1098 3810 his
1114 3747 1211 3811 reims
1227 3749 1381 3811 haberent
1396 3750 1510 3813 locum.

547 3974 584 4065 ξ.
610 3975 707 4045 tot.
733 3978 882 4044 Datur
906 3975 1057 4061 grotta
1081 3973 1339 4045 sufficiens.

458 4141 588 4206 Gratia
605 4140 816 4206 sufficiens
833 4154 966 4215 estes,
984 4138 1358 4226 qnaevireshomini
1375 4140 1538 4224 praebet

342 4272 463 4315 veras
485 4272 529 4315 ac
548 4251 729 4334 perfecte
754 4251 982 4333 completas,
1006 4262 1041 4313 et
1057 4249 1211 4334 quidem
1227 4249 1351 4312 relate
1368 4249 1413 4312 ad
1430 4269 1535 4333 prae·

345 4372 481 4426 sentes
517 4361 600 4444 ejus
641 4358 976 4433 circumstantias,
1010 4371 1132 4433 sen‚nt
1163 4360 1334 4442 loquuntur
1366 4357 1523 4445 Theologi

345 4488 444 4554 quae
465 4470 528 4531 dat
559 4467 775 4552 expeditam
799 4480 835 4530 et
854 4467 1192 4552 proportionatam
1215 4466 1451 4552 (praesentibus
1473 4467 1533 4532 sci·

342 4689 421 4731 rcrn.
438 4671 458 4733 l.
475 4674 504 4728 2.
523 4691 546 4732 c.
565 4673 592 4730 5.
610 4691 640 4732 n.
657 4672 686 4730 5.
702 4671 740 4730 Τ.
761 4668 813 4731 10.
830 4690 854 4730 c.
870 4665 924 4730 42.
956 4672 1003 4729 De
1019 4673 1170 4744 praedest.
1189 4668 1290 4731 Senot.
1308 4689 1331 4733 o.
1349 4673 1378 4730 3.
1395 4689 1424 4729 n.
1443 4671 1469 4730 t.
1487 4669 1533 4732 Ib.

345 4757 416 4822 793
433 4781 457 4821 s.
475 4771 542 4822 etc..

459 4851 482 4934 ¹)
498 4852 579 4914 Sese.
596 4856 624 4915 6.
641 4873 665 4914 c.
683 4855 711 4912 5.
730 4887 770 4897 -
789 4850 815 4930 ²)
834 4850 908 4914 Oen.
925 4854 954 4912 t.
