3775 5625
355 426 423 492 410

356 605 388 657 et
403 592 499 657 idolis
514 591 690 658 exhibitum
705 594 947 658 declararentur
962 594 1210 660 inexcusabiles».
1228 596 1300 659 Non
1318 595 1405 661 enim
1422 595 1540 662 inexcu-

356 701 475 765 sabiles
500 715 626 776 essent,
651 704 796 767 colentes
812 702 898 767 idola
914 725 973 787 pro
990 703 1067 778 diis,
1085 703 1113 768 si
1129 705 1246 767 nrdlum
1264 704 1362 769 alium
1377 706 1481 770 Deum
1495 729 1539 772 oo

355 810 561 897 genuissent,
587 814 636 875 vel
663 833 866 899 cognoscere
890 813 1080 897 potuissent.
1119 812 1276 899 Ratioque
1297 815 1394 899 hujus
1418 814 1541 893 additur,

355 921 458 983 Deum
488 920 711 985 manifestasse
744 920 918 1005 potentiam
942 942 980 986 ac
1004 924 1204 1006 majestatem
1236 943 1328 986 suam
1359 921 1542 1000 hominibus,

355 1050 418 1092 uon
441 1050 500 1114 per
523 1030 749 1095 revelationem
783 1044 916 1105 tautum,
938 1033 996 1096 sed
1020 1044 1052 1095 et
1067 1053 1127 1116 per
1143 1022 1283 1115 speciem
1299 1052 1412 1097 rerum
1430 1046 1540 1100 creetu-

354 1160 433 1202 rum.
456 1141 560 1203 Porro
577 1142 731 1224 probatur
746 1140 831 1205 idem

461 1251 502 1312 B.
528 1270 569 1312 cx
586 1249 778 1315 testimoniis
804 1253 864 1315 SS.
880 1254 1043 1315 Petrum.
1068 1250 1124 1315 Sic
1140 1252 1331 1315 Irenaeus
1348 1250 1407 1326 ait,
1426 1252 1541 1318 etiamsi

355 1379 449 1422 nemo
467 1371 647 1445 cognoscat
667 1360 794 1422 Patrem
815 1359 876 1423 nisi
905 1359 1019 1432 Filius,
1036 1372 1068 1423 et
1082 1359 1197 1423 Filium
1217 1359 1278 1425 nisi
1300 1362 1415 1435 Pater,
1432 1374 1540 1437 tamen,

354 1468 456 1531 llcum
467 1487 552 1540 esse,
564 1466 670 1531 omnia
684 1473 829 1548 (naturae
841 1466 1057 1554 intelligentes
1074 1473 1201 1547 omnes)
1215 1488 1431 1555 cognoscere,
1443 1492 1541 1550 prmo·

353 1586 393 1640 do
417 1582 523 1640 ratio
547 1583 739 1640 mentitus
763 1580 904 1653 insted
926 1590 1078 1641 moveat
1093 1582 1279 1664 (suggerat)
1297 1600 1359 1659 eo,
1380 1592 1418 1644 et
1438 1602 1540 1642 reve·

354 1694 412 1749 tet
432 1692 508 1766 ets,
539 1692 727 1766 quoniam
755 1701 813 1751 est
835 1710 937 1751 nnus
961 1690 1081 1761 Heus,
1108 1694 1279 1750 omnium
1306 1691 1539 1769 Dominus).

354 1796 663 1882 Chrysostomus
687 1799 727 1861 ad
748 1797 978 1882 objectionem,
1009 1817 1107 1881 quare
1139 1795 1341 1881 Scripsisse,
1365 1820 1461 1883 quum
1483 1797 1538 1862 sint

333 1904 555 1981 utilissimae,
570 1906 751 1971 hominibus
767 1928 830 1970 non
848 1907 913 1972 sint
928 1908 967 1969 ob
984 1905 1074 2000 initio
1091 1908 1197 1980 datae,
1213 1908 1434 1991 respondens:
1461 1908 1538 1983 Oula

353 2036 418 2078 raon
438 2039 498 2095 per
522 2022 700 2098 litterae,
734 2016 847 2101 inquit,
880 2026 937 2079 sed
964 2039 1032 2096 per
1062 2038 1141 2088 res,
1160 2037 1234 2090 seu,
1250 2028 1285 2080 ut
1300 2016 1456 2100 explicat,
1478 2037 1536 2095 per

353 2138 600 2201 creaturam,
616 2139 797 2189 naturam
813 2132 1016 2189 humanam
1031 2135 1174 2189 docere
1190 2129 1370 2205 ooletat;
1389 2140 1422 2191 et
1438 2126 1532 2212 copio-

353 2256 389 2299 se
410 2234 524 2300 deiude
548 2234 702 2309 ostendit,
725 2257 824 2321 posse
842 2256 861 2299 a
876 2235 1002 2300 ratione
1024 2236 1160 2299 humane
1175 2237 1279 2300 Deum
1296 2235 1534 2321 omnipotentem

352 2343 441 2408 orbis
458 2357 563 2408 terrac
581 2344 787 2409 Conditorem
804 2358 836 2408 et
851 2343 1125 2430 sapientissimum
1155 2344 1395 2410 Moderatorem
1425 2367 1533 2433 cogno·

353 2453 400 2517 sci
411 2458 449 2532 ²).
475 2452 763 2517 Tertullianus:
788 2457 892 2524 Nemo
918 2467 1032 2536 nepot,
1058 2453 1116 2528 ait,
1142 2460 1219 2532 qnia
1240 2476 1347 2517 nemo
1366 2461 1535 2535 teneret,

352 2572 457 2642 quod
486 2570 594 2625 ultro
616 2575 769 2627 natura
789 2570 991 2646 suffuerit,
1009 2566 1131 2627 ileum
1155 2584 1238 2626 esse
1260 2570 1536 2629 uniuersitatis

355 2674 613 2736 Conditorem
629 2677 668 2751 ³).
709 2672 941 2758 Cyprianus:
983 2675 1089 2735 Haec
1119 2684 1179 2735 est
1207 2694 1353 2735 summa
1389 2680 1534 2754 delicti,

351 2788 460 2844 nolte
483 2803 724 2865 uqnoscere,
759 2804 866 2862 quern
897 2789 1088 2861 iqnorme
1119 2786 1400 2863 nonpossis4).
1426 2781 1534 2847 simitu

351 2892 468 2955 habent
483 2890 658 2956 Hilarius
674 2893 715 2971 ⁵),
732 2891 999 2974 Hieronymus
1013 2896 1054 2970 6),
1071 2890 1369 2978 Augustinus2),
1386 2905 1420 2957 et
1434 2896 1533 2957 Patres

455 3133 481 3212 ¹)
502 3134 587 3194 Oont.
605 3134 687 3195 liner.
712 3133 730 3190 l.
749 3135 777 3190 2.
803 3152 826 3192 c.
845 3133 873 3190 6.
898 3151 928 3188 n.
945 3133 974 3190 1.
993 3150 1022 3208 p.
1043 3125 1117 3190 122.
1135 3150 1161 3190 c.
1181 3126 1210 3192 1.
1230 3164 1271 3176 -
1291 3129 1316 3207 ²)
1335 3134 1427 3194 Hom.
1452 3138 1479 3194 2.
1500 3134 1533 3191 od

346 3247 417 3302 pop.
440 3224 580 3284 Antioclt.
607 3243 638 3283 n.
659 3226 755 3281 2-4.
778 3219 858 3300 Opp.
877 3217 916 3282 T.
934 3217 965 3282 2.
983 3243 1012 3299 p.
1030 3217 1073 3282 98
1091 3241 1131 3284 ss.
1148 3255 1191 3265 -
1210 3224 1237 3297 ³)
1254 3224 1304 3279 De
1318 3231 1448 3299 spectac.
1465 3245 1493 3283 n.
1508 3228 1531 3284 2.

347 3317 428 3396 Opp.
437 3317 474 3377 V.
486 3314 515 3377 l.
531 3337 561 3396 p.
581 3312 654 3376 134.
674 3312 720 3372 Gt.
737 3314 891 3388 Apotopet.
908 3333 938 3370 n.
957 3314 1006 3371 17.
1023 3332 1052 3390 p.
1070 3307 1125 3374 42.
1146 3311 1225 3373 Ado.
1241 3314 1339 3372 More.
1364 3316 1383 3376 l.
1401 3319 1431 3375 1.
1448 3337 1476 3378 n.
1491 3319 1529 3376 10.

346 3412 396 3469 18.
414 3409 451 3468 V.
468 3406 498 3468 2.
511 3429 540 3486 p.
561 3401 635 3467 156.
655 3402 719 3466 162
737 3425 761 3466 s.
781 3438 821 3448 -
840 3405 868 3480 ⁴)
885 3406 934 3461 De
950 3402 1024 3462 idol.
1042 3402 1136 3464 venit.
1154 3424 1184 3462 n.
1197 3405 1225 3462 5.
1245 3403 1324 3484 Opp.
1336 3405 1374 3467 V.
1386 3404 1417 3467 2.
1428 3427 1457 3485 p.
1468 3404 1528 3468 109.

346 3534 388 3543 —
407 3501 434 3574 ⁵)
453 3501 494 3556 In
508 3500 563 3557 Ps.
581 3499 630 3557 52.
647 3517 677 3557 n.
696 3500 725 3556 2.
744 3492 825 3574 Opp.
843 3494 880 3555 V.
897 3490 928 3555 2.
948 3514 973 3554 c.
992 3488 1045 3554 95.
1066 3493 1159 3562 Quis
1176 3494 1256 3554 enim
1271 3498 1447 3557 mundum
1462 3517 1528 3556 con·

346 3595 462 3657 tuens,
486 3590 599 3646 Deum
622 3606 717 3655 esse,
741 3605 816 3644 non
838 3584 1000 3644 sentiat?
1022 3583 1084 3643 Sed
1091 3583 1133 3661 fit
1141 3585 1329 3662 frequenter,
1347 3595 1381 3646 ut
1396 3609 1463 3648 cum
1477 3608 1529 3647 nos

345 3679 426 3737 veri
450 3677 662 3736 necessitas
688 3680 734 3736 ad
749 3675 1032 3754 confessionem
1047 3675 1119 3734 Dei
1135 3682 1255 3752 copat,
1274 3679 1433 3737 oblectatio
1449 3687 1530 3741 tanen

345 3770 489 3829 vitiorum
511 3772 611 3828 Deum
634 3767 721 3828 nodis
745 3788 807 3826 non
831 3787 895 3827 esse
918 3769 1110 3844 persuadeat.
1128 3802 1172 3811 —
1191 3764 1216 3850 ⁶)
1236 3769 1350 3829 Corum.
1377 3770 1413 3829 in
1428 3774 1485 3847 ldp.
1499 3772 1531 3829 od

347 3862 417 3926 dat.
433 3866 462 3935 1,
478 3864 527 3921 16.
546 3859 626 3940 Opp.
640 3862 678 3922 T.
690 3857 720 3920 7.
734 3880 761 3918 c.
773 3855 848 3920 391.
866 3860 918 3917 En
934 3877 993 3934 quo
1005 3857 1205 3936 perspicuum
1214 3857 1263 3934 fit,
1279 3867 1420 3921 natura
1434 3861 1530 3923 omni
1571 3926 1573 3933 ¹

346 3955 409 4012 bus
425 3953 499 4012 Dei
514 3951 635 4011 inesse
650 3972 693 4010 no
705 3949 839 4011 titiam.
859 3985 901 3994 -
919 3951 945 4021 ⁷)
963 3948 1059 4010 Serm.
1076 3952 1146 4010 141.
1165 3951 1294 4012 deveni.
1311 3953 1435 4030 Evdnq.
1450 3956 1528 4014 Joon.

346 4048 394 4105 14.
410 4066 441 4104 n.
459 4048 488 4105 2.
506 4042 586 4122 Opp.
604 4044 642 4103 Τ.
659 4039 690 4104 5.
708 4062 732 4101 c.
750 4037 825 4103 683.
848 4042 932 4099 Unde
948 4058 1018 4115 erpo
1036 4040 1167 4099 detinent
1180 4040 1348 4116 veritatem,
1364 4044 1460 4104 celin
1473 4044 1530 4121 ipso

346 4135 525 4210 iniquitute?
548 4133 670 4208 Audite,
688 4134 769 4209 qnod
783 4131 930 4212 seqnitur,
948 4138 976 4190 et
991 4131 1128 4191 ostendit.
1159 4131 1275 4206 „Quia
1299 4137 1399 4208 quod
1420 4143 1530 4196 notun

345 4225 518 4295 estDei,”
538 4224 652 4300 inquit,
675 4222 933 4301 „manifestum
949 4229 1003 4280 est
1016 4221 1115 4282 iilis.
1142 4225 1243 4282 Deus
1260 4223 1357 4284 enirn
1372 4225 1529 4286 illisne·

344 4317 385 4377 ni
385 4316 577 4396 festaeit.”
604 4314 817 4393 Manifestaoit
835 4313 913 4383 illis,
936 4313 1045 4389 quibus
1065 4316 1155 4389 lepern
1175 4334 1237 4373 non
1253 4315 1347 4377 dedit.
1373 4318 1457 4378 Audi
1470 4337 1528 4394 qur
1571 4334 1573 4353 ²

344 4412 429 4469 modo
445 4407 663 4485 manifestavit.
691 4404 945 4480 „Invisibilia
969 4404 1066 4464 enirn
1082 4407 1162 4483 ejns
1177 4424 1241 4482 per
1258 4425 1312 4476 ea,
1332 4410 1528 4488 quaefacta

344 4506 443 4571 sunt,
476 4499 667 4557 intellecta
698 4495 999 4573 conspiciuntur.
1032 4498 1193 4571 Interroya
1215 4499 1379 4570 mnndum,
1403 4507 1527 4560 matun

345 4591 431 4662 coeli,
442 4592 598 4669 fulporern
615 4588 900 4667 dispositionemque
916 4586 1064 4659 siderum,
1083 4590 1174 4647 solem
1190 4587 1253 4646 diei
1268 4589 1476 4667 sufficientem,
1491 4592 1525 4648 lu

345 4703 416 4741 nam
430 4681 527 4740 noctis
543 4680 700 4740 solatium:
722 4679 877 4754 interroga
893 4685 1004 4738 terrain
1021 4678 1262 4755 fructificantem
1277 4681 1381 4742 herbis
1397 4689 1425 4743 et
1439 4681 1523 4759 tipus

345 4773 528 4833 animalibus
543 4773 676 4848 pienum,
693 4770 864 4831 horninibus
879 4775 1073 4829 mennatem:
1089 4769 1244 4845 interroya
1260 4790 1360 4853 mare,
1376 4773 1524 4850 qumtisd

345 4863 486 4945 qualibus
500 4861 653 4922 natalibus
676 4864 812 4940 plenum
834 4861 991 4937 interropa
1006 4867 1095 4932 aera,
1113 4862 1236 4937 quantis
1251 4862 1431 4927 volatilibus
1444 4864 1520 4941 viaet:
