3775 5625
349 429 394 494 44

349 616 422 659 cum
453 592 503 657 sui
525 592 724 657 conscientia
745 592 874 677 operari
897 593 996 667 valet,
1029 607 1061 656 et
1089 591 1163 657 ideo
1187 592 1282 657 etiam
1308 606 1384 679 post
1409 609 1550 663 mortem

348 702 508 788 corporis,
525 701 699 788 etquidem
715 702 787 767 viva
803 715 895 788 atque
906 702 1071 789 cogitandi
1087 714 1119 767 et
1135 703 1305 788 appetendi
1315 726 1466 789 compos,
1484 706 1548 771 sui·

349 834 409 898 que
432 812 566 878 conscia
586 825 701 878 manet.
741 814 782 877 Ut
803 812 907 877 anima
933 812 1096 886 interiret,
1117 813 1207 877 Deus
1229 834 1300 878 eam
1317 835 1478 899 expresse
1496 819 1548 883 de·

349 936 476 988 struere
497 924 577 987 velle
604 924 745 987 deberet.
787 923 878 1001 Quod
895 921 1064 1007 quominus
1085 934 1258 997 statuatur,
1280 944 1345 988 non
1360 937 1487 990 tantum
1508 925 1549 1002 id,
1584 947 1586 952 ·

349 1033 433 1118 quod
449 1033 538 1096 Deus
564 1031 640 1095 nihil
662 1053 800 1115 prorsus
817 1034 972 1105 destruat,
1004 1032 1063 1095 sed
1085 1039 1118 1095 ct
1138 1031 1201 1096 boc
1219 1032 1381 1118 probibet,
1397 1035 1550 1120 qnoniam

348 1141 534 1206 nominatim
552 1142 655 1227 quoad
672 1141 808 1205 animam
824 1142 926 1205 [lcum
944 1140 1141 1205 contrarium
1155 1143 1248 1216 velle,
1264 1140 1387 1207 infinita
1403 1145 1475 1229 ejus
1492 1146 1547 1210 bo-

348 1233 442 1325 nitas,
459 1248 614 1335 sapientia
630 1271 669 1315 ac
679 1249 805 1334 justitia
820 1249 913 1314 nobis
930 1250 1133 1335 persuadent.
1157 1250 1238 1315 Nam

458 1359 489 1423 2.
506 1360 596 1424 Deus
621 1372 753 1424 naturae
780 1372 912 1423 nostrae
936 1358 1130 1423 desiderium
1152 1359 1415 1448 inexstinguibile
1441 1364 1546 1448 peric·

349 1467 466 1533 ctionis
482 1489 521 1533 ac
535 1489 632 1533 verae
648 1468 809 1533 felicitatis
826 1470 1049 1553 assequendae
1065 1467 1187 1533 indidit.
1226 1470 1299 1535 Non
1320 1483 1428 1536 autem
1450 1472 1547 1538 nobis

347 1576 516 1642 indidisset
528 1577 721 1643 desiderium
736 1580 838 1643 hocce
855 1581 951 1643 Pater
967 1577 1232 1665 benignissimus,
1249 1579 1311 1645 nisi
1327 1580 1403 1644 illud
1413 1582 1548 1666 explere

346 1686 513 1752 voluisset.
554 1687 646 1766 Quod
663 1709 758 1773 quum
780 1687 812 1752 in
836 1687 932 1752 terris
956 1708 1020 1751 non
1046 1685 1116 1750 liat:
1148 1708 1253 1771 prona
1273 1701 1325 1754 est
1340 1687 1457 1767 illatio,
1480 1690 1547 1756 ani·

347 1818 431 1861 mam
451 1809 527 1882 post
547 1810 686 1862 mortem
707 1797 856 1883 corporis
882 1819 947 1861 non
969 1796 1107 1870 destrui,
1130 1798 1189 1860 sed
1211 1796 1308 1862 vitam
1329 1820 1422 1864 suam
1443 1800 1547 1866 conti·

348 1927 458 1981 nuare,
475 1928 533 1971 seu
549 1906 788 1971 immortalitate
809 1906 879 1972 frui.
910 1907 945 1970 ld
962 1918 1068 1970 autem
1084 1927 1124 1970 eo
1141 1906 1246 1993 magis
1263 1910 1470 1974 statuendum
1484 1923 1548 1986 est,

348 2015 498 2102 quoniam
1343 2079 1345 2082 .

457 2123 488 2189 3.
499 2145 606 2199 seona,
624 2147 720 2210 quum
735 2124 818 2189 inter
835 2124 983 2190 homines
1000 2127 1040 2189 ad
1055 2126 1232 2211 perlectam
1247 2126 1309 2192 nei
1325 2127 1549 2215 cognitionem

348 2254 387 2299 ac
397 2232 611 2308 sanctitatem,
629 2255 688 2298 seu
705 2256 777 2299 cum
786 2235 857 2298 Deo
873 2233 1025 2299 unionem
1042 2256 1100 2319 per
1116 2236 1186 2319 ejus
1203 2257 1314 2300 veram
1326 2237 1549 2324 cognitionem

348 2357 381 2409 et
403 2342 625 2419 dilectionem,
652 2345 743 2429 cujus
766 2357 873 2409 tamen
898 2367 958 2429 pro
979 2344 1102 2409 viribus
1120 2344 1188 2410 suis
1204 2345 1423 2430 spiritualibus
1440 2346 1550 2415 brine

347 2455 453 2544 gratia
484 2452 656 2518 auxiliante
689 2475 824 2540 capaces
847 2468 937 2531 sunt,
967 2476 1062 2519 nemo
1088 2454 1121 2518 in
1142 2454 1192 2519 bis
1217 2455 1313 2520 terris
1330 2456 1500 2540 perveniat
1516 2471 1550 2524 et

347 2564 446 2640 multi,
462 2575 497 2628 ut
511 2562 660 2637 infantes,
676 2576 802 2629 matura
817 2578 921 2630 morte
937 2563 1115 2650 praeventi,
1131 2563 1217 2628 illam
1232 2586 1369 2650 prorsus
1386 2586 1451 2630 non
1469 2588 1547 2631 oon·

347 2686 535 2761 sequantur,
568 2673 688 2755 assumi
722 2676 870 2751 deberet,
901 2675 1005 2739 Deum
1036 2673 1123 2739 vires
1149 2674 1224 2739 illas
1244 2674 1428 2760 spirituales
1450 2677 1548 2743 nobie

346 2785 467 2850 trustra
483 2784 628 2859 dedisse;
646 2786 731 2872 quod
748 2798 854 2851 autem
871 2787 910 2850 de
927 2785 998 2851 Deo
1015 2784 1255 2871 sapientissimo
1273 2783 1437 2851 affirmare
1454 2787 1549 2855 nefas

349 2909 409 2962 est.
433 2897 558 2962 Deinde

458 3006 489 3073 4.
503 3006 628 3092 justitia
645 3006 750 3071 divina
767 3006 883 3093 exigit,
905 3018 939 3070 ut
956 3005 1029 3070 meli
1046 3005 1227 3090 puniantur,
1244 3018 1277 3070 et
1294 3004 1432 3091 quidem,
1450 3029 1549 3094 quum

348 3117 450 3202 culpa,
466 3115 542 3182 licet
557 3139 623 3182 non
638 3116 850 3191 intrinsecus,
871 3129 978 3180 tamen
1001 3115 1205 3180 extrinsecus
1223 3115 1265 3180 sit
1280 3115 1419 3192 infinita,
1436 3131 1548 3204 quate·

347 3248 407 3291 nus
428 3225 552 3291 scilicet
576 3239 744 3312 peccatum
765 3247 866 3313 grave
889 3239 940 3291 cst
964 3237 1146 3291 contemtus
1171 3238 1204 3289 et
1220 3223 1346 3290 offensa
1361 3225 1439 3302 Dei,
1462 3228 1549 3294 entis

346 3334 470 3411 infiniti,
486 3357 592 3422 poena
606 3335 729 3401 infinita
745 3358 803 3402 seu
820 3348 961 3410 aeterna,
978 3347 1011 3400 et
1027 3334 1103 3399 boni
1118 3333 1271 3419 praemiis
1283 3334 1475 3413 alliciantur,
1491 3336 1548 3404 iis·

347 3467 407 3535 que
424 3445 545 3531 pariter
561 3444 712 3520 aeternis,
728 3458 763 3509 ut
779 3465 913 3530 sperare
930 3444 1020 3517 licet;
1038 3445 1132 3518 unde,
1149 3464 1245 3528 quum
1262 3443 1338 3508 illud
1354 3444 1388 3508 in
1403 3443 1466 3510 bac
1481 3445 1551 3512 vita

346 3554 431 3619 haud
446 3554 519 3630 fiat,
542 3554 653 3640 inqua
673 3576 738 3618 non
754 3575 829 3618 raro
847 3553 922 3617 mali
937 3553 1049 3618 felices
1066 3567 1098 3618 et
1114 3554 1190 3619 boni
1206 3554 1354 3618 infelices
1371 3566 1456 3630 sunt,
1479 3553 1552 3621 imo.

347 3684 409 3727 nec
439 3662 510 3727 fieri
536 3663 655 3748 possit,
681 3663 785 3728 anima
806 3664 967 3750 postlata
989 3664 1138 3750 corporis
1155 3678 1344 3750 superstes,
1365 3677 1398 3729 et
1420 3663 1550 3749 quidem

349 3794 421 3838 cum
437 3771 488 3838 sui
505 3772 705 3838 conscientia
720 3795 739 3838 a
754 3775 825 3838 Deo
843 3773 1032 3839 conservari
1048 3775 1144 3840 debet
1154 3780 1190 3856 ¹).

347 3938 366 3959 ,.
457 3880 488 3948 b.
505 3883 780 3948 Immortalitatem
797 3883 920 3949 animae
937 3886 1162 3949 demonstrare
1180 3905 1307 3970 quoque
1322 3882 1471 3948 videntur
1492 3885 1549 3949 ab·

349 3994 446 4058 surda
463 3992 675 4068 consectaria,
692 4014 773 4080 quae
790 4015 833 4058 ex
848 3993 1018 4079 hypothesi
1035 3993 1159 4059 animae
1179 3993 1325 4059 mortalis
1342 4014 1548 4078 consequun-

348 4115 409 4169 tur.
441 4102 523 4167 Nam
544 4101 572 4167 si
597 4102 703 4168 anima
723 4103 869 4168 mortalis
886 4117 991 4179 esset,
1007 4116 1102 4190 atque
1118 4103 1285 4170 desinente
1302 4123 1442 4189 corpore
1457 4114 1551 4168 totus

347 4212 443 4276 bomo
476 4211 653 4277 desineret:
686 4212 834 4278 lacilffle
861 4234 879 4277 a
906 4213 1132 4299 cupiditatibus
1165 4213 1386 4289 sensualibus,
1407 4211 1437 4278 si
1461 4213 1552 4277 nulla

303 4404 306 4409 Ι
347 4320 491 4406 praemia
510 4334 587 4407 post
606 4336 764 4399 mortem,
789 4324 957 4410 nullaeque
977 4343 1102 4408 poenae
1123 4345 1184 4388 nos
1205 4336 1382 4399 manerent,
1398 4321 1549 4388 vincere·

348 4452 436 4505 mur,
458 4442 551 4517 atque
568 4431 707 4497 studium
727 4432 855 4498 virtutis
877 4433 1070 4498 redderetur
1085 4431 1337 4517 impossibiles,
1359 4453 1461 4517 porro
1482 4430 1552 4496 vita

347 4539 483 4605 humana
519 4561 645 4607 omnem
667 4564 757 4609 suam
782 4541 970 4631 dignitatem
995 4540 1172 4618 amitteret,
1205 4564 1300 4629 quum
1321 4540 1550 4607 immortalitas

458 4781 781 4862 ¹)0f.Athenagor.
797 4785 1013 4846 Daremma.
1033 4785 1083 4844 18.
1102 4781 1183 4864 Opp.
1200 4781 1224 4846 J
1229 4783 1345 4848 nstin.
1361 4801 1392 4867 p.
1416 4777 1480 4845 351
1505 4803 1546 4848 ss.

349 4908 390 4919 -
411 4872 434 4959 ²)
451 4873 474 4938 J
480 4875 591 4941 nstin.
606 4873 692 4937 Diol.
711 4895 735 4938 o.
756 4875 866 4953 Prppb.
885 4894 915 4937 o.
934 4875 964 4937 5.
988 4873 1036 4938 Ib.
1051 4898 1081 4959 p.
1101 4872 1176 4939 112.
