3775 5625
342 432 387 500 '10

343 598 387 663 tia
411 610 480 661 tum
505 593 643 660 naturali
671 607 737 658 tum
758 593 995 679 supernaturali
1016 594 1201 678 conjuncta,
1228 594 1274 658 ita
1298 607 1334 659 ut
1353 595 1440 660 ratio
1463 597 1545 672 Deo,

341 707 429 771 vires
451 717 557 769 antem
578 703 701 768 animae
722 702 895 766 inferiores
917 702 1129 787 corporisque
1151 702 1310 787 appetitus
1327 724 1367 768 ac
1382 704 1544 771 desideria

343 814 462 882 rationi
489 813 632 899 perfecte
662 812 893 885 subderentur,
921 812 1025 896 quoad
1054 832 1174 896 corpus
1202 823 1309 876 autem
1329 811 1542 889 immortales,

281 932 283 935 ’
343 938 436 1010 atquc
452 923 485 987 in
502 925 574 986 loco
595 920 733 1005 quodam
748 919 843 984 bonis
866 919 1013 984 omnibus
1030 933 1063 985 et
1084 919 1300 1005 voluptatibus
1328 922 1541 1007 exsuperanti

343 1054 401 1098 seu
421 1032 453 1096 in
476 1029 626 1115 paradiso
650 1029 843 1100 collocatos;
870 1041 903 1093 et
926 1049 1028 1112 porro
1051 1029 1131 1093 haec
1157 1027 1264 1094 omnia
1284 1028 1482 1096 charismata
1501 1052 1543 1098 ex

343 1143 414 1208 sola
427 1140 488 1205 Dei
504 1137 692 1205 liberalitate
709 1137 740 1200 in
757 1137 881 1221 primos
896 1137 1045 1201 homines
1061 1137 1268 1221 profluxisse,
1280 1160 1346 1204 nec
1361 1139 1428 1205 ullo
1444 1143 1540 1207 modo

342 1264 474 1316 naturae
491 1248 597 1313 debita
613 1246 727 1320 fnisse,
760 1258 852 1331 atquc
868 1246 942 1310 ideo
960 1267 1024 1311 non
1047 1267 1121 1311 csse
1138 1247 1309 1333 quidquam
1331 1249 1542 1316 substantiale

342 1371 474 1427 naturae
490 1367 634 1429 nostrae,
650 1356 708 1419 sed
723 1357 846 1419 tantum
863 1353 1024 1419 accidens.

452 1466 541 1531 Haec
564 1475 654 1529 certa
674 1474 758 1527 suut.
787 1461 877 1528 Aliae
901 1462 1108 1547 quaestiones
1125 1476 1241 1539 autem,
1264 1486 1345 1550 quae
1365 1466 1400 1530 in
1422 1466 1542 1533 sobolis

343 1576 572 1647 tractabantur,
588 1571 716 1635 mirrimc
734 1572 864 1635 suntab
880 1571 1030 1636 Ecclesia
1048 1570 1206 1637 delinitae.

449 1682 556 1747 Prima
577 1680 736 1765 ejusmodi
759 1680 905 1766 quaestio
928 1692 990 1756 est,
1013 1693 1120 1744 utrum
1137 1702 1210 1745 curn
1225 1680 1288 1745 illis
1305 1683 1400 1749 donis
1415 1684 1543 1752 eximiis

342 1792 438 1880 primi
452 1802 604 1877 parentes
622 1789 777 1853 conditi
792 1789 957 1864 fuerint,
975 1810 1014 1852 an
1031 1811 1109 1854 vero
1126 1790 1207 1855 haec
1222 1789 1349 1866 iisdem,
1365 1793 1400 1858 in
1415 1806 1541 1861 natura·

342 1903 426 1968 libus
448 1900 577 1975 creatis,
599 1911 676 1984 post
699 1898 895 1963 creationem
923 1899 1050 1963 demum
1070 1898 1130 1964 Dei
1155 1899 1306 1986 largitate
1328 1900 1394 1966 siut
1414 1902 1541 1969 tributa.

342 2014 521 2096 Propterea
544 2007 691 2073 Concil.
716 2008 1008 2083 Tridentinum,
1035 2020 1119 2074 teste
1142 2008 1236 2073 Card.
1256 2011 1542 2093 Palavicino¹),

344 2117 593 2188 eonsrdtodixit:
608 2124 644 2180 in
654 2139 718 2196 quo
726 2116 911 2197 (sanctitate
918 2116 1091 2201 etjustitia)
1099 2126 1294 2182 constitutus
1307 2125 1388 2200 (non
1399 2127 1542 2202 creatus)

341 2223 1542 2311 sacrat,nolensfrem,inquanonJadsituniversalisPatrumconsensusde·

348 2338 467 2404 cidere.
476 2340 625 2403 Attamen
637 2335 741 2420 prima
751 2335 910 2399 sententia
916 2338 1070 2420 nuncjam
1079 2336 1238 2401 communi
1246 2338 1368 2402 calculo
1378 2341 1543 2423 probatur.

448 2445 558 2510 Altera
574 2443 719 2529 quaestio
735 2443 870 2528 respicit
885 2444 1123 2509 distinctionem
1139 2445 1223 2510 inter
1241 2447 1501 2514 sanctitatem
1514 2460 1545 2514 et

340 2554 552 2642 justitiam,
561 2575 655 2638 quarn
671 2552 798 2637 quidem
813 2553 920 2617 locum
937 2554 1082 2618 obtinere
1099 2554 1152 2619 alii
1168 2554 1398 2629 affirmant,alii
1413 2570 1544 2645 negant

346 2664 392 2729 llli
410 2675 561 2737 statuunt,
577 2674 826 2747 protoparentes
850 2660 883 2726 in
905 2662 979 2747 ipsa
1003 2662 1166 2728 creatione
1190 2664 1357 2749 accepisse
1378 2666 1544 2732 rectitudi-

283 2793 285 2796 ·
347 2794 420 2839 nem
434 2772 530 2846 illam,
547 2791 609 2858 qua
627 2792 738 2836 omnes
755 2769 878 2837 animae
895 2755 1075 2848 facultates,
1090 2772 1199 2857 prouti
1216 2786 1249 2838 et
1265 2794 1384 2859 eorpus
1399 2776 1545 2860 perfecte

346 2881 462 2947 rationi
479 2880 739 2965 subjiciebantur,
751 2893 845 2966 atque
862 2882 933 2964 ejus
949 2880 1039 2944 nutui
1056 2882 1380 2966 obtemperabant,ita
1396 2896 1432 2948 ut
1447 2885 1544 2950 bomo

347 2990 438 3058 facile
455 3001 579 3074 posset,
596 3009 676 3074 quae
693 3001 768 3053 sunt
783 2988 935 3052 naturalis
954 2989 1429 3077 ordinis,adimplere,hancque
1446 2993 1543 3059 recti·

346 3099 489 3165 tudinem
505 3118 564 3163 sen
580 3110 725 3163 naturam
743 3118 854 3162 sanam
870 3119 908 3163 ac
924 3098 1094 3185 integram,
1107 3121 1179 3164 cum
1196 3100 1345 3164 omuibus
1362 3099 1433 3165 suis
1449 3101 1544 3186 parti·

347 3211 408 3273 bus
431 3207 694 3280 concordantem,
705 3205 861 3290 justitiam
886 3207 1077 3294 originalem
1095 3208 1268 3292 adpellant;
1297 3207 1423 3282 deinde,
1445 3231 1545 3294 porro

348 3316 521 3390 affirmant,
551 3316 653 3380 cidem
680 3315 784 3400 primo
810 3314 936 3399 parenti
960 3315 1097 3402 gratiam
1120 3314 1374 3380 sanctificantem
1398 3318 1555 3383 collatam

348 3426 448 3491 fuisse
465 3438 498 3490 et
514 3425 761 3510 superadditam
777 3445 836 3508 per
852 3445 947 3508 quam
962 3423 1032 3508 ipse
1050 3436 1181 3488 evectus
1198 3423 1256 3487 fuit
1272 3404 1312 3488 ad
1329 3424 1478 3490 ordinem
1495 3448 1543 3491 su·

347 3535 593 3621 pernaturalem.
617 3533 679 3597 Alii
695 3553 774 3596 vero
791 3544 957 3617 utramque
978 3532 1226 3617 inseparabilem
1247 3546 1391 3607 censent,
1413 3546 1449 3598 et
1472 3556 1544 3622 gra-

272 3659 274 3661 ’
348 3644 423 3707 tiam
440 3640 695 3706 sanctificantem
712 3640 918 3706 considerant
932 3641 966 3705 iu
981 3643 1104 3706 Adamo
1122 3642 1208 3706 velut
1223 3641 1416 3727 principium
1432 3657 1467 3708 et
1484 3642 1544 3709 ori·

348 3751 457 3838 ginem
473 3761 658 3814 ceterorum
674 3751 931 3835 bonorum,quae
942 3750 994 3814 ille
1008 3763 1176 3815 assecutus
1189 3762 1239 3814 est
1249 3752 1288 3816 ab
1301 3750 1372 3835 ipsa
1383 3773 1445 3816 sua
1457 3774 1544 3819 crea·

348 3859 446 3932 tione,
462 3879 564 3942 neque
581 3857 664 3921 inter
676 3857 834 3942 justitiam
849 3871 882 3922 et
896 3858 1035 3946 gratiam
1051 3858 1305 3922 sanctificantem
1321 3856 1520 3927 discernunt

455 3966 565 4032 Tertia
582 3967 726 4052 quaestio
744 3979 870 4052 spectat
885 3969 925 4031 ad
940 3968 1081 4032 indolem
1097 3968 1253 4054 gratiae
1276 3969 1465 4046 actualis,
1488 3991 1546 4057 qua

349 4089 479 4162 praeter
499 4075 635 4163 gratiam
656 4074 909 4140 sanctificantem
931 4077 971 4140 ad
993 4077 1074 4140 bene
1098 4077 1295 4160 operandum
1318 4076 1403 4141 etin
1421 4079 1546 4163 justitia

350 4185 623 4272 perseverandum
639 4184 825 4272 indigebant
833 4197 1098 4270 protoparentes;
1116 4176 1192 4249 num
1206 4185 1356 4250 videlicet
1366 4185 1421 4251 illa
1430 4188 1544 4276 gratia,

351 4315 431 4380 quae
453 4294 702 4381 cognominatur
718 4293 883 4369 efficax,
900 4315 940 4358 an
956 4316 1049 4369 vero,
1072 4316 1151 4379 quae
1169 4294 1386 4360 sufficiens
1409 4299 1543 4384 adpella-

350 4417 412 4479 tur,
429 4403 532 4467 fuerit

458 4512 577 4589 Quarta
597 4512 742 4597 quaestio
769 4513 809 4575 ad
834 4513 1178 4578 immortalitatem
1204 4513 1395 4598 eorporis
1424 4516 1544 4589 attinet,

353 4642 413 4708 qua
432 4622 529 4685 homo
549 4620 581 4684 in
604 4634 688 4686 statu
710 4621 912 4687 innocentiae
934 4644 993 4686 seu
1016 4621 1204 4687 elevationis
1226 4624 1396 4710 gaudebat.
1429 4625 1545 4691 Omnes

461 4845 488 4920 ¹)
505 4842 588 4905 Hist.
607 4844 696 4905 Oeno.
716 4843 801 4904 Trid.
819 4846 838 4902 l.
856 4847 885 4903 1.
903 4864 928 4903 e.
944 4846 974 4904 3.
990 4864 1021 4903 a.
1039 4846 1067 4903 l.
1084 4843 1176 4907 Antv.
1197 4839 1292 4906 1673.
1308 4865 1339 4923 p.
1355 4840 1434 4908 245.
