3775 5625
342 409 408 475 288

451 595 478 637 e.
504 575 690 643 excitamur,
714 582 748 635 ut
770 591 919 631 summam
943 572 1022 632 haue
1040 572 1237 651 dignitatem,
1256 573 1292 631 ad
1310 590 1402 649 quam
1418 590 1471 649 per
1484 573 1526 630 ln·

344 685 554 745 carnatiouem
580 692 690 741 natura
714 691 824 740 nostra
850 682 929 740 elata
953 690 1016 750 est,
1041 690 1073 739 et
1089 700 1179 757 quam
1196 682 1314 760 singuli
1330 700 1386 758 per
1404 682 1579 759 gratiam

338 794 562 869 justificantem
595 791 804 867 assequimur,
842 790 1093 866 quemadmodum
1124 799 1228 848 monet
1251 792 1327 849 Leo
1351 791 1413 859 M„
1432 807 1581 865 mos

344 921 484 981 scamus,
502 911 534 962 et
548 902 682 959 divinoe
698 900 785 972 fecti
806 908 975 958 consortes
1005 907 1157 978 naturae,
1191 901 1334 959 nolimus
1349 900 1386 958 in
1401 907 1581 973 ueterem

343 1012 499 1073 vilitatem
514 1013 664 1085 deponere·
680 1012 927 1070 conversatione
942 1012 1052 1068 redire
1066 1009 1107 1087 ¹).
1132 1010 1197 1069 Nec
1213 1028 1273 1067 nou
1290 1019 1393 1068 autem

449 1121 477 1193 f.
503 1121 715 1189 admonemur,
743 1129 775 1178 ut
802 1118 1005 1177 humilitatem
1033 1119 1186 1187 colamus,
1212 1119 1477 1196 reprimamusque
1501 1118 1581 1190 ἰιι

344 1232 488 1290 cordibus
504 1230 622 1289 nostris
639 1248 758 1287 omnem
775 1228 960 1305 superbiam.
985 1229 1052 1285 Rex
1074 1228 1154 1286 enim
1171 1230 1310 1306 Regum,
1328 1238 1361 1287 et
1379 1228 1548 1293 dominon
1560 1257 1580 1296 ι

345 1340 563 1400 dominantium
595 1340 719 1410 volens,
743 1339 911 1414 lubensque
937 1338 1022 1396 servi
1054 1338 1184 1397 formam
1207 1339 1344 1415 accepit,
1369 1338 1576 1405 altissimu.

343 1452 429 1509 Deus
445 1450 476 1508 in
493 1460 611 1509 terram
628 1449 802 1519 descendit,
820 1458 851 1507 et
866 1457 1007 1507 nostrum
1032 1448 1136 1506 limum
1152 1449 1183 1506 in
1200 1467 1354 1524 personae
1381 1454 1570 1520 suaeuni·

345 1541 440 1619 tatem
460 1559 608 1635 suscepit.
634 1558 692 1633 Qui
715 1577 792 1636 ergo
814 1577 919 1616 veram
944 1567 976 1616 et
997 1566 1155 1616 aeternam
1177 1558 1310 1637 gloriam
1327 1558 1464 1635 quaerit,
1479 1557 1568 1624 hac

282 1703 292 1716 ·
344 1670 394 1728 vie
411 1669 548 1729 adillam
566 1669 745 1739 contendat,
778 1687 837 1745 qua
868 1667 1014 1726 Christus
1039 1678 1087 1726 est
1110 1668 1292 1747 ingressus,
1324 1686 1455 1729 neeesse
1478 1681 1561 1731 est.

344 1778 503 1857 Dienore,
521 1778 665 1836 hortatur
696 1777 949 1855 Augustinus,
981 1793 1051 1836 esse
1082 1776 1216 1836 humilis
1243 1786 1380 1854 propter
1400 1786 1443 1858 te,
1461 1781 1561 1855 puio

344 1887 435 1948 neos
447 1886 602 1963 'itineratus
617 1897 667 1948 est
680 1888 814 1947 humitis
829 1905 899 1946 esse
913 1896 1049 1963 propter
1067 1892 1200 1946 eundem
1217 1896 1258 1947 te:
1275 1905 1343 1947 non
1359 1890 1443 1948 enin
1455 1906 1555 1964 pro·

341 2007 415 2075 pter
431 2016 475 2059 se.
503 1995 590 2074 Cape
609 2015 687 2072 erpo
708 1996 922 2057 humilitatem
946 1994 1086 2075 Christi,
1110 1996 1197 2056 disee
1217 1991 1353 2057 humilis
1368 2015 1451 2078 esse,
1468 1999 1554 2058 noti

345 2103 559 2183 supet-bird).
584 2108 660 2176 Vel,
677 2116 711 2165 ut
727 2108 800 2165 alibi
815 2107 921 2165 hebet:
937 2105 1016 2165 June
1031 2112 1160 2170 tendens
1175 2110 1346 2167 erubeseat
1358 2108 1453 2167 homo
1469 2123 1550 2165 esse

345 2219 515 2296 superbus,
531 2225 667 2292 propter
683 2234 775 2292 poene
788 2216 902 2288 fectus
918 2224 967 2276 est
982 2215 1116 2275 humilis
1132 2214 1223 2275 Deus
1233 2213 1270 2294 ³).

371 2485 408 2577 ἓ.
426 2487 494 2557 59.
510 2488 728 2558 christus
745 2506 839 2575 qua
855 2489 993 2557 horno
1009 2488 1160 2558 Filius
1176 2488 1266 2558 Dei
1280 2487 1519 2576 proprius,

748 2614 852 2669 non
868 2597 1133 2685 adoptivus.

458 2803 574 2881 Quum,
605 2803 748 2890 quamvis
780 2806 859 2869 duae
891 2818 1024 2869 naturae
1055 2804 1278 2891 impermixtae
1296 2817 1329 2868 et
1353 2802 1517 2869 inconfusae

348 2914 427 2989 sint,
444 2926 549 2978 tamen
565 2914 596 2977 vi
613 2914 740 2978 unionis
756 2915 977 3000 hypostaticae
993 2937 1058 2979 non
1074 2928 1197 2980 tantum
1213 2927 1328 2979 natura
1344 2914 1461 2989 dimna,
1472 2910 1512 2976 sci
1578 2932 1581 2943 ·

347 3036 380 3087 et
394 3024 531 3088 humana
551 3025 583 3088 in
601 3025 749 3100 Christo,
765 3038 800 3088 ut
815 3047 893 3089 mox
908 3026 1060 3101 vidimus,
1077 3026 1176 3090 Verbi
1192 3024 1290 3089 divini
1304 3021 1446 3110 personia
1459 3021 1508 3087 sub
1577 3023 1581 3033 “

348 3133 455 3198 sistat:
480 3135 667 3199 necessario
691 3135 764 3199 inde
786 3136 962 3222 colligitur,
996 3135 1158 3200 Christum
1180 3148 1221 3198 ut
1240 3135 1434 3200 hominem
1459 3147 1510 3195 not

348 3244 593 3329 adoptivum,
609 3246 679 3310 sed
694 3246 898 3330 proprium
916 3267 1005 3310 esse
1022 3245 1091 3309 Dei
1106 3245 1252 3310 Filium.

348 3495 441 3567 atque
457 3483 664 3567 sequentibus
679 3482 833 3567 probatur
849 3474 1008 3548 rationum
1025 3483 1212 3548 momentis:

457 3613 495 3673 A.
520 3611 555 3672 ln
579 3614 638 3673 SS.
658 3611 829 3676 Litteris
852 3613 999 3677 Christus
1022 3634 1084 3697 qua
1103 3614 1199 3676 homo
1221 3611 1343 3676 diserte
1360 3603 1507 3698 unigenitus

350 3741 388 3783 ac
403 3719 555 3804 proprius
572 3722 747 3805 adpellatur
763 3722 823 3786 Dei
839 3721 948 3787 Filius.
973 3725 1090 3806 Deum,
1109 3720 1151 3786 ait
1168 3723 1358 3797 ioannes,
1382 3739 1463 3784 nemo
1474 3716 1508 3776 ti·
1568 3742 1581 3802 ·,

350 3838 399 3895 dit
412 3853 572 3911 unquam:
594 3838 831 3911 unipenitos
847 3836 1006 3908 Filius,
1028 3840 1085 3913 qni
1106 3846 1156 3897 est
1169 3840 1205 3896 in
1221 3839 1296 3896 nno
1312 3836 1440 3914 Petris,
1454 3834 1508 3906 ἐρεῖ
1559 3828 1581 3890 ἓε

350 4071 537 4125 enarrasse,
560 4071 617 4114 seu
644 4051 836 4136 patefecisse
867 4054 962 4117 nobis
985 4054 1087 4117 Deum
1115 4055 1248 4138 ejusque
1275 4051 1423 4124 consilia;
1451 4035 1506 4131 quoi

351 4172 454 4223 tamen
478 4161 643 4225 manifeste
665 4183 723 4247 per
747 4162 910 4227 Christum
931 4164 1103 4227 Dominum
1124 4177 1158 4226 ut
1178 4163 1342 4226 hominem
1358 4158 1507 4225 nobiscu·

352 4269 431 4356 tigit.
460 4271 563 4335 Porro
586 4273 699 4336 Jesus
721 4272 805 4357 ipse:
831 4274 889 4336 Sic
911 4276 1014 4357 Deos,
1043 4273 1157 4359 inquit,
1179 4279 1299 4337 ditescit
1317 4266 1509 4349 mundun,¹ti
1562 4272 1564 4283 '

459 4583 599 4669 ¹)Serm.
622 4590 672 4648 30.
695 4587 857 4650 Deiectio.
879 4591 907 4648 1.
931 4576 1504 4669 c.3.p.71.-²)Serm‚117‚nii.
1561 4604 1581 4661 Ι·

352 4677 429 4759 Opp.
446 4680 485 4738 T.
501 4675 532 4740 5.
549 4700 574 4740 c.
591 4676 668 4740 589.
686 4716 728 4727 —-
747 4682 774 4761 ³)
789 4682 905 4744 Enarr.
921 4683 951 4740 2.
967 4680 1001 4738 in
1017 4683 1071 4740 Ps.
1090 4682 1139 4742 18.
1156 4701 1186 4742 n.
1204 4681 1253 4740 15.
1277 4679 1316 4741 T.
1326 4675 1364 4740 ’4.
1380 4698 1403 4739 o.
1419 4669 1460 4736 87.
1475 4662 1502 4724 Cf·
1561 4668 1581 4703 '¹'

355 4771 406 4831 Tr.
423 4773 472 4832 26.
488 4770 630 4833 inJoan.
652 4793 682 4832 n.
706 4775 755 4834 16.
777 4773 815 4835 Τ.
833 4769 863 4835 3.
884 4772 920 4831 Ρ.
937 4769 968 4833 2.
992 4793 1017 4833 c.
1040 4767 1116 4833 491.
1140 4807 1181 4816 ——
1207 4768 1231 4852 ⁴)
1252 4769 1346 4832 Joen.
1370 4768 1397 4841 l,
1420 4760 1501 4827 18·³
1560 4742 1581 4798 ’ί

353 4865 380 4939 ⁶)
398 4860 490 4922 Joen.
507 4859 538 4937 3,
555 4860 605 4926 16.
