3775 5625
343 421 409 493 394

341 601 476 671 pratia
506 596 802 668 somendnmesse,
833 600 976 672 ltccest,
1005 598 1044 655 ab
1077 599 1165 672 ejas
1194 600 1423 673 vocatione,
1454 617 1513 677 pua,

343 705 446 765 noua
461 725 575 765 eoram
591 706 827 765 easmtentiduc
843 710 982 782 nteritis,
1001 711 1177 777 aocantnr;
1194 712 1240 777 at,
1256 710 1313 786 pici
1325 726 1389 785 per
1401 713 1517 784 peccato

344 834 365 876 a
381 814 451 875 Deo
469 820 703 886 coemeram,
733 834 804 892 per
826 818 914 889 ejas
938 819 1182 874 excitantem
1203 820 1324 893 atquc
1341 816 1517 890 adjocan-

344 930 416 985 tcm
429 928 601 1000 qratiam
619 927 665 984 ad
678 925 928 984 convertendam
944 944 981 983 se
998 926 1044 984 ad
1056 943 1152 985 onam
1164 928 1518 1003 ‚ipsornmjnstificatio

344 1053 428 1110 nm,
447 1036 549 1093 eidem
563 1038 694 1109 protioe
710 1035 810 1094 libere
826 1035 1049 1113 assentiendo,
1067 1040 1101 1093 et
1114 1036 1335 1112 cooperando,
1355 1036 1520 1114 diepam

345 1149 399 1202 tar
410 1141 445 1218 ¹).
486 1142 585 1219 Quam
616 1139 860 1224 dispositionem
886 1161 944 1203 seu
970 1139 1249 1223 praeparationem
1270 1139 1303 1203 in
1319 1138 1396 1215 lide,
1412 1139 1522 1215 timore,

344 1268 413 1332 spe,
429 1247 583 1312 charitate
599 1247 708 1311 initiali
725 1260 818 1333 atque
834 1247 1029 1332 poenitentia
1054 1269 1126 1312 eum
1148 1247 1319 1332 proposito
1340 1247 1523 1333 Baptismum

344 1356 539 1440 suscipiendi
560 1369 593 1420 et
616 1356 711 1420 vitam
733 1377 848 1420 novam
870 1355 1041 1420 inchoandi
1065 1370 1229 1431 constare,
1247 1355 1364 1421 deinde
1382 1356 1485 1441 adjicit
1494 1358 1524 1437 ¹).

344 1470 447 1553 Atque
465 1487 611 1531 errorem
628 1466 811 1550 oppositum
827 1464 998 1550 rejiciens:
1016 1466 1056 1529 Si
1072 1474 1147 1550 qais
1163 1471 1300 1546 dicerit,
1318 1474 1408 1530 sine
1419 1488 1525 1549 prac-

344 1583 526 1641 oeniente
557 1577 742 1658 Spiritus
763 1577 801 1642 S.
822 1583 1111 1658 inspiratione,
1136 1584 1254 1659 atque
1269 1581 1361 1654 ejas
1378 1580 1526 1654 adjuto·

345 1693 405 1750 rio
411 1733 423 1765 ,
441 1693 630 1749 hominem
647 1691 829 1765 credere,
848 1708 1000 1768 sperare,
1014 1689 1160 1765 dilipere,
1174 1694 1236 1748 cat
1245 1693 1417 1767 poenitere
1429 1708 1528 1769 posse,

345 1802 432 1857 ciccd
451 1805 593 1878 oportet,
619 1806 658 1859 ut
676 1805 706 1858 ei
721 1802 975 1877 justificationis
989 1802 1100 1874 pratia
1116 1800 1329 1875 conseratur:
1366 1802 1529 1858 anathemo

344 1906 432 1983 sit³).
457 1907 504 1968 Ad
522 1904 617 1968 fidem
633 1926 726 1992 ergo,
742 1917 839 1989 prout
855 1906 894 1968 ad
911 1904 1053 1990 reliquos
1070 1917 1161 1969 aetus
1179 1905 1357 1977 salutares,
1382 1903 1435 1989 qui
1445 1902 1527 1988 justi·

345 2013 528 2079 ficationem
559 2016 769 2099 praecedunt,
787 2026 818 2078 et
840 2013 967 2099 quidem
997 2026 1061 2078 tam
1081 2013 1295 2098 incipiendam
1326 2033 1423 2098 quam
1446 2011 1528 2098 perli-

346 2123 492 2187 ciendam
507 2123 611 2211 gratia
627 2123 768 2198 interna,
790 2145 854 2187 non
871 2136 993 2187 tantum
1014 2123 1210 2187 intellectum
1230 2122 1414 2196 illustrans,
1436 2124 1491 2187 scd
1504 2133 1530 2187 et

345 2234 539 2298 voluntatem
570 2232 806 2319 praeveniendo
829 2246 862 2297 et
883 2234 1063 2317 adjuvando
1090 2231 1250 2306 afficiens,
1271 2230 1463 2297 necessaria
1476 2241 1526 2295 est

348 2345 439 2425 Quod
450 2345 518 2428 jam

454 2457 492 2517 A.
521 2455 559 2517 ad
592 2457 651 2518 SS.
669 2452 846 2520 Litteras
864 2451 991 2515 attinet:
1024 2451 1167 2536 inquam
1192 2448 1340 2535 plurimis
1367 2450 1529 2514 earundem

347 2562 438 2636 locis,
455 2562 550 2627 claris
568 2584 606 2627 ac
623 2562 761 2627 definitis
773 2562 881 2627 verbis
893 2560 1073 2626 necessitas
1089 2558 1255 2624 interioris
1272 2558 1412 2646 gratiae,
1428 2557 1529 2623 tumel

347 2671 470 2738 initium
491 2672 566 2737 fidei
582 2685 646 2736 tum
663 2674 702 2736 ad
719 2674 789 2757 ejus
805 2672 986 2757 proiectum
1004 2672 1148 2736 docetur.
1164 2668 1344 2753 Perspicua
1354 2681 1432 2733 sunt
1446 2670 1531 2733 verit

348 2781 525 2849 Domini:
550 2786 653 2847 Nemo
667 2792 779 2866 potest
796 2790 906 2845 venire
929 2786 975 2845 od
988 2804 1054 2861 me,
1088 2799 1180 2844 meus
1197 2779 1335 2844 evadere
1356 2777 1530 2866 discipulus,

345 2893 377 2959 in
394 2913 445 2957 me
462 2895 638 2975 credere⁴),
654 2901 733 2956 nisi
745 2903 880 2974 pater,
899 2900 955 2976 pai
971 2899 1063 2955 misit
1075 2913 1137 2970 me,
1158 2897 1342 2953 tracerit
1356 2911 1460 2970 enm,
1477 2888 1496 2952 i.
1508 2907 1528 2950 e.

346 3003 408 3068 nisi
423 3005 517 3067 Pater
533 3024 591 3086 per
607 3002 763 3066 internam
780 3002 959 3066 intellectus
975 2998 1220 3064 illustrationem
1236 3010 1269 3062 et
1283 2997 1462 3064 volmrtatis
1477 3016 1528 3062 mo·

345 3114 467 3179 tionem
482 3134 554 3176 eum
571 3111 687 3176 alliciat
703 3124 735 3176 et
751 3111 891 3176 suaviter
907 3112 1028 3183 uehat,
1049 3130 1113 3173 non
1130 3107 1373 3182 necessitando,
1391 3109 1451 3172 sed
1466 3102 1529 3171 imi·

348 3224 444 3287 tando
461 3234 493 3286 et
510 3223 705 3306 adjuvand03
723 3243 791 3296 seu,
808 3234 844 3285 ut
858 3220 993 3284 inl'erius
1010 3219 1064 3293 ait,
1079 3226 1160 3281 nisi
1172 3223 1306 3298 suerit
1322 3225 1359 3280 ei
1376 3222 1530 3281 dotans

347 3336 472 3396 Patre
487 3355 566 3394 meo
574 3379 585 3411 ,
604 3332 624 3395 i.
643 3354 670 3396 e.
688 3331 750 3396 nisi
767 3333 839 3405 hoc,
856 3343 891 3394 ut
908 3328 1074 3394 doctrinae
1091 3348 1181 3392 meae
1204 3347 1300 3392 aures
1319 3325 1530 3391 adcommodat

346 3443 428 3507 haud
461 3463 612 3515 aversas,
644 3442 735 3527 eique
757 3440 884 3505 lirmum
907 3451 1052 3524 praestet
1077 3458 1264 3511 assensum,
1297 3439 1438 3501 aPatre
1455 3453 1529 3502 aocc-

347 3551 472 3635 perit³).
491 3550 611 3629 Quibus
621 3552 728 3615 verbis
744 3550 850 3636 itaque
868 3547 1047 3614 necessitas
1064 3546 1189 3634 gratiae
1205 3545 1376 3611 interioris
1389 3547 1431 3611 ad
1447 3545 1528 3610 tideo

349 3662 433 3725 clare
465 3659 661 3734 enuntiatur,
693 3673 725 3725 et
750 3661 883 3746 quidem
900 3680 965 3723 non
986 3670 1109 3722 tantum
1126 3659 1166 3722 ad
1186 3656 1283 3721 iidem
1298 3656 1529 3741 perficiendam
1564 3638 1567 3769 p

349 3770 406 3834 sed
423 3768 518 3834 etiam
533 3768 753 3854 incipiendam.
795 3772 998 3854 Quapropter
1014 3780 1046 3831 et
1061 3765 1272 3853 Evangelista
1288 3778 1450 3840 testatur,
1465 3765 1529 3829 ver·
1564 3772 1567 3839 l

348 3879 423 3942 hum
440 3898 514 3942 esse
530 3879 645 3952 lucem,
662 3901 746 3961 qnae
762 3883 969 3942 illuminat
989 3898 1133 3939 ornnem
1154 3882 1349 3938 nominem
1365 3882 1529 3938 centana

347 3995 382 4049 in
396 3995 483 4050 tanc
497 3991 699 4067 mondamss).
718 3988 808 4066 Quod
825 4000 949 4071 aperte,
967 4007 1062 4071 quum
1080 4005 1192 4048 omnies
1209 3983 1360 4048 homines
1376 3984 1461 4048 haud
1476 4001 1529 4048 erc

350 4097 436 4170 dant,
452 4095 580 4161 nonnisi
597 4098 636 4160 de
651 4096 879 4162 illuminatione
896 4094 1133 4180 praeveniente,
1150 4115 1214 4157 non
1232 4106 1342 4158 autem
1358 4092 1529 4180 perficiente

350 4204 451 4288 accipi
467 4218 584 4289 potest.
609 4206 655 4269 lta
672 4227 796 4290 quoque
812 4209 849 4269 A.
866 4207 1008 4268 Paulus
1025 4205 1138 4288 plenus
1155 4214 1207 4266 est
1221 4202 1386 4285 ejusmodi
1403 4200 1528 4268 testimo
1565 4288 1567 4295 Ι

350 4312 485 4376 nicrum.
524 4315 596 4390 Epo
627 4317 789 4394 plantavi,
823 4312 935 4377 scribit
966 4311 998 4374 in
1031 4309 1134 4394 priori
1166 4309 1306 4393 epistola
1339 4313 1380 4375 ad
1413 4307 1527 4377 Corin

351 4421 474 4495 thies,
489 4425 607 4502 Apollo
628 4430 760 4500 ripaait,·
777 4426 838 4484 sed
852 4424 962 4484 Deae
977 4429 1262 4484 incrementum
1279 4423 1400 4487 dedit.
1432 4423 1529 4501 ticon

352 4553 453 4615 neque
469 4537 524 4613 pai
536 4533 682 4612 plantat,
699 4542 750 4594 est
765 4535 901 4614 aliquid,
919 4553 1022 4613 neone
1038 4537 1094 4614 qni
1109 4537 1198 4607 ripct
1205 4553 1220 4608 ,·
1247 4534 1320 4592 ced
1335 4539 1401 4615 qai
1417 4539 1528 4594 iocre·

463 4748 489 4837 ¹)
506 4753 586 4814 sess.
605 4756 633 4813 6.
650 4757 715 4814 c.5.
749 4788 791 4798 —
824 4748 850 4831 ³)
870 4751 949 4812 06.
987 4786 1030 4796 -
1063 4750 1089 4832 ³)
1107 4751 1183 4813 Oon.
1199 4755 1229 4812 3.
1265 4788 1308 4800 -
1350 4757 1378 4833 ⁴)
1394 4753 1440 4818 Of.
1454 4750 1525 4813 Just·

354 4841 384 4917 6,
408 4841 461 4909 65.
481 4846 567 4921 -⁶)
584 4843 677 4908 Joen.
693 4841 723 4916 6,
740 4841 793 4906 44.
811 4841 969 4923 tit-⁶)
987 4842 1079 4908 Joan.
1099 4841 1128 4918 l,
1145 4839 1176 4907 9.
