3775 5625
359 344 427 421 ott

356 742 389 821 ς.
415 735 511 807 129.
533 735 665 806 micet
685 734 735 807 in
749 734 931 806 meritis
947 735 1165 806 fiduciam
1180 659 1387 824 ιΙίιιιῗῖι
1404 742 1539 811 eollo·

356 864 484 923 aare,
519 848 659 934 atque
695 844 876 916 intuitu·
898 845 1130 917 mercedis
1163 850 1387 919 aeternae
1427 850 1539 922 bene

848 954 1048 1043 operari.

466 1163 548 1228 Dum
564 1162 745 1227 Novatores
765 1162 880 1225 niallam
900 1181 1036 1246 prorsus
1054 1160 1202 1227 fiduciam
1223 1160 1255 1225 io
1277 1163 1405 1228 meritis
1427 1163 1537 1230 consti·

357 1274 504 1340 mendam
526 1292 599 1337 esse
623 1272 818 1346 statuebant,
840 1270 1020 1358 pelagiani,
1043 1282 1223 1347 mounes,
1247 1273 1299 1358 qui
1322 1295 1397 1338 cum
1417 1273 1457 1339 iis
1473 1295 1536 1339 sen·

355 1382 489 1456 tiebaut,
515 1380 708 1446 contrarium
729 1381 921 1446 docuerunt.
954 1380 1103 1445 Ecclesia
1124 1402 1204 1446 vero
1226 1381 1395 1448 catholica
1411 1384 1538 1449 mediam

355 1492 440 1556 viam
457 1490 645 1579 ingreditur,
666 1510 746 1575 quae
763 1489 966 1575 praecipuam
983 1489 1107 1575 quidem
1123 1512 1214 1576 spem
1229 1490 1261 1555 iu
1277 1492 1348 1556 Deo
1365 1494 1538 1577 ponendam

356 1621 444 1674 esse,
475 1600 610 1685 aliquam
629 1611 735 1664 umen
755 1598 850 1663 etiam
870 1599 902 1662 in
924 1598 1048 1664 meritis
1070 1598 1145 1685 poni
1161 1621 1260 1684 posse
1276 1602 1389 1675 docet;
1422 1603 1480 1677 ita,
1508 1615 1539 1667 ut

357 1730 399 1775 cx
422 1710 494 1793 ejus
521 1707 667 1773 doctrina
694 1707 809 1773 fiducia
835 1712 1042 1783 Sanctorum,
1074 1730 1168 1796 quam
1188 1710 1221 1774 in
1241 1710 1312 1775 Deo
1337 1713 1538 1788 constituunt,

355 1839 424 1882 nou.
443 1838 485 1881 ex
506 1815 568 1882 fide
589 1817 672 1891 sola,
701 1818 758 1882 sed
781 1816 876 1882 etiarn
896 1838 938 1882 ex
958 1818 1053 1882 bonis
1077 1818 1228 1904 operibus
1252 1833 1421 1896 nascatur,
1453 1835 1539 1908 atquo

351 1928 428 1992 ideo.
446 1946 571 1991 summo
595 1925 700 1990 studio
726 1924 840 1990 merita
866 1927 1046 2011 quaerenda
1070 1926 1148 2002 sint,
1180 1940 1214 1991 ut
1234 1930 1318 2013 apud
1336 1930 1443 1995 Deum
1466 1930 1537 1996 fidu-

340 2036 434 2100 ciam
464 2035 581 2100 babere
611 2033 784 2119 possimus.
815 2036 856 2097 Si
887 2041 961 2115 pais
991 2041 1133 2119 dicerit,
1167 2035 1277 2101 definit
1308 2037 1428 2104 Cone.
1463 2040 1537 2104 Tri·

356 2144 575 2218 dcntinum,
592 2149 704 2225 justos
723 2166 791 2207 noa
810 2151 923 2207 debere
935 2166 998 2225 pro
1020 2151 1113 2218 bonis
1128 2153 1298 2230 operibus,
1324 2170 1409 2229 qaae
1425 2156 1461 2213 ia
1475 2154 1538 2214 Deo

353 2257 484 2331 fuerint
509 2257 619 2336 faeta,
654 2266 902 2333 esspeatare,
931 2265 971 2317 et
993 2276 1157 2333 sperare
1187 2268 1395 2322 aeternam
1424 2266 1539 2324 retri-

352 2370 548 2427 bationem
567 2385 588 2425 a
608 2364 678 2425 Deo
697 2383 758 2442 per
778 2367 848 2442 ejas
867 2368 1124 2426 misericordiam
1144 2376 1176 2428 et
1189 2366 1273 2429 Jesa
1293 2365 1422 2431 Christi
1447 2374 1536 2431 atari·

353 2486 438 2555 tum,
471 2479 501 2535 si
526 2479 604 2535 bene
617 2480 740 2552 agendo
747 2521 759 2554 ,
793 2484 827 2537 at
839 2478 950 2535 diuina
965 2480 1118 2537 mamaea
1134 2481 1341 2559 custodiendo
1350 2523 1362 2557 ,
1390 2498 1494 2557 usaue
1507 2483 1539 2541 ia

349 2587 446 2660 finem
458 2586 763 2663 perseveraverint:
787 2604 818 2645 a.
843 2602 868 2645 a.
876 2582 910 2660 ¹).

454 2690 612 2755 Probatur
628 2701 733 2754 autem
749 2689 867 2776 dogma
883 2689 1081 2756 catholicum

457 2804 496 2864 A.
528 2822 569 2865 ex
601 2802 660 2865 SS.
691 2797 822 2864 Litteris
855 2799 982 2865 disertis
1015 2800 1131 2867 verbis.
1163 2800 1219 2867 sic
1249 2802 1368 2891 legitur
1394 2804 1429 2869 iu
1463 2806 1538 2871 libro

352 2912 512 2978 Tobiae:
537 2914 706 2974 Fiducia
731 2932 868 2990 maana
892 2917 958 2975 erit
976 2933 1085 2975 coram
1101 2934 1222 2976 summo
1243 2915 1312 2976 Deo
1335 2924 1538 2998 eleemosyna

352 3028 501 3086 ommibus
518 3027 718 3098 facientibus
739 3042 809 3084 eam
819 3024 857 3099 ²).
889 3021 924 3084 ln
947 3021 1038 3105 epist.
1060 3023 1100 3086 ad
1121 3022 1328 3088 Romanos:
1358 3027 1537 3091 Tribuiatio

348 3140 536 3214 patientiam
552 3145 721 3213 operatur,
744 3138 903 3211 patientia
918 3144 1025 3196 autem
1038 3138 1271 3213 probationem,
1293 3139 1450 3213 probatio
1466 3157 1535 3199 aero

350 3264 472 3324 spem,
508 3263 592 3321 spes
627 3253 732 3305 autem
760 3261 836 3303 noa
866 3243 1135 3319 consonam).
1182 3245 1284 3326 Atque
1314 3243 1347 3306 in
1380 3244 1478 3328 epist
1509 3244 1532 3305 1.

350 3349 534 3416 ioannis:
568 3348 609 3412 Si
631 3370 689 3412 cor
711 3361 857 3412 nostram
879 3369 947 3411 aon
969 3351 1215 3428 reprehenderit
1234 3371 1312 3432 nos,
1338 3356 1535 3426 fiduciam

349 3465 528 3524 babemus
558 3466 606 3520 ad
634 3458 803 3534 beaw).
835 3455 903 3520 Nec
933 3477 999 3520 nou
1031 3456 1128 3521 variis
1160 3457 1332 3542 exemplis,
1364 3471 1400 3523 ut
1423 3462 1534 3525 Nebe·

349 3568 521 3646 miae⁶)‚
558 3565 796 3645 Davidis⁶),
831 3565 1032 3630 Ezechiae
1049 3570 1092 3646 ²),
1127 3567 1380 3648 Estherisi),
1421 3570 1475 3654 qui
1506 3569 1534 3633 iu

348 3678 416 3743 sois
442 3674 590 3762 precibus
619 3675 658 3739 ad
687 3674 789 3738 Deum
815 3673 896 3739 susis
925 3676 1207 3740 commemorando
1239 3697 1338 3760 opera
1368 3698 1431 3742 sua
1457 3680 1534 3744 bona

347 3788 450 3853 Deum
471 3783 560 3871 quasi
580 3804 770 3870 permovere
791 3784 934 3858 student,
966 3805 1028 3869 quo
1049 3783 1119 3848 illas
1141 3784 1259 3850 certius
1282 3786 1451 3863 exaudiat,
1481 3809 1533 3852 noc

348 3919 411 3962 uon
426 3900 459 3961 S.
475 3893 603 3967 Pauli,
627 3892 781 3957 dicentis:
806 3896 935 3957 Bonam
952 3906 1114 3959 certamen
1135 3901 1276 3976 certavi,
1302 3917 1441 3961 cursum
1461 3920 1531 3960 ooo·

348 4010 520 4083 summani,
551 4007 642 4079 fidem
667 4008 804 4065 servavi.
851 4006 892 4065 In
915 4009 1042 4082 reliquo
1066 4010 1208 4084 reposita
1233 4016 1282 4067 esc
1303 4009 1386 4066 mibi
1420 4028 1533 4072 corono

339 4121 502 4195 justitiae,
529 4133 624 4191 quam
643 4120 753 4174 reddet
772 4114 852 4173 mibi
868 4113 1028 4173 Dominus
1044 4119 1078 4174 ia
1095 4119 1153 4174 iila
1174 4118 1225 4173 die
1239 4117 1356 4191 justos
1369 4120 1482 4192 Judea
1499 4117 1530 4193 ⁹).

456 4400 582 4474 ¹)Sess.
601 4408 629 4464 6.
647 4425 710 4464 cao.
728 4407 776 4466 26.
810 4441 850 4450 —
884 4402 1056 4482 ²)Tob.4,
1076 4403 1126 4468 12.
1160 4441 1201 4449 -
1237 4400 1262 4490 ³)
1278 4405 1370 4468 Rom.
1389 4404 1424 4480 5,
1442 4401 1532 4470 3—5.

348 4492 392 4554 Of.
412 4491 440 4553 1.
459 4494 538 4551 Tim.
556 4493 586 4567 3,
605 4491 759 4574 13.—⁴)
778 4493 807 4559 l.
823 4494 914 4557 Joan.
932 4493 962 4566 3,
981 4494 1033 4557 21.
1053 4492 1138 4579 -—⁵)
1151 4495 1195 4557 Of.
1214 4493 1242 4556 2.
1262 4497 1353 4559 Esdr.
1372 4496 1407 4581 5,
1428 4497 1532 4562 19.-

347 4586 378 4736 ⁶2)
395 4581 463 4734 §irim
455 4581 706 4750 Fidi-231-
732 4587 755 4666 ⁷)
775 4585 819 4648 Of.
837 4588 876 4646 Is.
895 4584 947 4659 38,
965 4584 996 4649 3.
1021 4622 1062 4631 —
1090 4584 1291 4666 8)Εε11].14,
1312 4586 1416 4652 liiss.
1444 4627 1486 4636 -
1510 4590 1532 4670 9)
