3775 5625
352 431 415 497 168

346 602 457 677 pinis
477 595 509 660 in
532 586 582 660 die
603 594 785 660 festivitatis
802 595 947 678 ejusdem
969 606 1002 658 et
1023 615 1081 679 per
1098 607 1243 659 octavam
1260 595 1384 671 dicunt,
1414 609 1469 661 aut
1482 585 1538 662 ritis

349 706 522 781 intersunt,
545 705 724 790 impertitus
747 703 789 769 sit
799 709 836 785 ¹),
859 702 993 769 Missam
1014 725 1138 790 quoque
1160 717 1192 769 et
1209 703 1356 769 Officium
1377 706 1539 791 proprium

348 837 408 900 pro
425 815 510 881 festo
523 815 576 879 illo
590 813 816 901 praescripsit,
832 812 886 877 ubi
897 834 961 876 non
976 814 1075 878 semel
1087 814 1269 878 nominetur
1285 822 1539 881 immaculato

349 932 571 1005 conceptio,
586 938 619 990 ct
632 924 798 998 asseritur,
811 926 1015 1002 Virpinern
1030 945 1080 986 eor
1096 926 1336 987 morteFilii
1352 932 1416 989 sui
1428 947 1539 1006 proe-

349 1042 436 1099 ciso
448 1033 1539 1119 obomniintrepi-ceserootom21.PostmodumquidcrnPius

348 1145 385 1208 V.
403 1149 444 1224 (e.
464 1141 575 1222 1570.)
592 1142 665 1206 huic
682 1141 808 1206 Sittius
832 1140 944 1205 Officio
968 1140 1131 1205 substituit
1147 1140 1309 1217 Officium,
1331 1145 1417 1229 quod
1440 1143 1473 1207 in
1492 1131 1539 1209 ¹die

347 1251 526 1317 Nativitatis
538 1254 572 1317 B.
589 1253 629 1317 Μ.
646 1253 683 1316 V.
700 1251 870 1326 recitatur,
886 1262 1007 1314 mutato
1025 1251 1129 1315 solum
1144 1251 1272 1315 nomine
1295 1255 1492 1318 Noticitotis
1512 1253 1539 1317 in

269 1412 272 1417 .
347 1381 463 1425 nornen
484 1355 729 1442 Conceptionis,
755 1360 787 1423 iu
805 1381 866 1444 quo
883 1359 1018 1444 proinde
1034 1372 1141 1423 tamen
1156 1360 1312 1423 habentur
1328 1361 1410 1443 bace
1426 1364 1539 1428 verbs:

348 1471 503 1535 Sontiont
521 1482 610 1534 tnnne
632 1476 804 1552 jusanen,
837 1476 1020 1550 quicunque
1052 1476 1217 1533 celebrant
1249 1482 1337 1534 inem
1368 1484 1539 1537 sanctas

350 1582 606 1660 Conceptionene.
636 1578 695 1642 Hic
724 1578 856 1664 insuper
878 1578 1053 1652 ordinavit,
1076 1591 1219 1643 ntnenw
1237 1585 1462 1662 cojuscunque
1483 1602 1539 1644 or·

297 1705 301 1709 ’
347 1696 450 1772 dinis,
476 1702 535 1753 ete.
553 1694 710 1771 ecsistot,
736 1695 770 1751 in
784 1695 1055 1770 popularibus
1071 1696 1297 1766 concionibus,
1321 1698 1375 1754 eei
1401 1697 1539 1754 notens-

347 1821 409 1879 pne
428 1793 617 1880 promiscuo
636 1804 784 1861 cirornnt
806 1810 837 1861 et
856 1804 1032 1861 moliorem
1053 1805 1225 1862 multitudo
1243 1806 1418 1863 convenire
1441 1808 1538 1882 solet,

346 1917 385 1972 de
404 1912 503 1989 hujus
524 1914 768 1974 controversiae
794 1917 955 1972 alterutro
974 1920 1069 1989 porte
1095 1914 1279 1991 disputare,
1303 1947 1345 1956 —
1368 1916 1539 1973 asserendo

344 2025 513 2098 propriant
534 2024 723 2081 contentioni
746 2029 779 2080 et
798 2024 997 2081 contrariom
1024 2022 1204 2093 refellendo
1227 2026 1279 2082 cel
1305 2026 1538 2100 impnqnnndo,

346 2140 407 2192 ont
419 2134 621 2192 necessitatis
633 2140 810 2206 praetento
825 2133 992 2206 culpari
1008 2149 1156 2191 sermone
1181 2134 1323 2191 scribere
1347 2137 1400 2191 cei
1418 2135 1539 2193 dictare

343 2240 577 2324 praesensit).
602 2236 744 2300 Paulus
766 2236 803 2299 V.
822 2235 1086 2300 constitutionem
1108 2235 1192 2300 sixti
1208 2238 1260 2301 lV.
1277 2249 1309 2301 et
1324 2237 1372 2302 Pii
1395 2237 1432 2301 V.
1448 2236 1539 2301 inuo-

346 2343 483 2424 vavit4),
511 2343 664 2428 simulque
686 2356 790 2407 autern
812 2343 971 2419 decrevit,
999 2357 1038 2408 nt
1051 2367 1118 2407 non
1138 2354 1279 2410 oodeom
1302 2350 1539 2427 (cujuscunque

346 2460 543 2519 conditionis
554 2467 612 2520 etc.
627 2457 806 2534 personae)
820 2460 854 2516 in
867 2461 1042 2533 publicis
1059 2462 1261 2530 lectionibus,
1279 2461 1539 2520 conclusionibu-

346 2569 485 2643 oliispue
500 2570 623 2627 notibus
636 2570 778 2639 publicis
792 2584 953 2645 asserere,
980 2572 1067 2643 qood
1080 2567 1120 2626 B.
1144 2568 1243 2642 Virpo
1263 2570 1372 2641 fnerit
1386 2578 1539 2647 concept·

346 2678 381 2735 in
393 2686 523 2754 peccota
539 2673 740 2753 oripinoii⁵).
759 2674 850 2751 Quod
861 2671 977 2736 iterum
992 2673 1214 2760 Gregorius
1232 2675 1299 2739 XV.
1315 2674 1539 2761 promulgavi!

346 2803 408 2847 una
423 2794 528 2847 etitem
545 2781 675 2867 adjecit,
704 2796 742 2846 nt
755 2804 858 2862 nenne
874 2789 970 2847 etiam
986 2790 1021 2846 in
1037 2790 1239 2847 sermonibus
1260 2796 1293 2849 et
1311 2790 1441 2865 scriptis
1455 2790 1535 2866 prr?

348 2898 450 2956 cotis
465 2900 605 2956 nuwont
616 2914 776 2967 asserere,
793 2901 880 2971 qnod
889 2895 929 2955 B.
948 2901 1056 2955 eodem
1073 2897 1173 2972 Virpo
1185 2898 1295 2968 fuerit
1309 2907 1463 2974 concepto
1473 2916 1539 2958 eun

345 3013 475 3081 peccato
497 3007 667 3080 originali,
691 3023 749 3063 neo
770 3009 808 3062 de
829 3005 890 3063 icoc
910 3007 1063 3080 opinione
1084 3006 1285 3078 affirmativo
1305 3009 1415 3081 oiipno
1449 3010 1539 3066 oroi

347 3134 444 3191 opere
460 3132 517 3173 seo
533 3122 675 3174 tractore
685 3111 723 3190 ⁶).
740 3111 967 3174 Alexander
984 3111 1050 3174 Vll.
1068 3111 1220 3184 declarat,
1237 3113 1276 3175 ab
1293 3111 1443 3176 Ecclesia
1460 3113 1539 3177 cei·

347 3219 435 3285 brari
451 3220 567 3286 festum
583 3221 616 3284 B.
633 3221 670 3284 V.
695 3242 758 3283 non
786 3219 1004 3284 sanctificatae
1036 3232 1111 3304 post
1142 3219 1279 3304 primurn
1310 3220 1453 3296 instans,
1486 3240 1539 3286 se

349 3354 369 3393 o
394 3338 544 3393 moenio
566 3336 757 3409 oripinoli
774 3337 950 3410 inprime
973 3336 1142 3392 instanti
1164 3338 1399 3407 creationis,
1429 3344 1539 3412 otpu

349 3444 572 3515 infusionis
602 3446 644 3502 in
666 3460 809 3519 corpus
840 3446 1024 3502 immunis
1044 3453 1336 3518 praesereaioe.
1360 3442 1404 3504 Et
1430 3437 1539 3504 dcint'

348 3546 498 3612 Pontifex
513 3548 645 3611 decreta
666 3547 771 3610 Sixti
793 3548 855 3622 lV.,
871 3547 980 3610 Pauli
1003 3548 1040 3611 V.
1058 3559 1090 3610 et
1107 3547 1296 3634 Gregorii
1319 3549 1387 3612 XV.
1403 3549 1437 3611 in
1455 3549 1507 3614 fat
1519 3567 1539 3606 ⁴

349 3680 418 3723 rem
441 3656 618 3721 sententiae
641 3658 749 3740 hujus,
773 3678 834 3722 nec
857 3680 921 3720 non
944 3657 1018 3722 festi
1040 3669 1072 3721 et
1094 3658 1196 3721 cuitus
1219 3658 1450 3742 Conceptionis
1474 3656 1538 3723 Vi.

349 3767 435 3854 ginis
458 3764 615 3850 Deiparae
639 3767 814 3845 secundum
840 3766 925 3850 pisrn
948 3765 1139 3829 sententiam
1170 3766 1301 3830 exhibiti
1333 3766 1487 3842 innovat,

349 3875 524 3949 interdicit,
549 3895 589 3938 ne
616 3875 685 3960 quis
714 3875 895 3959 praedictas
928 3875 1176 3940 constitutiones
1209 3875 1299 3939 aliter
1329 3875 1539 3961 interprete]

351 3997 404 4049 aut
425 3984 520 4048 etiarn
540 3984 730 4048 sententiam
751 3987 885 4049 candem
908 3985 975 4049 sive
993 3987 1111 4049 cultum
1127 3985 1161 4048 in
1179 3984 1427 4070 disputationem
1451 4006 1539 4052 rev·

351 4116 442 4169 care,
465 4094 516 4157 vei
537 4105 649 4158 contra
670 4115 707 4158 ee
730 4115 854 4180 quoquc
878 4096 974 4158 modo
994 4115 1033 4158 ac
1055 4094 1169 4179 quovis
1190 4106 1358 4179 praetextu
1382 4094 1470 4180 loqui
1494 4114 1538 4158 a

458 4313 628 4394 ¹)‹Oonstit
648 4315 723 4375 Onon
734 4318 903 4390 praecelsa.
921 4335 945 4376 s.
964 4317 983 4375 t.
1002 4351 1043 4360 -
1062 4317 1089 4396 ²)
1105 4314 1150 4375 Of.
1168 4313 1451 4395 Gambruidpitti,
1477 4337 1513 4378 0.

351 4427 423 4486 pag.
439 4402 493 4466 28.
511 4441 554 4452 -
571 4405 596 4485 ³)
615 4404 719 4468 Consi.
737 4407 838 4481 Super
853 4409 1012 4481 speculem.
1030 4403 1082 4467 30.
1103 4407 1182 4467 Nov.
1206 4403 1303 4466 1570.
1321 4442 1366 4450 —
1389 4402 1416 4488 ⁴)
1442 4406 1531 4467 0011

351 4495 445 4574 Repis
459 4495 591 4572 pacifici.
609 4493 639 4558 9.
656 4496 679 4556 J
681 4497 719 4557 ul.
739 4494 834 4559 1616.
852 4533 895 4542 --
915 4496 939 4578 ⁶)
956 4497 1044 4556 Decr.
1062 4494 1115 4557 31.
1128 4497 1207 4575 Aug.
1223 4493 1319 4557 1618.
1338 4532 1380 4542 --
1400 4495 1424 4577 ⁶)
1445 4497 1538 4558 0012·¹

352 4587 473 4647 Eximit
488 4587 694 4663 aipnesinpnl.
701 4589 838 4664 fructus.
851 4585 904 4649 28.
918 4587 982 4651 Jut.
997 4585 1093 4648 1622.
1107 4589 1266 4646 Teutanis
1277 4586 1463 4666 Gregorio
1475 4579 1538 4648 Kss

353 4678 500 4738 indultum
524 4678 578 4737 fuit
599 4679 759 4738 Fratribus
786 4678 868 4742 Ord.
889 4678 1215 4747 Praedicatorum,
1241 4686 1274 4736 nt
1295 4679 1326 4736 in
1342 4678 1472 4758 privatis
1487 4689 1539 4738 σί

352 4769 460 4849 loquiis
474 4770 552 4828 inter
569 4768 602 4828 se
620 4767 773 4829 dumtaxat
788 4770 905 4849 possint
920 4769 957 4829 de
974 4769 1112 4848 opinione
1129 4769 1307 4828 affirmativa
1323 4768 1473 4832 disserere
1483 4764 1539 4830 si:

353 4859 415 4919 ulla
431 4880 566 4920 censure.
584 4895 626 4906 -
