3775 5625
414 448 486 526 54'

414 630 550 687 membra
567 626 697 705 generis
714 625 851 694 humani,
874 625 952 700 quod
969 624 999 683 in
1017 626 1116 701 capite
1142 643 1197 683 suo
1220 644 1275 701 per
1292 626 1520 687 inobedientiae
1542 647 1611 705 pec-

413 749 514 800 catum
533 757 550 796 a
565 740 633 796 Deo
650 756 685 796 se
702 736 829 809 avulsit,
847 736 1029 794 evadamus:
1047 754 1146 814 genos
1163 734 1326 795 humanum
1342 737 1485 796 intrando
1502 757 1611 814 pecca·

411 859 474 909 tum
486 848 601 924 abipso
614 856 805 908 contractum
818 865 936 923 quoque
948 846 1166 907 contrahamus
1183 865 1313 906 necesse
1325 856 1383 906 est.
1401 849 1504 906 Porro
1521 868 1611 926 quum

411 969 538 1037 propter
555 958 692 1016 intimam
711 958 852 1033 corporis
870 967 900 1015 et
918 958 1037 1016 animae
1060 957 1320 1017 necessitudinem
1340 958 1391 1015 lex
1409 968 1541 1016 naturae
1559 977 1610 1017 uo·

412 1077 496 1127 strae
515 1068 571 1136 sit,
596 1077 629 1126 ut
645 1066 786 1143 perlecta
801 1067 884 1125 inter
902 1067 1020 1125 animae
1039 1066 1240 1143 corporisque
1258 1066 1464 1126 conditionem
1482 1076 1610 1126 statum·

411 1197 468 1255 que
495 1176 640 1255 analogia
664 1178 765 1236 locum
787 1176 914 1235 habeat:
944 1176 1193 1251 quemadmodum
1215 1175 1330 1235 iactum
1354 1184 1419 1245 est,
1443 1185 1477 1233 ut
1503 1176 1611 1234 noant

409 1286 509 1344 anima
525 1286 762 1364 integerrimam
781 1284 923 1361 corporis
941 1286 988 1359 sui
1013 1294 1154 1343 naturam
1176 1284 1304 1343 vitiaret
1325 1283 1528 1362 vitiatamque
1542 1303 1609 1344 sen·

408 1395 498 1464 tiret‚
531 1394 670 1472 quamvis
688 1393 835 1470 quomodo
853 1394 882 1452 id
900 1394 969 1451 fieri
991 1392 1141 1469 potuerit,
1175 1392 1393 1469 comprehendi
1413 1412 1473 1451 non
1496 1393 1609 1470 possit3

411 1502 457 1562 sic
475 1522 594 1581 quoque
611 1522 667 1579 per
682 1502 783 1561 vitiati
801 1502 942 1578 corporis
961 1512 992 1560 et
1010 1502 1128 1560 animae
1147 1501 1393 1576 conjunctionem
1411 1503 1544 1562 animam
1568 1503 1608 1563 di·

408 1613 523 1672 viuitus
540 1613 654 1673 factam
670 1612 774 1670 vitiari
790 1630 900 1688 posse,
919 1631 1008 1669 nemo
1026 1629 1121 1670 sanus
1139 1629 1257 1689 negare
1274 1612 1398 1687 poterit.
1416 1613 1490 1672 lnde
1509 1623 1609 1672 autem

408 1731 514 1799 aperte
533 1722 654 1780 minime
671 1721 781 1780 inferri
798 1730 913 1797 potest,
938 1722 985 1781 sic
1004 1722 1129 1781 carnale
1146 1739 1202 1778 seu
1218 1722 1380 1797 corporale
1396 1721 1427 1779 in
1445 1722 1608 1798 spirituale

407 1832 508 1901 abire;
537 1831 706 1890 sedetiam
741 1830 990 1908 haudquaquam,
1018 1830 1073 1889 tali
1104 1830 1224 1888 ratione
1249 1830 1348 1905 ipsum
1375 1832 1478 1889 Deum
1505 1842 1608 1892 aucto·

405 1959 471 1999 rem
487 1939 608 2015 peccati
624 1939 787 2018 originalis
803 1940 834 1997 in
856 1940 945 1998 nobis
968 1958 1058 2007 esse,
1091 1958 1182 2016 quum
1205 1958 1242 1997 ex
1266 1939 1357 1998 dictis
1380 1939 1448 2016 ipse
1480 1941 1517 1999 ad
1540 1921 1607 2018 pec·

405 2049 469 2109 cati
490 2048 730 2108 transfusionem
747 2049 777 2106 in
795 2067 868 2118 nos,
885 2068 945 2107 non
963 2049 1096 2121 directe,
1128 2049 1183 2107 sed
1205 2057 1322 2107 tantum
1344 2042 1515 2120 indirecte,
1552 2070 1607 2110 uon

406 2169 467 2219 tam
484 2158 662 2228 efficiendo,
686 2177 774 2235 quam
791 2159 894 2234 potius
911 2161 1071 2217 dumtaxat
1087 2159 1294 2236 permittendo
1311 2170 1495 2221 concurrat.
1533 2162 1606 2220 Pro·

404 2278 474 2346 pter
485 2286 670 2328 concursum
684 2278 785 2327 autem
797 2268 891 2327 istum
907 2268 1093 2328 indirectum
1107 2270 1194 2326 Deus
1213 2278 1321 2327 auctor
1338 2249 1462 2344 peccati
1480 2270 1541 2329 diei
1559 2289 1607 2328 ne·

404 2378 487 2455 quit;
504 2397 597 2437 secus
620 2377 700 2436 enim
722 2377 790 2454 ipse
813 2377 904 2436 etiam
927 2377 1094 2435 fratricidii
1116 2396 1134 2435 a
1155 2377 1251 2436 Caino
1282 2378 1440 2438 commissi
1461 2378 1607 2439 incusan-

404 2488 459 2547 dus
477 2481 578 2557 esset,
596 2487 674 2563 quod
690 2486 751 2563 ipsi
766 2487 851 2545 vires
869 2488 906 2547 ad
923 2486 1079 2565 flagitium
1105 2487 1355 2547 committendum
1376 2489 1457 2547 haud
1485 2490 1606 2548 ademe-

403 2597 460 2665 rit,
478 2598 533 2655 sed
551 2597 796 2657 conservaverit.

505 2706 535 2779 f.
554 2706 640 2781 Quod
658 2707 780 2766 tandem
797 2707 834 2765 ad
851 2706 1001 2783 quietem,
1020 2706 1070 2766 cui
1086 2724 1120 2764 sc
1146 2707 1233 2765 Deus
1255 2707 1303 2765 die
1327 2682 1459 2784 septimo
1484 2709 1612 2770 dedisse

403 2826 564 2885 narratur,
590 2816 714 2876 attinet:
736 2817 835 2874 eidem
853 2816 972 2876 creatio
990 2817 1160 2875 animarum
1177 2827 1344 2894 perpetua,
1373 2819 1411 2877 ad
1435 2837 1613 2880 conserva·

402 2927 517 2986 tionem
538 2927 667 3005 generis
693 2927 816 2986 humani
834 2927 1032 2997 necessaria,
1059 2937 1150 3003 atque
1171 2928 1339 2988 secundum
1364 2937 1499 2988 naturae
1526 2931 1619 2991 ordi-

402 3055 472 3095 nem
489 3037 578 3114 quasi
594 3036 681 3095 initio
699 3037 901 3096 constitutum
918 3037 1102 3111 procedens,
1120 3045 1181 3095 tam
1198 3055 1306 3113 parum
1323 3048 1498 3116 repugnat,
1520 3059 1655 3118 quart»

402 3146 599 3206 conservatio
617 3166 723 3205 rerum
740 3165 795 3223 per
821 3149 922 3205 Deum
944 3146 1119 3225 generatim
1127 3169 1136 3217 3
1169 3166 1259 3224 quum
1284 3167 1339 3224 per
1362 3148 1500 3224 quictem
1527 3151 1660 3210 illan,

401 3265 518 3315 tantum
536 3256 672 3315 cessatio
690 3274 708 3314 a
725 3255 885 3315 creatione
908 3257 1157 3315 extraordinaria
1183 3276 1304 3327 rerum,
1327 3247 1403 3334 qu'ae
1425 3276 1466 3316 ne
1490 3269 1660 3338 gener&

402 3365 523 3442 quidem
539 3384 596 3423 suo
614 3366 784 3436 exsistunt,
802 3366 1012 3444 significetur.
1044 3369 1144 3425 Deum
1166 3369 1246 3427 enim
1268 3380 1320 3426 res
1346 3385 1454 3427 omnes
1480 3346 1657 3430 consec*

402 3476 499 3534 vando
517 3495 615 3553 usque
632 3476 720 3534 modo
742 3475 884 3550 operari,
919 3476 988 3550 ipse
1008 3472 1199 3535 'Christus
1220 3476 1401 3535 Dominus
1424 3482 1660 3557 testatur¹)⁴

509 3581 628 3658 Quarta
651 3580 779 3643 demum
802 3578 975 3655 sententia,
1008 3602 1091 3646 nunc
1118 3583 1186 3666 jam
1208 3581 1240 3645 in
1265 3581 1416 3646 Ecclesia
1443 3581 1658 3651 Catholi03

403 3687 597 3764 communis,
619 3701 685 3762 est,
708 3710 789 3774 quac
807 3689 932 3764 statuit,
955 3690 1137 3756 hominihus
1155 3691 1290 3779 singulis
1308 3691 1433 3758 animas
1462 3693 1625 3783 singulas
1639 3742 1660 3751 -

402 3797 507 3863 creari
528 3819 567 3861 ac
587 3796 725 3873 infundi,
748 3811 781 3863 et
804 3799 930 3884 quidem
947 3813 1016 3875 aut,
1039 3813 1075 3864 ut
1096 3800 1149 3865 alii
1165 3801 1355 3876 defendunt,
1376 3800 1408 3865 in
1431 3801 1507 3888 ipso
1535 3821 1660 3870 cons

401 3906 559 3992 captionis
577 3907 732 3988 (activae)
749 3922 912 3973 momento
922 3914 961 3989 ²),
979 3922 1034 3973 aut
1054 3932 1149 3984 vero,
1167 3923 1201 3974 ut
1217 3910 1269 3974 alii
1287 3924 1442 3987 censent,
1468 3935 1599 4000 corpor·
1623 3930 1660 3949 ”

400 4018 432 4081 in
450 4029 542 4081 utero
559 4016 671 4082 matris
696 4032 854 4103 concepto
872 4033 966 4106 atque
983 4022 1023 4084 ad
1039 4019 1264 4085 animationem
1275 4022 1344 4105 jam
1364 4037 1566 4107 praeparato
1574 4021 1660 4105 [ἶ

400 4126 559 4191 Probatur
577 4138 681 4190 autem
698 4128 858 4192 sententia
873 4130 972 4204 haec,
995 4151 1074 4215 quae
1091 4132 1188 4216 vulgo
1213 4129 1540 4198 creatianismus
1558 4147 1660 4198 aut:

402 4236 463 4311 dit,
481 4236 688 4322 sequentihus
704 4237 866 4302 rationum
884 4239 1071 4303 momentis:

397 4377 662 4386 ——-—-—-.-—.

511 4447 541 4515 ¹]
559 4440 652 4529 ἄορι.
670 4438 700 4513 5,
721 4438 774 4506 17.
794 4478 835 4485 -
856 4441 879 4521 ²)
895 4441 1065 4522 Ephrem.
1082 4445 1130 4502 De
1147 4442 1265 4519 Iaspis.
1285 4443 1366 4525 opp.
1380 4445 1419 4506 T.
1439 4443 1471 4508 2.
1488 4467 1521 4527 p.
1533 4431 1660 4510 323

403 4531 550 4612 Gregor
578 4532 688 4613 Nysa.
721 4536 762 4591 In
780 4534 867 4593 Cant.
886 4535 965 4594 hom.
990 4536 1017 4592 7.
1036 4531 1116 4613 Opp.
1137 4534 1208 4597 Par.
1232 4531 1331 4596 1638.
1357 4537 1396 4595 Τ.
1422 4533 1451 4601 1.
1474 4559 1507 4618 p.
1533 4522 1660 4600 59ί

401 4627 453 4686 De
468 4625 546 4684 tom.
570 4622 670 4699 opific.
694 4645 719 4682 c.
742 4621 795 4685 29.
813 4623 851 4683 Τ.
872 4621 900 4686 l.
917 4644 948 4703 p.
973 4620 1036 4685 123
1062 4645 1102 4688 ss.
1123 4627 1172 4684 De
1192 4624 1286 4690 onim.
1312 4645 1430 4692 resurr.
1455 4629 1495 4694 T.
1522 4625 1553 4693 3.
1592 4636 1660 4701 :l

402 4711 467 4778 241
486 4736 510 4780 s.
526 4750 570 4761 -
587 4717 615 4792 ³)
633 4715 856 4775 Theodoret.
874 4717 915 4773 Ia
930 4717 1016 4775 eaeod,
1035 4736 1063 4790 q.
1076 4718 1126 4778 48.
1145 4714 1224 4796 Opp.
1242 4715 1357 4797 T.1.p.
1378 4715 1454 4780 101.
1474 4718 1635 4800 CyriL
1658 4706 1660 4713 ¹

402 4806 510 4866 Alex.
527 4805 629 4882 Epist.
645 4809 674 4867 4.
692 4808 733 4864 ad
752 4806 893 4864 Monam.
909 4802 1069 4886 Aep.Opp.
1082 4807 1120 4865 Τ.
1139 4803 1170 4868 5.
1181 4804 1218 4868 P.
1235 4805 1341 4870 282.
1359 4830 1390 4888 p.
1410 4807 1496 4875 8.Gf.
1520 4810 1569 4872 Gr
1648 4816 1660 4855 t

401 4919 475 4980 gor.
497 4899 605 4981 Nyso.
623 4900 672 4957 De
688 4915 735 4969 ec,
753 4894 828 4973 quio
843 4899 886 4955 sit
899 4895 999 4972 lazapo
1016 4903 1045 4955 et
1057 4896 1150 4962 simil.
1166 4900 1208 4958 D.
1226 4899 1264 4958 Τ.
1282 4895 1313 4959 2.
1330 4920 1361 4979 p.
1379 4895 1434 4964 25.
