3775 5625
371 439 415 504 98

370 610 459 668 ineo
476 611 856 685 quemdamstatnm,
881 626 954 682 ono
979 606 1063 667 sine
1078 608 1237 681 defectu
1253 617 1564 682 arietatorum,

370 725 562 796 tempore,
590 735 665 792 ano
682 716 789 775 Deua
805 720 945 794 uellet,
964 739 983 777 a
1003 720 1252 792 mortalitate
1267 722 1316 777 ad
1329 719 1566 778 immortali·

370 836 485 889 tatem
501 829 587 887 aiae
601 828 726 886 media
741 836 866 887 morte
884 837 1075 888 cariturus
1087 825 1138 901 ¹)?
1163 821 1284 902 Quibus
1300 821 1409 887 verbis
1427 820 1566 887 clarissi-

369 954 420 997 me
437 932 549 1008 tradit,
566 953 686 1017 corpus
704 930 798 1016 primi
814 931 919 996 nostri
934 931 1077 1018 parentIs
1095 930 1208 996 naturis
1224 930 1283 997 sui
1299 931 1402 997 luisse
1421 930 1568 1005 mortale,

369 1055 401 1106 et
417 1043 488 1106 sola
504 1039 630 1126 opificis
658 1039 765 1128 gratia
786 1040 975 1105 immortale.
1009 1041 1099 1106 Unde
1125 1040 1153 1104 si
1179 1041 1252 1106 alibi
1278 1040 1407 1106 scribit:
1433 1041 1570 1105 Constat

368 1157 454 1215 inter·
472 1152 695 1234 Christianos,
729 1158 891 1214 veraciter
925 1152 1129 1215 Catholieam
1161 1163 1304 1215 tenentes
1331 1154 1441 1232 Mem,
1473 1155 1569 1213 etiam
1651 1201 1664 1210 .

368 1266 470 1341 ipsam
486 1266 580 1323 nodis
597 1266 747 1341 eorporis
763 1273 909 1343 mortem,
927 1282 993 1324 non
1011 1267 1095 1339 lege
1111 1273 1292 1336 naturae,
1309 1269 1368 1323 aed
1379 1265 1499 1323 merito
1515 1264 1569 1322 in·
1640 1295 1666 1310 -·

365 1374 487 1446 nietam
503 1392 577 1433 ease
591 1374 766 1450 peecati²):
784 1370 843 1432 sub
866 1374 936 1449 leqe
955 1382 1096 1433 naturae
1116 1389 1179 1433 non
1201 1369 1393 1445 naturalem,
1415 1369 1475 1434 sed
1491 1388 1568 1432 nou·
1638 1406 1666 1419 -

368 1478 430 1543 nisi
445 1479 639 1564 primitivam
655 1478 795 1543 hominis
812 1478 1092 1554 constitutionem,
1109 1499 1127 1542 a
1142 1479 1213 1542 Deo
1230 1477 1469 1565 benignissimo
1485 1475 1568 1541 ordi·
1626 1513 1666 1526 -

367 1600 490 1664 natam,
506 1587 686 1675 intelligere
703 1600 822 1673 potest.

475 1716 508 1780 4.
525 1714 681 1780 Doctrina
704 1715 854 1800 opposita
870 1736 889 1779 a
904 1716 969 1779 RB.
986 1715 1047 1783 ΡΡ.
1062 1713 1130 1778 Pio
1147 1716 1185 1780 V.
1202 1726 1235 1779 et
1256 1713 1453 1801 Gregorio
1475 1712 1569 1788 xffl,
1590 1760 1665 1786 .,

367 1824 576 1910 applaudente
588 1838 658 1890 toto
671 1826 750 1890 orbe
765 1824 958 1900 Christiano,
970 1823 1002 1888 in
1018 1823 1177 1889 damnatis
1192 1822 1275 1909 Baji
1291 1821 1665 1909 propositionibus&

367 1952 524 2019 expresse
556 1936 694 2019 rejecta,
727 1946 820 2019 atquc
852 1932 1016 1998 haeretica
1039 1934 1201 1998 declarata
1221 1943 1281 1997 est.
1306 1932 1379 1997 Huc
1404 1943 1664 2017 spectantzz·

366 2045 471 2121 Prop.
496 2047 554 2105 21.
579 2045 753 2106 Humanae
769 2056 909 2105 naturae
933 2048 1118 2106 sublimatio
1145 2056 1177 2107 et
1198 2047 1358 2107 eaaltatio
1373 2047 1411 2105 in
1428 2063 1567 2106 consor·
1589 2073 1662 2090 —

367 2156 448 2215 tium
463 2157 593 2214 diuinae
609 2163 748 2215 naturae
763 2156 893 2215 dedita
906 2155 994 2228 fait
1009 2157 1250 2231 inmanitati
1262 2157 1417 2232 primae
1433 2156 1664 2214 condi—-

367 2264 506 2337 tionis,
524 2274 556 2325 et
569 2266 708 2340 proinde
723 2266 928 2324 naturalis
948 2266 1111 2323 dicenda
1131 2274 1203 2337 eat,
1225 2272 1257 2324 et
1277 2282 1354 2324 non
1371 2281 1663 2342 caprano—-

367 2374 524 2433 tnralia.
542 2371 606 2434 26.
624 2372 803 2448 Interritus
819 2368 1032 2450 (innocentia)
1048 2375 1173 2450 primae
1189 2374 1367 2433 creationis
1386 2390 1468 2432 non
1489 2371 1664 2445 ΜΝ

366 2483 546 2541 indebita
581 2483 778 2543 leonianae
815 2492 985 2543 naturae
1016 2484 1233 2560 emaltatio,
1267 2487 1334 2541 seo
1362 2484 1663 2543 naturali-2⁵

367 2591 453 2667 ajon
468 2592 657 2653 conditio.
677 2590 735 2651 78.
753 2590 991 2652 immortalitas
1006 2594 1106 2668 primi
1122 2592 1264 2651 hominio
1280 2609 1357 2651 non
1374 2599 1466 2652 erat
1476 2609 1660 2667 oro-—

368 2702 450 2759 tiae
466 2700 724 2778 beneficium,
742 2705 809 2759 sed
822 2700 1028 2760 naturalis
1050 2701 1137 2776 ejtta
1153 2702 1331 2760 conditio
1345 2696 1383 2775 ³).
1409 2695 1461 2760 Ita
1476 2694 1659 2760 otiarer]

367 2802 550 2893 propositio
567 2802 620 2870 35.
646 2804 859 2883 Quesnelli,
876 2803 929 2891 qui
945 2804 1126 2870 doctrinam
1143 2826 1315 2870 erroneam
1331 2803 1420 2890 Baji
1435 2802 1656 2869 refrico-

366 2925 468 2989 verat,
499 2926 661 2978 statuens:
698 2914 819 2978 Gratia
850 2915 970 2979 Adami
1001 2929 1048 2980 est
1073 2923 1234 2995 sequela
1266 2920 1510 2999 creationis,
1539 2917 1658 2977 eut

368 3035 459 3086 erat
471 3028 604 3086 dedita
627 3035 797 3086 naturae
818 3045 940 3087 sanae
955 3037 991 3088 et
1007 3031 1193 3105 interrae
1210 3023 1440 3106 (Innocentis),
1456 3045 1477 3089 a
1493 3023 1655 3091 cle*-

369 3143 496 3196 mentc
513 3131 594 3195 VIII.
612 3142 773 3216 tamquam
789 3131 952 3196 haeretica
969 3134 1182 3198 condemnata
1198 3144 1249 3197 est
1260 3138 1300 3213 ⁴).

475 3257 506 3323 5.
525 3259 669 3325 Tandem
685 3260 755 3344 jam
777 3281 819 3324 ex
840 3281 891 3336 eo,
912 3262 997 3347 quod
1017 3273 1223 3345 praestantes
1239 3259 1313 3324 illae
1334 3258 1492 3337 virtutes,
1509 3258 1652 3346 quiae

369 3367 431 3432 bus
452 3380 701 3453 protoparentes
724 3369 932 3433 condecorati
949 3382 1054 3444 erant,
1074 3391 1134 3454 per
1149 3381 1318 3454 peccatum
1334 3369 1485 3454 perditae
1502 3368 1569 3441 sirit,
1644 3400 1653 3425 ‚

370 3475 446 3561 quin
462 3489 576 3540 natura
590 3477 728 3540 humana
742 3476 775 3539 in
793 3477 929 3562 aliquam
951 3477 1044 3541 aliurn
1066 3477 1109 3541 sit
1129 3490 1358 3553 transmutata,
1383 3477 1653 3544 necessari&

371 3583 527 3668 sequntur,
544 3583 614 3647 illas
631 3586 670 3648 ad
687 3585 862 3650 essentiam
879 3598 1012 3651 naturae
1030 3587 1186 3652 humanae
1202 3588 1286 3650 haud
1303 3584 1488 3671 pertinum
1505 3589 1655 3651 nam<

372 3692 458 3776 quod
479 3692 518 3754 ad
541 3692 716 3757 essentiam
733 3706 865 3758 naturae
889 3694 1023 3779 alicujus
1041 3695 1125 3760 entis
1142 3706 1283 3780 spectat,
1301 3693 1405 3759 amitti
1422 3716 1491 3760 non
1507 3708 1655 3781 potf

372 3811 441 3873 est,
457 3798 531 3884 quin
548 3811 581 3863 et
596 3801 698 3866 hocce
714 3801 747 3865 in
764 3802 847 3865 aliud
863 3824 922 3867 ens
938 3804 1040 3868 abeat.
1064 3804 1235 3868 Hominem
1251 3816 1359 3868 autern
1375 3825 1438 3890 per
1453 3804 1659 3890 lapsuuf‘¹

371 3907 406 3971 in
422 3914 577 3990 lapidem,
597 3921 766 3992 truncam,
785 3923 862 3986 etc,
883 3923 918 3974 ut
933 3910 1129 3976 Lutherus
1145 3911 1321 4000 garriebat,
1338 3911 1474 3979 minime
1492 3926 1659 3979 comf'

373 4027 529 4081 mutatum
546 4037 637 4092 esse,
653 4021 711 4083 sed
727 4019 890 4084 hominem
906 4019 1078 4094 mansisse,
1096 4024 1160 4085 SS.
1177 4020 1353 4086 Litterae
1368 4043 1439 4087 non
1454 4021 1661 4087 tantun‘ss

372 4125 406 4189 in
429 4124 541 4210 quavis
562 4126 694 4213 pagina,
716 4126 781 4191 imo
799 4128 830 4190 in
848 4127 959 4213 quavis
983 4128 1066 4192 linea
1088 4131 1219 4205 docent,
1242 4130 1301 4194 sed
1317 4142 1352 4194 et
1366 4143 1507 4197 naturae
1524 4152 1614 4196 no‘
1652 4144 1662 4157 ·

286 4295 288 4300 .
374 4246 464 4298 strae
481 4236 726 4321 contemplatio,
742 4250 777 4301 ut
793 4258 892 4322 supra
907 4237 1060 4313 vidimus,
1076 4239 1253 4302 luculenter
1270 4238 1488 4307 demonstrat.
1520 4242 1610 4306 Es*
1653 4254 1663 4266 “

374 4339 482 4409 santii
497 4365 556 4408 seu
571 4343 686 4434 naturis
701 4343 830 4410 nonnisi
847 4345 935 4410 Deus
952 4358 1084 4413 sanctus
1101 4368 1139 4411 ac
1150 4349 1261 4432 justus
1277 4359 1339 4412 est.

487 4580 510 4671 ¹)
527 4587 578 4644 De
589 4604 672 4660 pecc.
689 4603 761 4646 mer.
779 4591 808 4644 et
821 4584 938 4647 remiss.
956 4605 982 4646 o.
997 4587 1027 4647 3.
1044 4607 1074 4648 n.
1090 4590 1119 4650 3.
1136 4588 1176 4649 Τ.
1189 4583 1240 4652 10.
1257 4608 1283 4650 c.
1302 4588 1334 4656 3,
1352 4624 1398 4639 ·-
1416 4590 1444 4673 ²)
1459 4594 1511 4653 De
1525 4587 1660 4653 οἶμ’

376 4673 421 4736 D.
438 4677 457 4736 l.
475 4678 525 4736 13.
542 4696 567 4737 c.
585 4677 634 4736 15.
651 4709 697 4720 -
713 4676 739 4756 ³)
756 4674 800 4737 Of.
817 4678 913 4754 Prop.
928 4678 975 4736 79.
992 4678 1089 4736 Falsa
1105 4685 1150 4737 est
1164 4681 1321 4743 doctorum
1336 4683 1500 4757 samntio,
1513 4681 1568 4759 pri
1648 4692 1657 4702 '

375 4785 458 4825 mom
473 4767 624 4826 nominem
638 4766 807 4842 potuisse
823 4786 843 4824 a
856 4769 932 4826 Deo
950 4768 1074 4826 creari
1090 4777 1122 4828 et
1135 4769 1292 4831 institui
1307 4773 1397 4834 sino
1410 4768 1656 4854 joiarib

378 4855 574 4931 oriqinali.
592 4890 635 4902 ·—
654 4853 682 4941 ⁴)
698 4857 929 4934 Denninger,
944 4857 1167 4922 medimedd.
1185 4881 1218 4942 p.
1235 4858 1342 4926 304⁸.
1359 4861 1441 4928 311.
1458 4875 1491 4927 ot
1505 4858 1649 4928 3545·
