3775 5625
1467 390 1534 489 iss

342 577 634 679 Fulgentius¹);
659 601 787 674 praeter
811 571 900 654 alios.
926 583 985 667 Qui
1008 604 1135 662 omnes,
1158 605 1253 673 quum
1274 583 1459 671 Symbolum
1481 608 1536 653 ex·

344 712 481 785 ponunt,
503 698 708 784 profitentur,
731 720 766 763 se
788 720 826 763 oa
843 697 951 762 omnia
967 699 1102 772 docere,
1119 717 1199 782 quae
1215 697 1255 760 ad
1271 695 1366 761 iidem
1384 696 1536 763 Christia-

344 830 418 874 nam
440 808 634 893 pertineant,
656 808 729 894 quin
752 822 856 874 tamen
877 809 959 872 ullus
981 829 1093 872 eorum
1110 807 1160 870 vel
1176 806 1274 871 semel
1297 804 1447 890 specialis
1464 805 1539 871 fidei

343 919 600 983 Lutherauorum
617 916 805 981 meminerit.

458 1046 494 1108 0.
519 1043 923 1118 Idem,ridelicetl1dem,
948 1064 1081 1129 eamque
1106 1042 1303 1107 catholicam
1320 1041 1539 1107 necessarium

345 1153 561 1219 conditionem
585 1174 659 1218 esse
675 1153 820 1237 justitiae
842 1155 1102 1239 consequendae,
1126 1165 1253 1217 constst
1276 1173 1400 1238 quoque
1422 1173 1463 1216 ex
1485 1172 1538 1216 an·

344 1264 432 1350 tiqus
453 1262 698 1337 consuetudine,
721 1283 800 1348 quae
824 1263 932 1327 statim
949 1262 1095 1347 oprimis
1116 1261 1255 1326 saeculis
1272 1260 1303 1325 in
1319 1260 1467 1325 Ecclesia
1483 1262 1539 1326 ob·

344 1372 453 1448 tinuit,
484 1371 634 1459 exigendi
655 1393 674 1436 a
694 1372 938 1437 catechumenis
970 1385 1043 1436 aitte
1074 1370 1271 1456 Baptismum
1303 1370 1540 1455 professionem

345 1481 590 1567 praecipuorum
606 1480 688 1545 ⁴lidei
710 1480 930 1555 articulorum,
953 1479 1052 1566 quiin
1071 1480 1225 1564 Symbolo
1256 1478 1445 1564 Apostolico
1463 1500 1539 1544 con-

345 1591 501 1665 tinentur,
523 1603 557 1655 ut
579 1590 726 1654 nimirum
748 1590 875 1654 nonnisi
898 1612 970 1653 cum
992 1589 1054 1654 lide
1077 1602 1166 1653 recta
1183 1602 1215 1653 ot
1231 1610 1309 1654 saue
1325 1590 1364 1653 ad
1380 1591 1542 1654 lavacrum

345 1699 604 1787 regenerationis
636 1701 806 1774 accedant,
828 1702 857 1764 h.
874 1721 902 1764 e.
920 1712 954 1764 ut
970 1719 1011 1762 ex
1028 1698 1089 1763 fide
1108 1696 1339 1782 justificentur,
1356 1710 1389 1763 et
1405 1699 1540 1764 salutem

347 1824 587 1896 consequantur
604 1822 775 1875 aeternam.
799 1809 895 1873 Fides
912 1808 1033 1894 itaque,
1050 1820 1081 1872 et
1098 1808 1239 1893 quidem,
1256 1829 1335 1894 quae
1351 1808 1541 1874 veritatibus

345 1920 496 1985 revelatis
518 1919 678 1994 tribuitur,
702 1917 889 1983 necessario
909 1917 941 1981 in
965 1916 1093 1981 homine
1115 1929 1189 1981 ante
1205 1917 1470 2002 justificationem
1491 1940 1540 1983 re-

347 2029 494 2114 quiritur,
511 2049 700 2114 persuasum
717 2028 853 2092 habebat
875 2048 1003 2111 semper
1018 2026 1180 2101 Ecclesia,
1197 2026 1324 2092 minime
1340 2040 1445 2092 autem
1461 2049 1542 2103 eam,

347 2160 410 2224 qua
426 2138 486 2203 sibi
502 2138 636 2225 quisque
652 2137 824 2225 singularis
842 2139 938 2200 ltomo
956 2136 1144 2221 persuadet,
1162 2135 1222 2200 sibi
1240 2150 1374 2220 peccata
1390 2138 1430 2201 oh
1448 2138 1541 2201 meri·

347 2261 381 2313 ta
398 2247 516 2313 christi
532 2269 606 2313 esse
622 2246 782 2312 remissa.-

456 2378 497 2439 Ι).
524 2376 665 2439 Tandem
685 2374 717 2438 id
738 2395 862 2460 quoque
883 2372 945 2457 ipsi
977 2372 1094 2437 rationi
1126 2386 1257 2439 nostrae
1278 2396 1337 2460 per
1357 2374 1453 2440 fidem
1474 2374 1540 2439 illu·

348 2496 468 2549 stratae
486 2485 649 2568 probatur.
681 2482 807 2546 Etenim
824 2482 948 2547 isthaec
965 2483 1045 2546 bene
1062 2482 1188 2568 quidem
1203 2483 1366 2572 intelligit,
1383 2483 1544 2549 hominem

347 2594 469 2658 viribus
486 2592 554 2658 suis
576 2591 785 2666 naturalibus,
818 2591 962 2676 quamvis
994 2591 1099 2679 grstia
1131 2593 1245 2657 actuali
1268 2593 1427 2658 excitatus
1450 2606 1543 2679 atque

348 2703 489 2787 adjutuS,
506 2722 564 2785 per
581 2701 785 2786 semetipsum
803 2702 842 2764 ad
859 2714 976 2765 statum
1001 2704 1293 2787 supernaturalem,
1316 2702 1417 2789 qualis
1440 2717 1543 2768 status

348 2811 611 2878 sanctificationis
629 2833 666 2876 ac
678 2811 919 2896 justificationis
936 2825 996 2887 cst,
1014 2812 1104 2876 evelti
1121 2835 1184 2876 non
1203 2834 1310 2898 posse,
1327 2835 1429 2899 neque
1450 2812 1544 2879 etiam

347 2925 431 2986 hanc
447 2943 521 2986 vere
538 2943 576 2985 ac
591 2910 721 3006 proprie
739 2920 931 3005 promereri,
948 2920 1042 2985 itaut
1058 2921 1182 2985 scilicet
1197 2922 1376 3006 perlectum
1386 2924 1442 3006 jus
1459 2921 1542 2986 illam

348 3053 368 3097 a
383 3033 454 3096 Deo
471 3030 620 3117 exigendi
636 3030 759 3094 lrabeat.
783 3033 843 3094 Ast
858 3050 876 3093 e
893 3029 1057 3094 contrario
1080 3031 1191 3094 eadem
1212 3031 1399 3096 necessario
1417 3053 1543 3117 quoque

348 3139 517 3225 perspicit,
549 3138 724 3213 hominem,
756 3139 840 3223 quod
873 3151 1039 3222 praestare
1056 3139 1178 3223 possit,
1191 3133 1287 3206 etiam
1305 3152 1471 3225 praestare
1488 3141 1540 3204 de·

348 3253 442 3322 bere3
467 3263 500 3314 et
520 3249 593 3314 hinc
616 3250 655 3312 ab
675 3249 747 3333 ipso
772 3247 960 3312 necessario
987 3249 1156 3333 postulari,
1179 3262 1214 3313 ut
1224 3233 1369 3333 justitiae
1386 3249 1447 3313 sibi
1464 3249 1540 3313 divi·

349 3359 434 3424 nitus
457 3358 752 3432 communicandae,
776 3357 851 3421 licet
872 3379 942 3420 eam
963 3358 1141 3442 promereri
1164 3379 1239 3422 vere
1257 3379 1295 3424 ac
1311 3358 1442 3444 proprie
1459 3360 1543 3423 haud

350 3470 470 3544 valeat,
492 3467 616 3532 obicem
633 3479 811 3541 removeat,
834 3487 932 3552 seque
950 3464 1020 3551 ipsi
1037 3466 1166 3553 dignum
1184 3467 1318 3543 elliciat,
1335 3469 1354 3532 i.
1372 3490 1399 3533 e.
1417 3469 1542 3532 adeam

349 3590 520 3662 praeparet
540 3599 579 3642 ac
603 3577 765 3661 disponat,
786 3597 880 3661 quum
902 3576 1045 3660 potentia
1065 3576 1233 3664 religionis
1254 3577 1397 3641 innubis
1416 3575 1542 3662 quidem

350 3688 393 3752 sit
408 3699 567 3753 attenuato
584 3699 617 3751 et
631 3685 810 3760 imminuta,
841 3705 1038 3770 nequaquam
1069 3698 1172 3749 autem
1206 3687 1379 3762 exstincta,
1404 3699 1434 3751 et
1458 3687 1541 3771 ejus-

458 3949 485 4023 ¹)
501 3948 549 4004 De
556 3943 614 4020 fid.
632 3946 673 4004 ad
687 3945 771 4004 Patr.
789 3941 868 4023 Opp.
879 3939 986 4024 p.500
999 3964 1038 4007 ss,
1056 3941 1116 4003 Ubi
1131 3945 1209 4006 inter
1227 3944 1287 4003 alia
1301 3944 1436 4014 Petrum,
1454 3963 1542 4024 quem

349 4037 441 4096 lilium
458 4037 606 4116 adpellat,
623 4036 667 4095 ita
683 4035 859 4115 alloquitur:
878 4033 1019 4107 Gaudeo,
1037 4037 1116 4109 quod
1127 4054 1186 4109 pro
1196 4033 1261 4110 fide
1276 4053 1361 4114 vera,
1383 4034 1415 4115 (i.
1432 4055 1457 4095 e.
1475 4034 1542 4093 reli-

349 4131 439 4207 gione
454 4127 621 4207 revelata),
638 4126 704 4186 sine
728 4127 790 4183 ullo
813 4123 960 4202 perfidiae
982 4124 1056 4184 vitio
1073 4125 1285 4198 custodienda,
1308 4124 1542 4185 sollicitudinem

348 4218 446 4295 peris,
462 4217 527 4277 sina
544 4238 605 4299 qua
619 4218 705 4277 nulla
716 4221 816 4291 polest
825 4219 985 4290 prodesse.
1003 4215 1062 4275 imo
1078 4236 1130 4276 nec
1145 4236 1210 4275 esse
1224 4215 1389 4277 conversio.
1416 4217 1542 4294 Aposto-

351 4311 412 4369 lica
436 4309 546 4384 quippe
569 4308 645 4368 dicit
675 4306 854 4377 auctoritas,
880 4307 953 4381 quia
988 4306 1071 4382 „sine
1086 4305 1145 4379 pide
1160 4306 1349 4382 impossib-ile
1366 4314 1410 4365 est
1420 4309 1543 4382 placere

350 4402 448 4461 Deo.”
482 4400 578 4460 Fides
595 4408 782 4474 est-namque
797 4401 942 4457 bonorum
958 4398 1090 4457 omniunt
1109 4399 1354 4476 fundamentum.
1387 4399 1483 4457 Fides
1500 4404 1544 4455 est

351 4494 499 4551 humanae
530 4491 638 4550 solutis
668 4489 800 4549 initium.
833 4487 905 4548 Sine
930 4489 1087 4547 bacnemo
1103 4491 1144 4546 od
1153 4487 1292 4564 filiorum
1308 4489 1370 4547 Dei
1386 4507 1542 4547 numerum
1628 4527 1632 4533 -

350 4589 449 4661 potest
468 4582 632 4661 pertinen&
665 4580 737 4657 quia
761 4579 827 4640 siae
841 4579 925 4656 ipso,
942 4599 995 4638 nec
1010 4578 1044 4637 in
1060 4581 1114 4638 boc
1131 4581 1250 4638 saeculo
1267 4578 1428 4655 quisquam
1442 4578 1543 4656 ipsam

342 4672 579 4754 justificationis
610 4671 801 4747 consequitur
829 4670 975 4746 qratiam,
999 4689 1052 4728 nec
1068 4670 1101 4727 in
1111 4670 1222 4746 futoro
1252 4671 1345 4730 vitam
1375 4670 1545 4748 possidebit

353 4771 515 4830 aeternam.
548 4764 594 4828 Of.
610 4764 663 4829 Ps.
683 4763 817 4842 Prosp.
835 4764 884 4821 De
903 4761 968 4821 vita
984 4762 1138 4837 contempl.
1165 4762 1185 4825 i.
1202 4764 1230 4822 1.
1248 4782 1273 4824 e.
1291 4763 1427 4827 18-19.
1459 4759 1540 4843 Opp.

345 4856 485 4939 hosp.
501 4855 631 4941 append
649 4876 673 4919 c.
692 4849 733 4918 15
750 4874 774 4917 s.
1369 4888 1370 4891 =

1257 4958 1326 5030 32*
