3775 5625
354 436 421 503 356
800 437 842 543 γ’

353 606 443 686 quod
474 603 629 666 vorsatus
657 624 724 667 oon
750 625 822 685 pro
849 607 1025 667 omnious
1045 612 1231 667 mortuus
1250 610 1312 683 stt,
1329 625 1392 666 oce
1408 623 1527 665 omnes

351 719 526 775 homines
549 714 661 774 salvos
684 733 757 775 esse
779 714 903 791 votem).
942 714 1045 796 Atque
1068 710 1100 775 in
1118 712 1228 777 Cone.
1253 710 1479 799 llloguntino
1494 712 1525 775 ll.

350 842 378 885 a.
395 819 470 886 848.
487 833 619 905 propter
635 821 823 885 senteutiam
840 820 1029 905 oppositam,
1046 842 1139 906 quam
1155 822 1353 895 defendebat,
1371 822 1526 884 damnatus

351 942 402 993 est
434 929 780 1010 Godesohalcus2).
820 930 933 995 Cone.
968 929 1240 994 'tridentinum
1279 942 1388 993 autem
1427 930 1525 993 docet:

351 1041 449 1102 Hune
460 1046 637 1121 proposuit
650 1042 742 1102 Deus
754 1048 1002 1120 propitiatorem
1014 1062 1075 1121 per
1088 1043 1185 1121 fidem
1200 1048 1235 1102 in
1251 1047 1413 1117 conputus
1432 1046 1526 1120 ipsios

347 1170 410 1229 pro
439 1156 586 1229 percotis
616 1157 756 1227 nostris,
789 1171 863 1212 non
886 1151 1013 1212 solum
1033 1159 1160 1213 autem
1176 1171 1249 1232 pro
1270 1156 1447 1223 nostris,
1471 1150 1529 1209 sed

349 1265 467 1320 ettam
494 1280 567 1338 pro
600 1265 729 1322 totius
759 1263 900 1321 ruendi.
947 1262 1084 1339 Verum,
1109 1268 1171 1322 etet
1195 1262 1338 1341 tllepro
1358 1260 1528 1320 omnibus

348 1376 526 1431 ohortum
558 1376 635 1447 est,
668 1390 734 1431 non
759 1389 871 1431 oriones
897 1378 1004 1432 tomen
1020 1377 1137 1433 mortis
1151 1376 1224 1448 ejus
1240 1373 1434 1449 beneficium
1449 1373 1528 1429 reoi-

344 1484 458 1557 pt‘unt:
479 1480 541 1539 sed
553 1484 577 1538 e·
594 1482 774 1558 densarat,
792 1481 909 1562 quibos
924 1488 1074 1543 meritum
1086 1486 1254 1561 passionis
1270 1484 1344 1557 ejw
1361 1484 1530 1539 comensem·

348 1592 485 1665 cotor³).
518 1623 559 1633 ·-
590 1587 852 1652 Innocentius
883 1590 921 1652 X.
944 1610 1023 1653 vero
1044 1601 1078 1652 et
1096 1589 1318 1652 Alexander
1342 1587 1409 1651 Vll.
1429 1598 1463 1649 ut
1478 1588 1528 1648 im·

348 1695 442 1779 piam,
458 1695 686 1779 blasphemam,
704 1698 983 1773 contumeliosam,
1006 1697 1129 1762 divinae
1149 1696 1259 1782 pietati
1275 1698 1492 1783 derogantem
1505 1707 1533 1759 et

346 1804 540 1869 haereticam
579 1806 842 1891 proscripserunt
879 1808 961 1873 hanc
991 1806 1022 1873 5.
1054 1805 1231 1871 dansenii
1262 1804 1532 1891 propositionem:

347 1916 644 1999 Semipelaqionum
677 1926 728 1980 est
757 1921 882 1997 dicere,
908 1919 1076 1980 Christum
1089 1940 1163 1998 pro
1182 1938 1237 1978 orn
1246 1919 1365 1979 nidus
1382 1921 1530 1977 omnino
1570 1967 1572 1972 ,

344 2032 570 2092 hominibus
586 2037 782 2092 niortuum
798 2050 906 2107 esse,
929 2036 990 2090 aot
1003 2036 1193 2106 sanquinem
1206 2030 1360 2107 fodisse,
1379 2047 1420 2088 eo
1438 2007 1530 2088 sensu
1570 2035 1572 2072 Ι

345 2139 553 2218 intellectam,
587 2148 626 2201 ut
663 2138 817 2200 Christus
848 2158 911 2218 pro
950 2140 1059 2200 salute
1097 2140 1265 2200 duntaoeat
1297 2139 1529 2217 praedestino·

348 2254 455 2309 torum
471 2258 622 2311 mortuus
637 2255 690 2310 stt.
724 2283 762 2293 -
796 2246 872 2310 lnde
889 2258 939 2310 est
955 2225 1049 2311 etiam
1064 2244 1253 2332 intelligere,
1270 2266 1370 2331 quare
1388 2241 1529 2308 Ecclesia

343 2354 376 2416 in
401 2355 509 2421 ollicio
540 2359 740 2423 Parasceves
771 2367 842 2419 oret
869 2377 928 2440 pro
954 2355 1116 2431 omnihus,
1147 2375 1210 2418 non
1235 2367 1357 2419 tantum
1377 2352 1479 2439 justis
1499 2362 1524 2413 et

345 2466 578 2547 peccatoribus,
595 2468 653 2531 sed
670 2478 702 2530 et
717 2463 897 2539 haereticis,
914 2466 1138 2539 schismaticis,
1156 2463 1337 2529 inlidelihus
1355 2470 1391 2527 et
1408 2459 1529 2527 ludaeis

345 2572 483 2655 perfidis.

450 2688 491 2747 Ι).
508 2685 661 2771 Denique,
678 2709 774 2773 quare
791 2686 904 2751 merita
920 2684 1033 2749 mortis
1051 2683 1169 2751 Christi
1185 2705 1248 2747 nou
1266 2682 1421 2747 omnihus
1439 2679 1526 2767 appli-

345 2805 468 2870 centur,
484 2793 681 2885 intelligitur,
699 2797 847 2884 quoniam
863 2796 895 2860 id
911 2794 1035 2860 scilicet
1050 2806 1183 2880 propter
1203 2792 1368 2858 deiectum
1384 2812 1528 2858 necesss-

342 2903 409 2967 riae
426 2903 647 2989 dispositionis
669 2907 700 2972 in
723 2908 846 2982 multis,
869 2920 900 2971 et
919 2907 953 2970 in
976 2905 1044 2970 aliis
1063 2905 1131 2969 sine
1148 2902 1310 2968 miraculis
1327 2903 1362 2966 in
1380 2902 1530 2969 infinitum

343 3014 586 3099 multiplicandis
599 3017 669 3082 lieri
683 3018 807 3105 nequit;
825 3039 922 3104 quare
935 3029 1040 3082 autem
1054 3014 1200 3080 Christus
1212 3026 1353 3103 mortem
1365 3035 1462 3078 suem
1480 3033 1531 3098 pro

344 3121 412 3186 aliis
429 3124 609 3192 hominihus
630 3127 747 3192 offerre
764 3127 918 3202 voluerit,
936 3139 969 3191 et
983 3147 1043 3210 pro
1061 3124 1129 3189 aliis
1144 3145 1223 3198 non,
1244 3123 1342 3206 hujus
1361 3123 1427 3188 alia
1444 3142 1533 3188 coust

344 3253 438 3318 quam
469 3256 565 3300 caeca
596 3237 691 3302 libido
714 3238 877 3326 assignari
899 3259 962 3301 non
984 3247 1110 3321 posset;
1138 3235 1220 3319 quod
1242 3245 1353 3296 tamen
1373 3251 1533 3297 assmnere

345 3363 439 3427 quam
460 3342 649 3429 injuriosum
674 3347 716 3411 sit
734 3347 767 3411 in
788 3348 891 3411 Deum
906 3343 1170 3433 benignissimum
1192 3363 1229 3407 ac
1251 3341 1535 3426 sapientissimum,

345 3452 503 3518 neminem
520 3456 617 3520 latere
634 3469 750 3541 potest.

451 3569 585 3628 Adnot.
609 3573 741 3650 Legitur
759 3571 879 3650 quidem
895 3571 988 3629 etiam
1004 3569 1035 3627 in
1053 3568 1226 3648 Scriptura,

459 3673 488 3741 1.
508 3678 663 3740 Christum
696 3693 848 3741 mortuum
874 3700 945 3739 esse
978 3698 1041 3757 pro
1074 3677 1239 3752 inultis⁴):
1274 3687 1421 3739 attamen
1457 3695 1536 3755 suprt

343 3782 407 3854 Jam
437 3788 639 3860 ostendimus,
658 3794 805 3851 vocabula
821 3781 914 3856 πολὺς
930 3800 962 3848 et
977 3787 1035 3854 πᾶς
1050 3789 1080 3846 in
1105 3790 1165 3847 SS.
1183 3788 1338 3857 Litteris,
1364 3791 1488 3866 quando
1510 3788 1535 3845 dt

350 3895 488 3953 omnihus
506 3906 554 3955 est
571 3917 685 3969 sermo,
702 3920 828 3976 quorum
847 3921 976 3980 magnus
994 3911 1042 3960 est
1061 3916 1226 3965 numerus,
1252 3899 1445 3972 promiscue
1469 3894 1534 3958 adhi-

349 4000 427 4070 heri,
445 4003 488 4062 its
504 4016 538 4064 ut
556 4007 733 4068 Christus
751 4011 842 4080 dicat,
860 4014 1030 4070 sevenisse
1048 4011 1128 4069 dore
1144 4011 1288 4066 animam
1300 4025 1408 4066 suurn
1422 4008 1534 4067 redes·

352 4113 468 4171 tionem
486 4134 560 4191 pro
584 4116 741 4194 multis,
766 4128 797 4177 et
820 4121 1001 4199 sanguinem
1024 4137 1111 4177 suum
1128 4135 1214 4185 esse,
1232 4119 1289 4193 qui
1308 4135 1391 4193 pro
1418 4116 1533 4177 multu

351 4221 531 4296 effundetur
567 4230 603 4284 to
637 4232 861 4288 remissionem
893 4203 1157 4306 peccatorum⁵),
1189 4235 1281 4302 atque
1325 4228 1532 4303 Apostolus,

353 4328 509 4392 Christum
527 4339 623 4395 semel
640 4338 771 4397 oblatum
789 4357 881 4410 esse,
915 4341 962 4398 ad
974 4339 1150 4400 multorum
1166 4339 1239 4395 coh
1249 4354 1300 4394 ou
1311 4338 1464 4396 riendo
1480 4350 1529 4415 pot·

349 4493 621 4512 *ffi-

466 4602 488 4680 ¹)
505 4605 635 4680 Mansi,
653 4609 873 4670 Coll.Oonc.T.
891 4607 921 4670 l.
939 4631 967 4670 e.
986 4607 1082 4671 1009.
1099 4642 1140 4654 —
1159 4610 1186 4684 ²)
1204 4607 1251 4668 lb.
1270 4609 1313 4668 Τ.
1338 4608 1392 4674 14.
1412 4633 1438 4672 c.
1455 4604 1525 4673 9132

356 4686 400 4748 Of.
432 4690 541 4756 Cone.
574 4695 761 4759 Curisiac.
785 4723 812 4764 a.
840 4696 915 4763 849.
937 4721 961 4762 c.
987 4705 1016 4763 4.
1048 4701 1093 4760 Ib.
1112 4720 1136 4760 c.
1154 4695 1230 4759 921.
1265 4699 1386 4766 Cone.
1406 4702 1522 4764 Vslsul

357 4798 385 4839 a.
403 4775 477 4846 855.
504 4804 568 4844 con.
586 4789 614 4847 2.
631 4791 659 4848 4.
677 4792 705 4848 5.
732 4791 769 4852 Τ.
797 4786 847 4851 15.
874 4813 898 4853 c.
916 4789 1015 4854 3-6.
1048 4827 1091 4838 -
1122 4793 1150 4870 8)
1167 4790 1251 4851 Sese.
1277 4795 1308 4856 6.
1329 4815 1356 4857 c.
1375 4799 1406 4859 2.
1425 4795 1519 4856 old*

358 4872 386 4945 ⁴)
402 4870 507 4932 Matth.
525 4873 578 4949 20,
594 4874 647 4939 23.
665 4914 706 4925 -
724 4884 751 4957 ⁵)
768 4881 873 4944 matth.
890 4881 944 4954 26,
961 4881 1014 4946 28.
