3775 5625
344 572 447 648 Hujus
473 570 592 631 erroris
616 570 807 629 instaurator
824 568 882 628 fuit
905 571 952 629 is.
969 571 1019 628 La
1042 570 1222 651 Peyrare,
1247 588 1262 627 e
1289 569 1540 632 calvinianorum

345 692 451 750 secta,
474 682 526 759 qui
546 690 664 750 tamen,
687 679 724 738 ad
747 680 905 738 meliorem
921 689 1031 756 postea
1047 680 1169 759 frugem
1187 690 1368 755 reuocatus,
1384 680 1465 743 huno
1482 698 1544 741 una

346 810 417 853 cum
437 791 557 867 reliquo
581 788 821 849 Calvinietarum
844 808 954 849 errore
977 788 1118 863 ejuravit.
1143 792 1171 849 Α
1188 808 1246 866 quo
1268 808 1376 869 parum
1399 791 1545 852 abludunt

344 902 383 970 ii,
408 901 460 978 qui
483 908 627 966 censent,
651 916 710 957 non
735 916 841 957 omnes
863 896 1002 957 homines
1026 898 1192 958 abeodem
1218 909 1438 976 protoparente
1471 917 1543 959 ease

345 1010 540 1091 progenitos,
556 1009 611 1068 sed
628 1010 830 1079 contendunt,
846 1009 878 1067 in
895 1010 1031 1086 qualibet
1047 1010 1138 1089 plaga
1155 1028 1229 1069 suos
1247 1011 1344 1070 luisse
1363 1008 1544 1071 autochtho-

346 1141 419 1191 nes,
441 1121 493 1198 qui
514 1119 618 1196 specie
641 1117 927 1197 distinguerentur,
950 1119 1024 1179 licet
1041 1138 1058 1177 a
1074 1121 1141 1178 Deo
1165 1120 1320 1191 conditos,
1339 1140 1357 1180 a
1373 1120 1482 1198 quibua
1498 1118 1544 1180 tii·

348 1250 461 1290 versae
478 1228 634 1288 hominum
652 1238 764 1308 gentes
781 1228 964 1305 prodierint.

457 1334 611 1421 Opposite
641 1334 748 1421 itaque
772 1336 811 1399 ad
840 1356 973 1400 errores
1004 1337 1105 1401 hosce
1136 1335 1240 1421 primo
1274 1335 1545 1413 demonstramus,

346 1443 480 1534 primos
493 1456 660 1531 parentes,
681 1439 838 1509 ddamum
859 1467 897 1510 ac
917 1446 1036 1520 Evam,
1058 1444 1240 1510 immediate
1261 1467 1280 1510 a
1302 1447 1372 1511 Deo
1397 1425 1547 1511 conditos

347 1556 463 1631 fuisse,
480 1554 654 1641 etquidem
670 1574 736 1619 non
753 1556 857 1619 solum
873 1556 979 1641 quoad
996 1554 1148 1630 arrimam,
1165 1557 1223 1620 sed
1240 1556 1336 1621 etiam
1352 1558 1457 1643 quoad
1474 1577 1547 1623 cor·

347 1687 424 1751 pus3
449 1677 482 1729 et
502 1662 617 1729 deinde
637 1663 727 1729 hisce
748 1664 827 1729 solis
850 1664 1037 1729 universum
1060 1686 1164 1753 genus
1187 1667 1358 1730 humanum
1380 1687 1472 1731 suam
1491 1666 1546 1731 do·

347 1777 426 1840 bere
444 1773 612 1862 originem.

456 1887 536 1949 Post
552 1883 749 1949 creationem
767 1905 876 1949 rerum
893 1884 1045 1960 omnium,
1062 1906 1143 1971 quae
1159 1887 1198 1951 ad
1216 1885 1325 1950 mundi
1342 1882 1546 1951 constitutio·

348 2018 423 2061 nem
439 2007 472 2059 et
493 2006 641 2059 ornatum
662 2006 824 2080 spectant,
845 2016 905 2059 sex
927 1994 1040 2060 dicbus
1062 1996 1194 2071 factam,
1215 1995 1356 2081 ipsomet
1377 2007 1472 2059 sexto
1494 1992 1546 2058 die

348 2107 461 2180 Deum,
473 2104 659 2169 coronidem
670 2105 904 2190 quodammodo
921 2105 1012 2190 operi
1028 2104 1180 2170 universo
1197 2104 1433 2190 impositurum,
1446 2102 1547 2167 homi·

349 2235 438 2289 nem,
463 2213 514 2279 cui
529 2215 614 2278 hunc
629 2226 789 2278 terrarum
807 2216 934 2290 orbem,
957 2214 1061 2280 omnis
1078 2215 1208 2303 generis
1230 2214 1435 2289 animalibus,
1459 2214 1546 2299 plan·

286 2321 289 2325 ’
348 2324 408 2399 tis,
433 2322 614 2409 ceterisque
634 2324 732 2388 rebus
758 2326 797 2388 ad
817 2346 910 2389 usum
933 2324 1018 2390 vitae
1041 2324 1237 2391 necessariis
1270 2326 1394 2390 abunde
1424 2323 1543 2388 instru-

350 2445 451 2507 ctum,
476 2434 516 2497 ad
532 2431 737 2508 domicilium,
748 2435 985 2521 jucundamque
1002 2436 1112 2499 sedem
1135 2434 1322 2523 assignavit,
1354 2431 1548 2507 condidisse,

350 2556 384 2607 et
400 2542 525 2628 qruidem
539 2541 723 2607 immediate
740 2546 844 2630 quoad
864 2557 1032 2629 utramque
1064 2546 1134 2629 ejus
1165 2557 1298 2609 naturae
1329 2556 1469 2629 partem,
1501 2553 1548 2605 te·

348 2664 475 2716 stantur

457 2765 496 2828 Α.
521 2765 580 2828 SS.
602 2764 787 2829 litterae.
811 2764 893 2829 Nam
913 2765 1014 2829 relata
1034 2784 1144 2829 rerum
1161 2782 1393 2849 corporearum
1411 2758 1547 2826 creatio·

348 2894 405 2948 ne,
422 2872 544 2938 inducit
557 2874 711 2959 Moyses
728 2874 832 2937 Deum
848 2873 897 2938 sic
913 2875 1111 2960 loquentem:
1135 2877 1316 2938 Faciamus
1331 2876 1551 2935 nominemur

347 2989 541 3067 imaaiaem,
566 2997 600 3048 et
622 2990 865 3048 similitudinem
888 2997 1053 3061 nostram·
1077 2997 1111 3048 et
1128 2990 1256 3065 praesit
1267 2989 1414 3064 placidus
1429 2985 1546 3064 marta,

346 3104 382 3156 et
395 3097 585 3158 volatilibus
601 3100 702 3177 coeti,
720 3107 754 3158 et
767 3100 896 3177 bestiis,
921 3100 1159 3176 universaeque
1175 3107 1302 3176 terrae,
1327 3097 1476 3172 omnique
1490 3106 1548 3154 re·

342 3209 443 3283 poili,
469 3213 558 3285 quod
574 3217 722 3268 mouetur
743 3209 779 3267 ia
800 3217 900 3268 terra.
926 3205 1105 3291 Statimque
1127 3206 1210 3269 hanc
1232 3204 1335 3289 ipsam
1353 3200 1550 3266 creationem

346 3311 466 3376 factam
482 3325 608 3377 narrat:
632 3316 681 3378 Et
695 3319 850 3378 creavit
863 3317 969 3379 Deus
985 3319 1177 3379 homiaem
1193 3323 1236 3377 aa
1249 3319 1422 3392 imapiaem
1438 3328 1548 3374 man:

346 3426 393 3485 ad
408 3428 580 3501 imapa'aem
595 3425 660 3485 Dei
676 3429 837 3488 creauit
857 3430 989 3507 illum,
1015 3432 1250 3506 masculum,
1275 3434 1314 3485 et
1333 3424 1550 3498 foeminum

346 3538 508 3596 creavit
528 3537 649 3612 θοαί).
681 3533 819 3598 iniurius
851 3546 957 3598 autem
981 3555 1049 3614 rem
1076 3534 1206 3599 uberius
1238 3550 1405 3617 exponens
1436 3529 1548 3593 habu:

346 3642 563 3706 formavit
583 3648 715 3721 ipitur
738 3645 928 3707 Dominus
943 3647 1053 3708 Deua
1075 3649 1264 3709 hominem
1287 3651 1331 3705 de
1354 3645 1447 3704 limo
1471 3651 1550 3702 ter·

346 3772 421 3813 rae
452 3753 626 3876 (maiiiv
647 3754 716 3868 'pn
737 3753 855 3872 722),
887 3767 928 3818 et
955 3760 1183 3835 inspiravit
1212 3761 1253 3817 ta
1281 3755 1431 3828 faeiem
1462 3753 1550 3829 ejas

346 3911 601 3985 spiraculum
623 3910 754 3988 uitae,
781 3911 893 4003 (niti-q
915 3894 1057 4000 mm
1079 3903 1171 3989 πνοὴν
1192 3903 1303 3988 ζωῆς),
1327 3908 1487 3981 etfuctue
1502 3914 1551 3965 eet

345 4065 445 4125 homo
462 4066 499 4124 ia
514 4066 654 4124 animam
669 4066 827 4125 viventem
843 4065 938 4178 (2720
961 4018 1093 4160 (θρὶξ).
1117 4062 1158 4131 εἰς
1178 4055 1277 4141 ψυχὴν
1298 4055 1461 4139 iduum).
1477 4055 1549 4125 Vir·

345 4229 416 4280 tute
437 4215 544 4301 itaque
566 4214 673 4280 divina
694 4215 798 4300 primo
823 4236 943 4299 corpus
959 4213 1099 4280 hominis
1115 4214 1226 4278 elimo
1243 4225 1350 4278 terrae
1367 4213 1551 4289 formatum,

346 4337 382 4390 et
406 4325 521 4390 deinde
551 4325 656 4391 anima
686 4324 822 4389 rationis
854 4345 957 4409 capax
980 4326 1092 4390 eadem
1114 4323 1233 4389 virtute
1257 4323 1363 4389 divina
1387 4336 1496 4389 creata
1518 4335 1552 4389 et

346 4435 484 4521 corpori
514 4434 615 4500 indita
647 4448 711 4510 est,
736 4455 798 4521 quo
832 4434 976 4498 animans
1008 4433 1134 4499 ratione
1158 4434 1339 4521 praeditus,
1360 4433 1380 4498 i.
1403 4453 1431 4498 e.
1452 4435 1550 4498 homo

346 4543 462 4610 evasit.
488 4545 607 4610 Creato
624 4546 747 4610 Adamo
764 4544 868 4607 Deus:
892 4546 972 4607 Non
987 4556 1038 4607 est
1051 4551 1168 4609 donum
1175 4593 1187 4627 ,
1213 4543 1330 4630 inquit,
1356 4565 1426 4608 eoae
1441 4547 1551 4608 homi·

344 4677 422 4720 nem
454 4663 580 4719 eodum:
620 4658 819 4731 faciamus
850 4658 886 4716 ei
917 4658 1162 4734 adjutorium
1193 4660 1321 4717 simile
1351 4659 1427 4716 aidi
1463 4654 1551 4753 (Ὺρ)

465 4881 492 4971 ¹)
511 4883 590 4948 Gen.
610 4883 638 4960 l,
654 4881 709 4962 26,
724 4881 779 4947 27.
797 4919 840 4931 -·
859 4882 886 4965 ²)
904 4881 984 4946 Gen.
1000 4881 1032 4960 2,
1050 4883 1079 4948 7.
1287 4971 1330 5036 l*
1393 4960 1395 4965 .
