<?xml version="1.0" encoding="UTF-8"?>
<!DOCTYPE html PUBLIC "-//W3C//DTD XHTML 1.0 Transitional//EN"
    "http://www.w3.org/TR/xhtml1/DTD/xhtml1-transitional.dtd">
<html xmlns="http://www.w3.org/1999/xhtml" xml:lang="en" lang="en">
 <head>
  <title>
</title>
<meta http-equiv="Content-Type" content="text/html;charset=utf-8" />
  <meta name='ocr-system' content='tesseract 3.04.00' />
  <meta name='ocr-capabilities' content='ocr_page ocr_carea ocr_par ocr_line ocrx_word'/>
</head>
<body>
  <div class='ocr_page' id='page_1' title='image "./theologiadogmat00schwgoog/theologiadogmat00schwgoog_0166.png"; bbox 0 0 3775 5625; ppageno 0'>
   <div class='ocr_carea' id='block_1_1' title="bbox 345 428 410 496">
    <p class='ocr_par' dir='ltr' id='par_1_1' title="bbox 345 428 410 496">
     <span class='ocr_line' id='line_1_1' title="bbox 345 428 410 496; baseline 0 0"><span class='ocrx_word' id='word_1_1' title='bbox 345 428 410 496; x_wconf 82' lang='lat'><strong>152</strong></span> 
     </span>
    </p>
   </div>
   <div class='ocr_carea' id='block_1_2' title="bbox 342 596 1525 4620">
    <p class='ocr_par' dir='ltr' id='par_1_2' title="bbox 343 596 1525 1988">
     <span class='ocr_line' id='line_1_2' title="bbox 345 596 1525 677; baseline 0.002 -19"><span class='ocrx_word' id='word_1_2' title='bbox 345 600 396 677; x_wconf 92' lang='lat' dir='ltr'><strong>qui</strong></span> <span class='ocrx_word' id='word_1_3' title='bbox 412 598 491 676; x_wconf 86' lang='lat' dir='ltr'><strong>quod</strong></span> <span class='ocrx_word' id='word_1_4' title='bbox 508 600 651 658; x_wconf 90' lang='lat' dir='ltr'><strong>naturale</strong></span> <span class='ocrx_word' id='word_1_5' title='bbox 669 606 728 665; x_wconf 89' lang='lat' dir='ltr'><strong>est,</strong></span> <span class='ocrx_word' id='word_1_6' title='bbox 744 596 869 672; x_wconf 92' lang='lat' dir='ltr'><strong>proprie</strong></span> <span class='ocrx_word' id='word_1_7' title='bbox 885 605 1046 671; x_wconf 87' lang='lat' dir='ltr'><strong>peccatum</strong></span> <span class='ocrx_word' id='word_1_8' title='bbox 1064 613 1134 655; x_wconf 90' lang='lat' dir='ltr'><strong>esse</strong></span> <span class='ocrx_word' id='word_1_9' title='bbox 1152 615 1211 655; x_wconf 95' lang='lat' dir='ltr'><strong>non</strong></span> <span class='ocrx_word' id='word_1_10' title='bbox 1228 606 1341 673; x_wconf 88' lang='lat' dir='ltr'><strong>potest,</strong></span> <span class='ocrx_word' id='word_1_11' title='bbox 1358 616 1459 676; x_wconf 89' lang='lat' dir='ltr'><strong>neque</strong></span> <span class='ocrx_word' id='word_1_12' title='bbox 1475 608 1525 677; x_wconf 89' lang='lat' dir='ltr'><strong>pol</strong></span> 
     </span>
     <span class='ocr_line' id='line_1_3' title="bbox 345 705 1525 787; baseline 0.001 -20"><span class='ocrx_word' id='word_1_13' title='bbox 345 718 394 768; x_wconf 90' lang='lat' dir='ltr'><strong>est</strong></span> <span class='ocrx_word' id='word_1_14' title='bbox 431 708 468 767; x_wconf 88' lang='lat' dir='ltr'><strong>ab</strong></span> <span class='ocrx_word' id='word_1_15' title='bbox 501 726 537 765; x_wconf 94' lang='lat' dir='ltr'><strong>eo</strong></span> <span class='ocrx_word' id='word_1_16' title='bbox 569 706 712 765; x_wconf 90' lang='lat' dir='ltr'><strong>liberatio</strong></span> <span class='ocrx_word' id='word_1_17' title='bbox 730 705 867 782; x_wconf 85' lang='lat' dir='ltr'><strong>sperari.</strong></span> <span class='ocrx_word' id='word_1_18' title='bbox 894 738 939 748; x_wconf 95' lang='lat'><strong>—</strong></span> <span class='ocrx_word' id='word_1_19' title='bbox 970 706 1140 765; x_wconf 79' lang='lat' dir='ltr'>Peccatum</span> <span class='ocrx_word' id='word_1_20' title='bbox 1163 706 1316 786; x_wconf 83' lang='lat' dir='ltr'><strong>originale</strong></span> <span class='ocrx_word' id='word_1_21' title='bbox 1345 723 1421 767; x_wconf 90' lang='lat' dir='ltr'><strong>sane</strong></span> <span class='ocrx_word' id='word_1_22' title='bbox 1439 708 1525 787; x_wconf 86' lang='lat' dir='ltr'><strong>aliqu</strong></span> 
     </span>
     <span class='ocr_line' id='line_1_4' title="bbox 344 814 1525 892; baseline 0 -14"><span class='ocrx_word' id='word_1_23' title='bbox 344 819 433 879; x_wconf 91' lang='lat' dir='ltr'><strong>modo</strong></span> <span class='ocrx_word' id='word_1_24' title='bbox 455 817 595 876; x_wconf 89' lang='lat' dir='ltr'><strong>naturale</strong></span> <span class='ocrx_word' id='word_1_25' title='bbox 618 815 678 875; x_wconf 92' lang='lat' dir='ltr'><strong>dici</strong></span> <span class='ocrx_word' id='word_1_26' title='bbox 700 824 803 892; x_wconf 91' lang='lat' dir='ltr'><strong>potest</strong></span> <span class='ocrx_word' id='word_1_27' title='bbox 833 833 868 874; x_wconf 89' lang='lat' dir='ltr'><strong>ac</strong></span> <span class='ocrx_word' id='word_1_28' title='bbox 894 815 1000 885; x_wconf 90' lang='lat' dir='ltr'><strong>debet,</strong></span> <span class='ocrx_word' id='word_1_29' title='bbox 1011 814 1103 889; x_wconf 85' lang='lat' dir='ltr'><strong>juxta</strong></span> <span class='ocrx_word' id='word_1_30' title='bbox 1118 816 1193 874; x_wconf 92' lang='lat' dir='ltr'><strong>illud</strong></span> <span class='ocrx_word' id='word_1_31' title='bbox 1209 816 1367 892; x_wconf 74' lang='lat' dir='ltr'><strong>Apostoli:</strong></span> <span class='ocrx_word' id='word_1_32' title='bbox 1390 814 1525 878; x_wconf 77' lang='lat' dir='ltr'><strong>Erumu</strong></span> 
     </span>
     <span class='ocr_line' id='line_1_5' title="bbox 344 920 1525 1003; baseline 0 -16"><span class='ocrx_word' id='word_1_33' title='bbox 344 928 471 987; x_wconf 80' lang='lat' dir='ltr'><strong>uaturd</strong></span> <span class='ocrx_word' id='word_1_34' title='bbox 483 925 545 1003; x_wconf 73' lang='lat' dir='ltr'><strong>pttt</strong></span> <span class='ocrx_word' id='word_1_35' title='bbox 566 930 653 995; x_wconf 77' lang='lat' dir='ltr'><strong>irae,</strong></span> <span class='ocrx_word' id='word_1_36' title='bbox 685 943 755 983; x_wconf 90' lang='lat' dir='ltr'><strong>uam</strong></span> <span class='ocrx_word' id='word_1_37' title='bbox 776 934 807 983; x_wconf 90' lang='lat' dir='ltr'><strong>et</strong></span> <span class='ocrx_word' id='word_1_38' title='bbox 837 920 999 984; x_wconf 75' lang='lat' dir='ltr'><strong>nativitate</strong></span> <span class='ocrx_word' id='word_1_39' title='bbox 1017 925 1225 996; x_wconf 81' lang='lat' dir='ltr'><strong>contrahitur,</strong></span> <span class='ocrx_word' id='word_1_40' title='bbox 1250 935 1282 985; x_wconf 92' lang='lat' dir='ltr'><strong>et</strong></span> <span class='ocrx_word' id='word_1_41' title='bbox 1302 936 1363 986; x_wconf 84' lang='lat' dir='ltr'><strong>est·</strong></span> <span class='ocrx_word' id='word_1_42' title='bbox 1375 926 1481 1003; x_wconf 86' lang='lat' dir='ltr'><strong>potius</strong></span> <span class='ocrx_word' id='word_1_43' title='bbox 1496 928 1525 987; x_wconf 84' lang='lat' dir='ltr'><strong>vl</strong></span> 
     </span>
     <span class='ocr_line' id='line_1_6' title="bbox 344 1036 1525 1112; baseline 0 -15"><span class='ocrx_word' id='word_1_44' title='bbox 344 1037 421 1097; x_wconf 89' lang='lat' dir='ltr'><strong>tium</strong></span> <span class='ocrx_word' id='word_1_45' title='bbox 437 1046 565 1095; x_wconf 89' lang='lat' dir='ltr'><strong>naturae</strong></span> <span class='ocrx_word' id='word_1_46' title='bbox 583 1053 672 1112; x_wconf 87' lang='lat' dir='ltr'><strong>quam</strong></span> <span class='ocrx_word' id='word_1_47' title='bbox 688 1053 861 1111; x_wconf 83' lang='lat' dir='ltr'><strong>personae3</strong></span> <span class='ocrx_word' id='word_1_48' title='bbox 879 1044 1016 1109; x_wconf 75' lang='lat' dir='ltr'><strong>attamen</strong></span> <span class='ocrx_word' id='word_1_49' title='bbox 1033 1053 1092 1093; x_wconf 90' lang='lat' dir='ltr'><strong>non</strong></span> <span class='ocrx_word' id='word_1_50' title='bbox 1111 1045 1254 1105; x_wconf 89' lang='lat' dir='ltr'><strong>eatenus,</strong></span> <span class='ocrx_word' id='word_1_51' title='bbox 1277 1036 1366 1112; x_wconf 87' lang='lat' dir='ltr'><strong>quasi</strong></span> <span class='ocrx_word' id='word_1_52' title='bbox 1387 1036 1525 1098; x_wconf 79' lang='lat' dir='ltr'><strong>essentia</strong></span> 
     </span>
     <span class='ocr_line' id='line_1_7' title="bbox 343 1144 1525 1223; baseline 0 -17"><span class='ocrx_word' id='word_1_53' title='bbox 343 1148 415 1206; x_wconf 92' lang='lat' dir='ltr'><strong>liter</strong></span> <span class='ocrx_word' id='word_1_54' title='bbox 437 1146 474 1205; x_wconf 89' lang='lat' dir='ltr'><strong>ad</strong></span> <span class='ocrx_word' id='word_1_55' title='bbox 495 1154 637 1203; x_wconf 90' lang='lat' dir='ltr'><strong>naturam</strong></span> <span class='ocrx_word' id='word_1_56' title='bbox 660 1144 830 1220; x_wconf 87' lang='lat' dir='ltr'><strong>pertineat,</strong></span> <span class='ocrx_word' id='word_1_57' title='bbox 853 1162 926 1219; x_wconf 91' lang='lat' dir='ltr'><strong>pars</strong></span> <span class='ocrx_word' id='word_1_58' title='bbox 943 1144 986 1203; x_wconf 90' lang='lat' dir='ltr'><strong>sit</strong></span> <span class='ocrx_word' id='word_1_59' title='bbox 1001 1153 1151 1215; x_wconf 90' lang='lat' dir='ltr'><strong>naturae,</strong></span> <span class='ocrx_word' id='word_1_60' title='bbox 1174 1155 1226 1204; x_wconf 88' lang='lat' dir='ltr'><strong>aut</strong></span> <span class='ocrx_word' id='word_1_61' title='bbox 1242 1164 1281 1203; x_wconf 85' lang='lat' dir='ltr'><strong>ex</strong></span> <span class='ocrx_word' id='word_1_62' title='bbox 1297 1154 1410 1205; x_wconf 87' lang='lat' dir='ltr'><strong>natura</strong></span> <span class='ocrx_word' id='word_1_63' title='bbox 1425 1147 1525 1223; x_wconf 77' lang='lat' dir='ltr'><strong>prolis</strong></span> 
     </span>
     <span class='ocr_line' id='line_1_8' title="bbox 343 1255 1524 1332; baseline -0.001 -17"><span class='ocrx_word' id='word_1_64' title='bbox 343 1255 436 1325; x_wconf 90' lang='lat' dir='ltr'><strong>xerit,</strong></span> <span class='ocrx_word' id='word_1_65' title='bbox 458 1255 513 1314; x_wconf 87' lang='lat' dir='ltr'><strong>sed</strong></span> <span class='ocrx_word' id='word_1_66' title='bbox 535 1263 653 1313; x_wconf 90' lang='lat' dir='ltr'><strong>tantum</strong></span> <span class='ocrx_word' id='word_1_67' title='bbox 677 1263 827 1331; x_wconf 87' lang='lat' dir='ltr'><strong>quatenus</strong></span> <span class='ocrx_word' id='word_1_68' title='bbox 848 1272 928 1313; x_wconf 89' lang='lat' dir='ltr'><strong>nunc</strong></span> <span class='ocrx_word' id='word_1_69' title='bbox 951 1263 1021 1330; x_wconf 92' lang='lat' dir='ltr'><strong>post</strong></span> <span class='ocrx_word' id='word_1_70' title='bbox 1036 1264 1198 1330; x_wconf 90' lang='lat' dir='ltr'><strong>peccatum</strong></span> <span class='ocrx_word' id='word_1_71' title='bbox 1214 1255 1298 1314; x_wconf 76' lang='lat' dir='ltr'><strong>Adae</strong></span> <span class='ocrx_word' id='word_1_72' title='bbox 1314 1255 1371 1332; x_wconf 82' lang='lat' dir='ltr'><strong>p&#39;er</strong></span> <span class='ocrx_word' id='word_1_73' title='bbox 1395 1256 1524 1317; x_wconf 75' lang='lat' dir='ltr'><strong>accidua</strong></span> 
     </span>
     <span class='ocr_line' id='line_1_9' title="bbox 346 1363 1525 1443; baseline 0 -18"><span class='ocrx_word' id='word_1_74' title='bbox 346 1375 477 1425; x_wconf 90' lang='lat' dir='ltr'><strong>naturae</strong></span> <span class='ocrx_word' id='word_1_75' title='bbox 503 1364 678 1423; x_wconf 88' lang='lat' dir='ltr'><strong>adhaereat.</strong></span> <span class='ocrx_word' id='word_1_76' title='bbox 707 1366 766 1422; x_wconf 79' lang='lat' dir='ltr'><strong>list</strong></span> <span class='ocrx_word' id='word_1_77' title='bbox 783 1364 863 1421; x_wconf 89' lang='lat' dir='ltr'><strong>euim</strong></span> <span class='ocrx_word' id='word_1_78' title='bbox 878 1363 1012 1440; x_wconf 77' lang='lat' dir='ltr'><strong>privatio</strong></span> <span class='ocrx_word' id='word_1_79' title='bbox 1029 1382 1066 1424; x_wconf 89' lang='lat' dir='ltr'><strong>ac</strong></span> <span class='ocrx_word' id='word_1_80' title='bbox 1085 1365 1244 1441; x_wconf 83' lang='lat' dir='ltr'><strong>corruptio</strong></span> <span class='ocrx_word' id='word_1_81' title='bbox 1262 1366 1427 1442; x_wconf 88' lang='lat' dir='ltr'><strong>quaedam,</strong></span> <span class='ocrx_word' id='word_1_82' title='bbox 1445 1383 1525 1443; x_wconf 83' lang='lat' dir='ltr'><strong>eaqu</strong></span> 
     </span>
     <span class='ocr_line' id='line_1_10' title="bbox 344 1473 1525 1549; baseline 0.002 -14"><span class='ocrx_word' id='word_1_83' title='bbox 344 1494 404 1535; x_wconf 91' lang='lat' dir='ltr'><strong>non</strong></span> <span class='ocrx_word' id='word_1_84' title='bbox 426 1494 464 1535; x_wconf 86' lang='lat' dir='ltr'><strong>ex</strong></span> <span class='ocrx_word' id='word_1_85' title='bbox 477 1484 598 1543; x_wconf 89' lang='lat' dir='ltr'><strong>natura,</strong></span> <span class='ocrx_word' id='word_1_86' title='bbox 620 1474 675 1532; x_wconf 90' lang='lat' dir='ltr'><strong>sed</strong></span> <span class='ocrx_word' id='word_1_87' title='bbox 692 1491 730 1531; x_wconf 85' lang='lat' dir='ltr'><strong>ex</strong></span> <span class='ocrx_word' id='word_1_88' title='bbox 746 1473 845 1531; x_wconf 90' lang='lat' dir='ltr'><strong>libera</strong></span> <span class='ocrx_word' id='word_1_89' title='bbox 860 1474 952 1549; x_wconf 92' lang='lat' dir='ltr'><strong>primi</strong></span> <span class='ocrx_word' id='word_1_90' title='bbox 968 1473 1100 1532; x_wconf 86' lang='lat' dir='ltr'><strong>bominis</strong></span> <span class='ocrx_word' id='word_1_91' title='bbox 1117 1476 1274 1534; x_wconf 89' lang='lat' dir='ltr'><strong>voluntate</strong></span> <span class='ocrx_word' id='word_1_92' title='bbox 1291 1494 1431 1535; x_wconf 88' lang='lat' dir='ltr'><strong>manans.</strong></span> <span class='ocrx_word' id='word_1_93' title='bbox 1456 1476 1525 1537; x_wconf 77' lang='lat' dir='ltr'><strong>und</strong></span> 
     </span>
     <span class='ocr_line' id='line_1_11' title="bbox 344 1582 1523 1662; baseline 0.002 -18"><span class='ocrx_word' id='word_1_94' title='bbox 344 1595 376 1644; x_wconf 92' lang='lat' dir='ltr'><strong>et</strong></span> <span class='ocrx_word' id='word_1_95' title='bbox 404 1593 566 1661; x_wconf 88' lang='lat' dir='ltr'><strong>peccatum</strong></span> <span class='ocrx_word' id='word_1_96' title='bbox 588 1582 713 1661; x_wconf 92' lang='lat' dir='ltr'><strong>proprie</strong></span> <span class='ocrx_word' id='word_1_97' title='bbox 737 1592 795 1641; x_wconf 88' lang='lat' dir='ltr'><strong>est.</strong></span> <span class='ocrx_word' id='word_1_98' title='bbox 836 1584 941 1660; x_wconf 82' lang='lat' dir='ltr'>Neque</span> <span class='ocrx_word' id='word_1_99' title='bbox 964 1584 1001 1643; x_wconf 93' lang='lat' dir='ltr'><strong>de</strong></span> <span class='ocrx_word' id='word_1_100' title='bbox 1022 1583 1204 1644; x_wconf 88' lang='lat' dir='ltr'><strong>liberatione</strong></span> <span class='ocrx_word' id='word_1_101' title='bbox 1227 1586 1452 1662; x_wconf 87' lang='lat' dir='ltr'><strong>desperandum</strong></span> <span class='ocrx_word' id='word_1_102' title='bbox 1474 1593 1523 1646; x_wconf 83' lang='lat' dir='ltr'><strong>est</strong></span> 
     </span>
     <span class='ocr_line' id='line_1_12' title="bbox 344 1678 1525 1772; baseline 0.002 -18"><span class='ocrx_word' id='word_1_103' title='bbox 344 1713 403 1754; x_wconf 90' lang='lat' dir='ltr'><strong>non</strong></span> <span class='ocrx_word' id='word_1_104' title='bbox 420 1703 470 1753; x_wconf 91' lang='lat' dir='ltr'><strong>est</strong></span> <span class='ocrx_word' id='word_1_105' title='bbox 486 1694 582 1763; x_wconf 91' lang='lat' dir='ltr'><strong>enim,</strong></span> <span class='ocrx_word' id='word_1_106' title='bbox 605 1678 705 1751; x_wconf 90' lang='lat' dir='ltr'><strong>utbic</strong></span> <span class='ocrx_word' id='word_1_107' title='bbox 721 1693 848 1751; x_wconf 79' lang='lat' dir='ltr'><strong>morbus</strong></span> <span class='ocrx_word' id='word_1_108' title='bbox 865 1702 1005 1762; x_wconf 88' lang='lat' dir='ltr'><strong>curetur,</strong></span> <span class='ocrx_word' id='word_1_109' title='bbox 1022 1703 1133 1752; x_wconf 84' lang='lat' dir='ltr'><strong>natura</strong></span> <span class='ocrx_word' id='word_1_110' title='bbox 1150 1694 1354 1765; x_wconf 84' lang='lat' dir='ltr'><strong>destruenda,</strong></span> <span class='ocrx_word' id='word_1_111' title='bbox 1376 1695 1432 1754; x_wconf 90' lang='lat' dir='ltr'><strong>sed</strong></span> <span class='ocrx_word' id='word_1_112' title='bbox 1448 1694 1525 1772; x_wconf 82' lang='lat' dir='ltr'><strong>perii</strong></span> 
     </span>
     <span class='ocr_line' id='line_1_13' title="bbox 345 1782 1525 1886; baseline 0.001 -23"><span class='ocrx_word' id='word_1_113' title='bbox 345 1804 469 1886; x_wconf 79' lang='lat' dir='ltr'><strong>cienda;</strong></span> <span class='ocrx_word' id='word_1_114' title='bbox 488 1802 566 1880; x_wconf 91' lang='lat' dir='ltr'><strong>quod</strong></span> <span class='ocrx_word' id='word_1_115' title='bbox 582 1802 672 1861; x_wconf 82' lang='lat' dir='ltr'><strong>facile</strong></span> <span class='ocrx_word' id='word_1_116' title='bbox 690 1810 793 1878; x_wconf 89' lang='lat' dir='ltr'><strong>potest</strong></span> <span class='ocrx_word' id='word_1_117' title='bbox 808 1800 861 1859; x_wconf 92' lang='lat' dir='ltr'><strong>ille</strong></span> <span class='ocrx_word' id='word_1_118' title='bbox 879 1802 1026 1861; x_wconf 90' lang='lat' dir='ltr'><strong>coelestis</strong></span> <span class='ocrx_word' id='word_1_119' title='bbox 1043 1782 1196 1873; x_wconf 90' lang='lat' dir='ltr'><strong>medicus,</strong></span> <span class='ocrx_word' id='word_1_120' title='bbox 1220 1805 1271 1881; x_wconf 92' lang='lat' dir='ltr'><strong>qui</strong></span> <span class='ocrx_word' id='word_1_121' title='bbox 1286 1804 1372 1863; x_wconf 91' lang='lat' dir='ltr'><strong>venit</strong></span> <span class='ocrx_word' id='word_1_122' title='bbox 1388 1821 1525 1882; x_wconf 61' lang='lat' dir='ltr'><strong>Querar*</strong></span> 
     </span>
     <span class='ocr_line' id='line_1_14' title="bbox 344 1909 947 1988; baseline -0.008 -15"><span class='ocrx_word' id='word_1_123' title='bbox 344 1924 376 1973; x_wconf 93' lang='lat' dir='ltr'><strong>et</strong></span> <span class='ocrx_word' id='word_1_124' title='bbox 392 1914 512 1972; x_wconf 88' lang='lat' dir='ltr'><strong>salvum</strong></span> <span class='ocrx_word' id='word_1_125' title='bbox 528 1912 646 1979; x_wconf 84' lang='lat' dir='ltr'><strong>iacere,</strong></span> <span class='ocrx_word' id='word_1_126' title='bbox 665 1911 743 1988; x_wconf 90' lang='lat' dir='ltr'><strong>quod</strong></span> <span class='ocrx_word' id='word_1_127' title='bbox 759 1909 947 1987; x_wconf 78' lang='lat' dir='ltr'><strong>perierat1).</strong></span> 
     </span>
    </p>

    <p class='ocr_par' dir='ltr' id='par_1_3' title="bbox 342 2014 1525 4620">
     <span class='ocr_line' id='line_1_15' title="bbox 454 2014 1525 2100; baseline 0.003 -19"><span class='ocrx_word' id='word_1_128' title='bbox 454 2016 484 2084; x_wconf 80' lang='grc'><strong>7.</strong></span> <span class='ocrx_word' id='word_1_129' title='bbox 502 2019 669 2096; x_wconf 80' lang='lat' dir='ltr'><strong>Scriptura</strong></span> <span class='ocrx_word' id='word_1_130' title='bbox 686 2019 722 2081; x_wconf 78' lang='lat' dir='ltr'><strong>S.</strong></span> <span class='ocrx_word' id='word_1_131' title='bbox 738 2020 806 2095; x_wconf 89' lang='lat' dir='ltr'><strong>ipsa</strong></span> <span class='ocrx_word' id='word_1_132' title='bbox 821 2021 914 2077; x_wconf 87' lang='lat' dir='ltr'><strong>Deut.</strong></span> <span class='ocrx_word' id='word_1_133' title='bbox 932 2014 987 2089; x_wconf 81' lang='lat'><strong>24,</strong></span> <span class='ocrx_word' id='word_1_134' title='bbox 1007 2015 1060 2080; x_wconf 87' lang='lat'><strong>16.</strong></span> <span class='ocrx_word' id='word_1_135' title='bbox 1076 2015 1106 2080; x_wconf 77' lang='lat'><strong>2.</strong></span> <span class='ocrx_word' id='word_1_136' title='bbox 1125 2020 1205 2100; x_wconf 79' lang='lat' dir='ltr'><strong>lleg.</strong></span> <span class='ocrx_word' id='word_1_137' title='bbox 1225 2016 1277 2095; x_wconf 87' lang='lat'><strong>14,</strong></span> <span class='ocrx_word' id='word_1_138' title='bbox 1296 2016 1327 2082; x_wconf 86' lang='grc'><strong>6.</strong></span> <span class='ocrx_word' id='word_1_139' title='bbox 1351 2022 1468 2083; x_wconf 71' lang='lat' dir='ltr'><strong>buoch.</strong></span> <span class='ocrx_word' id='word_1_140' title='bbox 1487 2016 1525 2084; x_wconf 75' lang='grc'><strong>18</strong></span> 
     </span>
     <span class='ocr_line' id='line_1_16' title="bbox 343 2125 1525 2211; baseline -0.001 -18"><span class='ocrx_word' id='word_1_141' title='bbox 343 2128 398 2193; x_wconf 78' lang='lat'><strong>20.</strong></span> <span class='ocrx_word' id='word_1_142' title='bbox 414 2132 505 2191; x_wconf 89' lang='lat' dir='ltr'><strong>Joau.</strong></span> <span class='ocrx_word' id='word_1_143' title='bbox 523 2125 555 2210; x_wconf 85' lang='lat'><strong>9,</strong></span> <span class='ocrx_word' id='word_1_144' title='bbox 578 2125 609 2189; x_wconf 86' lang='lat'><strong>3.</strong></span> <span class='ocrx_word' id='word_1_145' title='bbox 633 2128 714 2187; x_wconf 90' lang='lat' dir='ltr'><strong>lilios</strong></span> <span class='ocrx_word' id='word_1_146' title='bbox 742 2138 941 2205; x_wconf 92' lang='lat' dir='ltr'><strong>peccatorum</strong></span> <span class='ocrx_word' id='word_1_147' title='bbox 964 2138 1164 2205; x_wconf 90' lang='lat' dir='ltr'><strong>paternorum</strong></span> <span class='ocrx_word' id='word_1_148' title='bbox 1186 2148 1301 2206; x_wconf 88' lang='lat' dir='ltr'><strong>poeuas</strong></span> <span class='ocrx_word' id='word_1_149' title='bbox 1324 2132 1412 2191; x_wconf 89' lang='lat' dir='ltr'><strong>luere</strong></span> <span class='ocrx_word' id='word_1_150' title='bbox 1428 2140 1525 2211; x_wconf 82' lang='lat' dir='ltr'><strong>negat</strong></span> 
     </span>
     <span class='ocr_line' id='line_1_17' title="bbox 344 2238 1525 2321; baseline 0.001 -20"><span class='ocrx_word' id='word_1_151' title='bbox 344 2260 422 2321; x_wconf 93' lang='lat' dir='ltr'><strong>ergo</strong></span> <span class='ocrx_word' id='word_1_152' title='bbox 439 2248 600 2316; x_wconf 89' lang='lat' dir='ltr'><strong>peccatum</strong></span> <span class='ocrx_word' id='word_1_153' title='bbox 617 2238 771 2316; x_wconf 82' lang='lat' dir='ltr'><strong>originale</strong></span> <span class='ocrx_word' id='word_1_154' title='bbox 789 2255 936 2296; x_wconf 86' lang='lat' dir='ltr'><strong>essenon</strong></span> <span class='ocrx_word' id='word_1_155' title='bbox 953 2247 1057 2314; x_wconf 90' lang='lat' dir='ltr'><strong>potest</strong></span> <span class='ocrx_word' id='word_1_156' title='bbox 1067 2242 1109 2311; x_wconf 65' lang='grc'><strong>2).</strong></span> <span class='ocrx_word' id='word_1_157' title='bbox 1141 2274 1185 2283; x_wconf 89' lang='lat'><em>-</em></span> <span class='ocrx_word' id='word_1_158' title='bbox 1216 2239 1258 2297; x_wconf 88' lang='lat' dir='ltr'><strong>Hi</strong></span> <span class='ocrx_word' id='word_1_159' title='bbox 1278 2249 1381 2299; x_wconf 87' lang='lat' dir='ltr'><strong>tamen</strong></span> <span class='ocrx_word' id='word_1_160' title='bbox 1399 2240 1433 2302; x_wconf 79' lang='lat' dir='ltr'><strong>S.</strong></span> <span class='ocrx_word' id='word_1_161' title='bbox 1450 2240 1525 2302; x_wconf 74' lang='lat' dir='ltr'><strong>&#39;Seri</strong></span> 
     </span>
     <span class='ocr_line' id='line_1_18' title="bbox 342 2346 1525 2428; baseline 0 -18"><span class='ocrx_word' id='word_1_162' title='bbox 342 2361 452 2428; x_wconf 86' lang='lat' dir='ltr'><strong>pturae</strong></span> <span class='ocrx_word' id='word_1_163' title='bbox 468 2350 530 2409; x_wconf 90' lang='lat' dir='ltr'><strong>loci</strong></span> <span class='ocrx_word' id='word_1_164' title='bbox 546 2347 667 2407; x_wconf 92' lang='lat' dir='ltr'><strong>minime</strong></span> <span class='ocrx_word' id='word_1_165' title='bbox 685 2347 823 2426; x_wconf 80' lang='lat' dir='ltr'><strong>dogmati</strong></span> <span class='ocrx_word' id='word_1_166' title='bbox 839 2346 999 2406; x_wconf 76' lang='lat' dir='ltr'><strong>Catholico</strong></span> <span class='ocrx_word' id='word_1_167' title='bbox 1017 2348 1239 2419; x_wconf 78' lang='lat' dir='ltr'><strong>adversantur,</strong></span> <span class='ocrx_word' id='word_1_168' title='bbox 1263 2359 1315 2408; x_wconf 91' lang='lat' dir='ltr'><strong>aut</strong></span> <span class='ocrx_word' id='word_1_169' title='bbox 1332 2350 1399 2424; x_wconf 89' lang='lat' dir='ltr'><strong>ejus</strong></span> <span class='ocrx_word' id='word_1_170' title='bbox 1422 2350 1525 2411; x_wconf 82' lang='lat' dir='ltr'><strong>vanits</strong></span> 
     </span>
     <span class='ocr_line' id='line_1_19' title="bbox 342 2452 1518 2538; baseline -0.002 -17"><span class='ocrx_word' id='word_1_171' title='bbox 342 2471 404 2521; x_wconf 89' lang='lat' dir='ltr'><strong>tem</strong></span> <span class='ocrx_word' id='word_1_172' title='bbox 420 2460 561 2537; x_wconf 88' lang='lat' dir='ltr'><strong>probant.</strong></span> <span class='ocrx_word' id='word_1_173' title='bbox 574 2460 664 2517; x_wconf 69' lang='lat' dir='ltr'><strong>⁸llam</strong></span> <span class='ocrx_word' id='word_1_174' title='bbox 692 2452 930 2533; x_wconf 80' lang='lat' dir='ltr'><strong>Deut.24,16.</strong></span> <span class='ocrx_word' id='word_1_175' title='bbox 958 2459 1111 2533; x_wconf 80' lang='lat' dir='ltr'><strong>Moyses</strong></span> <span class='ocrx_word' id='word_1_176' title='bbox 1133 2460 1236 2538; x_wconf 93' lang='lat' dir='ltr'><strong>legem</strong></span> <span class='ocrx_word' id='word_1_177' title='bbox 1257 2460 1431 2538; x_wconf 88' lang='lat' dir='ltr'><strong>imperans:</strong></span> <span class='ocrx_word' id='word_1_178' title='bbox 1463 2459 1518 2521; x_wconf 87' lang='lat' dir='ltr'><strong>Ns</strong></span> 
     </span>
     <span class='ocr_line' id='line_1_20' title="bbox 344 2541 1525 2650; baseline -0.001 -20"><span class='ocrx_word' id='word_1_179' title='bbox 344 2570 534 2629; x_wconf 79' lang='lat' dir='ltr'><strong>occideretur</strong></span> <span class='ocrx_word' id='word_1_180' title='bbox 547 2572 665 2645; x_wconf 81' lang='lat' dir='ltr'><strong>patrea</strong></span> <span class='ocrx_word' id='word_1_181' title='bbox 676 2585 739 2644; x_wconf 81' lang='lat' dir='ltr'><strong>pro</strong></span> <span class='ocrx_word' id='word_1_182' title='bbox 753 2566 847 2645; x_wconf 80' lang='lat' dir='ltr'><strong>filiis,</strong></span> <span class='ocrx_word' id='word_1_183' title='bbox 866 2585 926 2625; x_wconf 83' lang='lat' dir='ltr'><strong>nec</strong></span> <span class='ocrx_word' id='word_1_184' title='bbox 937 2566 1000 2644; x_wconf 82' lang='lat' dir='ltr'><strong>filu·</strong></span> <span class='ocrx_word' id='word_1_185' title='bbox 1012 2586 1075 2645; x_wconf 81' lang='lat' dir='ltr'><strong>pro</strong></span> <span class='ocrx_word' id='word_1_186' title='bbox 1089 2541 1245 2645; x_wconf 74' lang='lat' dir='ltr'><strong>putribus</strong></span> <span class='ocrx_word' id='word_1_187' title='bbox 1253 2612 1266 2646; x_wconf 86' lang='lat'><strong>,</strong></span> <span class='ocrx_word' id='word_1_188' title='bbox 1284 2570 1346 2629; x_wconf 84' lang='lat' dir='ltr'><strong>sed</strong></span> <span class='ocrx_word' id='word_1_189' title='bbox 1358 2573 1525 2650; x_wconf 73' lang='lat' dir='ltr'><strong>unusquis</strong></span> 
     </span>
     <span class='ocr_line' id='line_1_21' title="bbox 345 2678 1525 2759; baseline 0.001 -20"><span class='ocrx_word' id='word_1_190' title='bbox 345 2698 406 2759; x_wconf 86' lang='lat' dir='ltr'><strong>que</strong></span> <span class='ocrx_word' id='word_1_191' title='bbox 419 2698 482 2757; x_wconf 81' lang='lat' dir='ltr'><strong>pro</strong></span> <span class='ocrx_word' id='word_1_192' title='bbox 495 2682 631 2756; x_wconf 81' lang='lat' dir='ltr'><strong>peceato</strong></span> <span class='ocrx_word' id='word_1_193' title='bbox 649 2696 710 2736; x_wconf 79' lang='lat' dir='ltr'><strong>ouo</strong></span> <span class='ocrx_word' id='word_1_194' title='bbox 727 2679 900 2753; x_wconf 83' lang='lat' dir='ltr'><strong>morietur,</strong></span> <span class='ocrx_word' id='word_1_195' title='bbox 919 2678 1042 2735; x_wconf 89' lang='lat' dir='ltr'><strong>nonnisi</strong></span> <span class='ocrx_word' id='word_1_196' title='bbox 1058 2678 1229 2740; x_wconf 88' lang='lat' dir='ltr'><strong>aboliturus</strong></span> <span class='ocrx_word' id='word_1_197' title='bbox 1245 2689 1293 2738; x_wconf 91' lang='lat' dir='ltr'><strong>est</strong></span> <span class='ocrx_word' id='word_1_198' title='bbox 1309 2698 1427 2739; x_wconf 87' lang='lat' dir='ltr'><strong>morem</strong></span> <span class='ocrx_word' id='word_1_199' title='bbox 1445 2681 1525 2740; x_wconf 86' lang='lat' dir='ltr'><strong>illuu</strong></span> 
     </span>
     <span class='ocr_line' id='line_1_22' title="bbox 345 2786 1525 2869; baseline -0.002 -19"><span class='ocrx_word' id='word_1_200' title='bbox 345 2790 396 2869; x_wconf 90' lang='lat' dir='ltr'><strong>qui</strong></span> <span class='ocrx_word' id='word_1_201' title='bbox 410 2790 492 2849; x_wconf 91' lang='lat' dir='ltr'><strong>inter</strong></span> <span class='ocrx_word' id='word_1_202' title='bbox 513 2787 698 2850; x_wconf 88' lang='lat' dir='ltr'><strong>incultiores</strong></span> <span class='ocrx_word' id='word_1_203' title='bbox 718 2789 847 2865; x_wconf 93' lang='lat' dir='ltr'><strong>populos</strong></span> <span class='ocrx_word' id='word_1_204' title='bbox 871 2787 1038 2865; x_wconf 87' lang='lat' dir='ltr'><strong>antiquitus</strong></span> <span class='ocrx_word' id='word_1_205' title='bbox 1055 2788 1172 2867; x_wconf 87' lang='lat' dir='ltr'><strong>viguit,</strong></span> <span class='ocrx_word' id='word_1_206' title='bbox 1188 2789 1220 2848; x_wconf 90' lang='lat' dir='ltr'><strong>iu</strong></span> <span class='ocrx_word' id='word_1_207' title='bbox 1236 2790 1391 2849; x_wconf 89' lang='lat' dir='ltr'><strong>nonnullis</strong></span> <span class='ocrx_word' id='word_1_208' title='bbox 1409 2786 1525 2850; x_wconf 88' lang='lat' dir='ltr'><strong>sceleri</strong></span> 
     </span>
     <span class='ocr_line' id='line_1_23' title="bbox 345 2898 1525 2977; baseline -0.003 -17"><span class='ocrx_word' id='word_1_209' title='bbox 345 2902 404 2960; x_wconf 90' lang='lat' dir='ltr'><strong>bus</strong></span> <span class='ocrx_word' id='word_1_210' title='bbox 431 2899 647 2977; x_wconf 87' lang='lat' dir='ltr'><strong>pergravibus.</strong></span> <span class='ocrx_word' id='word_1_211' title='bbox 662 2916 721 2957; x_wconf 91' lang='lat' dir='ltr'><strong>non</strong></span> <span class='ocrx_word' id='word_1_212' title='bbox 746 2899 845 2957; x_wconf 92' lang='lat' dir='ltr'><strong>solum</strong></span> <span class='ocrx_word' id='word_1_213' title='bbox 862 2898 995 2957; x_wconf 89' lang='lat' dir='ltr'><strong>sceleris</strong></span> <span class='ocrx_word' id='word_1_214' title='bbox 1013 2907 1186 2968; x_wconf 90' lang='lat' dir='ltr'><strong>auctorem,</strong></span> <span class='ocrx_word' id='word_1_215' title='bbox 1205 2917 1310 2958; x_wconf 88' lang='lat' dir='ltr'><strong>verum</strong></span> <span class='ocrx_word' id='word_1_216' title='bbox 1328 2900 1421 2958; x_wconf 90' lang='lat' dir='ltr'><strong>etiam</strong></span> <span class='ocrx_word' id='word_1_217' title='bbox 1438 2899 1525 2975; x_wconf 83' lang='lat' dir='ltr'><strong>proxi</strong></span> 
     </span>
     <span class='ocr_line' id='line_1_24' title="bbox 346 3007 1525 3087; baseline -0.003 -17"><span class='ocrx_word' id='word_1_218' title='bbox 346 3029 413 3070; x_wconf 90' lang='lat' dir='ltr'><strong>mos</strong></span> <span class='ocrx_word' id='word_1_219' title='bbox 435 3010 464 3068; x_wconf 91' lang='lat' dir='ltr'><strong>ei</strong></span> <span class='ocrx_word' id='word_1_220' title='bbox 490 3017 642 3087; x_wconf 87' lang='lat' dir='ltr'><strong>cognatos</strong></span> <span class='ocrx_word' id='word_1_221' title='bbox 665 3016 765 3066; x_wconf 90' lang='lat' dir='ltr'><strong>morte</strong></span> <span class='ocrx_word' id='word_1_222' title='bbox 782 3007 935 3083; x_wconf 86' lang='lat' dir='ltr'><strong>puniendi,</strong></span> <span class='ocrx_word' id='word_1_223' title='bbox 953 3017 1043 3084; x_wconf 88' lang='lat' dir='ltr'><strong>atque</strong></span> <span class='ocrx_word' id='word_1_224' title='bbox 1061 3008 1254 3078; x_wconf 87' lang='lat' dir='ltr'><strong>sanciturus,</strong></span> <span class='ocrx_word' id='word_1_225' title='bbox 1279 3019 1310 3068; x_wconf 91' lang='lat' dir='ltr'><strong>ut</strong></span> <span class='ocrx_word' id='word_1_226' title='bbox 1331 3008 1525 3086; x_wconf 71' lang='lat' dir='ltr'><strong>unusquisqe</strong></span> 
     </span>
     <span class='ocr_line' id='line_1_25' title="bbox 347 3113 1525 3197; baseline -0.001 -17"><span class='ocrx_word' id='word_1_227' title='bbox 347 3131 465 3180; x_wconf 91' lang='lat' dir='ltr'><strong>tantum</strong></span> <span class='ocrx_word' id='word_1_228' title='bbox 481 3139 537 3197; x_wconf 94' lang='lat' dir='ltr'><strong>pro</strong></span> <span class='ocrx_word' id='word_1_229' title='bbox 554 3118 620 3177; x_wconf 90' lang='lat' dir='ltr'><strong>suis</strong></span> <span class='ocrx_word' id='word_1_230' title='bbox 638 3116 818 3177; x_wconf 87' lang='lat' dir='ltr'><strong>criminibus</strong></span> <span class='ocrx_word' id='word_1_231' title='bbox 834 3116 990 3193; x_wconf 81' lang='lat' dir='ltr'><strong>puniatur.</strong></span> <span class='ocrx_word' id='word_1_232' title='bbox 1016 3116 1100 3192; x_wconf 82' lang='lat' dir='ltr'><strong>Quae</strong></span> <span class='ocrx_word' id='word_1_233' title='bbox 1117 3119 1167 3176; x_wconf 89' lang='lat' dir='ltr'><strong>lex</strong></span> <span class='ocrx_word' id='word_1_234' title='bbox 1184 3118 1221 3177; x_wconf 88' lang='lat' dir='ltr'><strong>ad</strong></span> <span class='ocrx_word' id='word_1_235' title='bbox 1236 3113 1420 3195; x_wconf 73' lang='lat' dir='ltr'><strong>drongarius</strong></span> <span class='ocrx_word' id='word_1_236' title='bbox 1434 3117 1525 3179; x_wconf 73' lang='lat' dir='ltr'><strong>tutat</strong></span> 
     </span>
     <span class='ocr_line' id='line_1_26' title="bbox 347 3227 1525 3306; baseline -0.004 -14"><span class='ocrx_word' id='word_1_237' title='bbox 347 3251 425 3302; x_wconf 91' lang='lat' dir='ltr'><strong>cam,</strong></span> <span class='ocrx_word' id='word_1_238' title='bbox 442 3240 475 3291; x_wconf 94' lang='lat' dir='ltr'><strong>ut</strong></span> <span class='ocrx_word' id='word_1_239' title='bbox 491 3248 547 3306; x_wconf 90' lang='lat' dir='ltr'><strong>par</strong></span> <span class='ocrx_word' id='word_1_240' title='bbox 563 3229 638 3298; x_wconf 83' lang='lat' dir='ltr'><strong>luit,</strong></span> <span class='ocrx_word' id='word_1_241' title='bbox 661 3228 894 3306; x_wconf 82' lang='lat' dir='ltr'><strong>gubernandam</strong></span> <span class='ocrx_word' id='word_1_242' title='bbox 920 3228 1108 3286; x_wconf 90' lang='lat' dir='ltr'><strong>solummodo</strong></span> <span class='ocrx_word' id='word_1_243' title='bbox 1134 3228 1221 3298; x_wconf 90' lang='lat' dir='ltr'><strong>data,</strong></span> <span class='ocrx_word' id='word_1_244' title='bbox 1239 3228 1351 3286; x_wconf 90' lang='lat' dir='ltr'><strong>nullam</strong></span> <span class='ocrx_word' id='word_1_245' title='bbox 1368 3227 1525 3289; x_wconf 80' lang='lat' dir='ltr'><strong>necessita</strong></span> 
     </span>
     <span class='ocr_line' id='line_1_27' title="bbox 347 3336 1525 3415; baseline -0.003 -15"><span class='ocrx_word' id='word_1_246' title='bbox 347 3341 445 3400; x_wconf 91' lang='lat' dir='ltr'><strong>dinem</strong></span> <span class='ocrx_word' id='word_1_247' title='bbox 464 3358 534 3400; x_wconf 90' lang='lat' dir='ltr'><strong>eum</strong></span> <span class='ocrx_word' id='word_1_248' title='bbox 549 3346 679 3415; x_wconf 88' lang='lat' dir='ltr'><strong>peceato</strong></span> <span class='ocrx_word' id='word_1_249' title='bbox 697 3336 842 3414; x_wconf 87' lang='lat' dir='ltr'><strong>originali</strong></span> <span class='ocrx_word' id='word_1_250' title='bbox 858 3336 960 3397; x_wconf 89' lang='lat' dir='ltr'><strong>babet.</strong></span> <span class='ocrx_word' id='word_1_251' title='bbox 1000 3337 1046 3396; x_wconf 80' lang='lat' dir='ltr'><strong>Ad</strong></span> <span class='ocrx_word' id='word_1_252' title='bbox 1063 3337 1143 3397; x_wconf 91' lang='lat' dir='ltr'><strong>bunc</strong></span> <span class='ocrx_word' id='word_1_253' title='bbox 1159 3336 1305 3412; x_wconf 87' lang='lat' dir='ltr'><strong>Moysis</strong></span> <span class='ocrx_word' id='word_1_254' title='bbox 1322 3339 1424 3397; x_wconf 90' lang='lat' dir='ltr'><strong>locum</strong></span> <span class='ocrx_word' id='word_1_255' title='bbox 1441 3347 1525 3398; x_wconf 86' lang='lat' dir='ltr'><strong>auter</strong></span> 
     </span>
     <span class='ocr_line' id='line_1_28' title="bbox 344 3439 1525 3528; baseline -0.002 -20"><span class='ocrx_word' id='word_1_256' title='bbox 344 3458 533 3528; x_wconf 87' lang='lat' dir='ltr'><strong>provocatur</strong></span> <span class='ocrx_word' id='word_1_257' title='bbox 548 3442 580 3507; x_wconf 91' lang='lat'><strong>4.</strong></span> <span class='ocrx_word' id='word_1_258' title='bbox 597 3449 677 3524; x_wconf 89' lang='lat' dir='ltr'><strong>Reg.</strong></span> <span class='ocrx_word' id='word_1_259' title='bbox 696 3440 749 3514; x_wconf 88' lang='lat'><strong>14,</strong></span> <span class='ocrx_word' id='word_1_260' title='bbox 766 3439 797 3508; x_wconf 83' lang='lat'><strong>5.</strong></span> <span class='ocrx_word' id='word_1_261' title='bbox 814 3440 857 3515; x_wconf 88' lang='grc'><strong>6.,</strong></span> <span class='ocrx_word' id='word_1_262' title='bbox 874 3445 926 3503; x_wconf 93' lang='lat' dir='ltr'><strong>ubi</strong></span> <span class='ocrx_word' id='word_1_263' title='bbox 942 3443 1101 3515; x_wconf 87' lang='lat' dir='ltr'><strong>narratur,</strong></span> <span class='ocrx_word' id='word_1_264' title='bbox 1122 3446 1279 3505; x_wconf 80' lang='lat' dir='ltr'><strong>Amasiam</strong></span> <span class='ocrx_word' id='word_1_265' title='bbox 1296 3455 1415 3505; x_wconf 90' lang='lat' dir='ltr'><strong>tautum</strong></span> <span class='ocrx_word' id='word_1_266' title='bbox 1431 3464 1525 3507; x_wconf 85' lang='lat' dir='ltr'><strong>servu</strong></span> 
     </span>
     <span class='ocr_line' id='line_1_29' title="bbox 345 3555 1525 3636; baseline -0.001 -18"><span class='ocrx_word' id='word_1_267' title='bbox 345 3556 555 3636; x_wconf 84' lang='lat' dir='ltr'><strong>percussisse,</strong></span> <span class='ocrx_word' id='word_1_268' title='bbox 573 3555 625 3632; x_wconf 88' lang='lat' dir='ltr'><strong>qui</strong></span> <span class='ocrx_word' id='word_1_269' title='bbox 640 3555 865 3614; x_wconf 83' lang='lat' dir='ltr'><strong>interfecerant</strong></span> <span class='ocrx_word' id='word_1_270' title='bbox 880 3556 1016 3633; x_wconf 86' lang='lat' dir='ltr'><strong>Regem,</strong></span> <span class='ocrx_word' id='word_1_271' title='bbox 1039 3564 1159 3630; x_wconf 88' lang='lat' dir='ltr'><strong>patrem</strong></span> <span class='ocrx_word' id='word_1_272' title='bbox 1177 3573 1276 3624; x_wconf 91' lang='lat' dir='ltr'><strong>suum,</strong></span> <span class='ocrx_word' id='word_1_273' title='bbox 1293 3573 1353 3614; x_wconf 89' lang='lat' dir='ltr'><strong>nou</strong></span> <span class='ocrx_word' id='word_1_274' title='bbox 1370 3565 1477 3615; x_wconf 89' lang='lat' dir='ltr'><strong>autem</strong></span> <span class='ocrx_word' id='word_1_275' title='bbox 1493 3574 1525 3618; x_wconf 83' lang='lat' dir='ltr'><strong>at</strong></span> 
     </span>
     <span class='ocr_line' id='line_1_30' title="bbox 347 3659 1525 3742; baseline -0.001 -14"><span class='ocrx_word' id='word_1_276' title='bbox 347 3667 461 3728; x_wconf 88' lang='lat' dir='ltr'><strong>cidisse</strong></span> <span class='ocrx_word' id='word_1_277' title='bbox 479 3683 586 3724; x_wconf 90' lang='lat' dir='ltr'><strong>eorum</strong></span> <span class='ocrx_word' id='word_1_278' title='bbox 603 3663 695 3732; x_wconf 91' lang='lat' dir='ltr'><strong>filios,</strong></span> <span class='ocrx_word' id='word_1_279' title='bbox 712 3664 793 3722; x_wconf 92' lang='lat' dir='ltr'><strong>illius</strong></span> <span class='ocrx_word' id='word_1_280' title='bbox 810 3664 893 3742; x_wconf 90' lang='lat' dir='ltr'><strong>legis</strong></span> <span class='ocrx_word' id='word_1_281' title='bbox 910 3683 1089 3724; x_wconf 88' lang='lat' dir='ltr'><strong>memorem.</strong></span> <span class='ocrx_word' id='word_1_282' title='bbox 1118 3665 1205 3741; x_wconf 82' lang='lat' dir='ltr'><strong>Apud</strong></span> <span class='ocrx_word' id='word_1_283' title='bbox 1222 3664 1474 3725; x_wconf 81' lang='lat' dir='ltr'><strong>Ezechielem</strong></span> <span class='ocrx_word' id='word_1_284' title='bbox 1492 3659 1525 3727; x_wconf 73' lang='lat' dir='ltr'><strong>li</strong></span> 
     </span>
     <span class='ocr_line' id='line_1_31' title="bbox 345 3771 1525 3852; baseline -0.002 -17"><span class='ocrx_word' id='word_1_285' title='bbox 345 3771 400 3836; x_wconf 81' lang='lat'><strong>20.</strong></span> <span class='ocrx_word' id='word_1_286' title='bbox 417 3784 466 3833; x_wconf 92' lang='lat' dir='ltr'><strong>est</strong></span> <span class='ocrx_word' id='word_1_287' title='bbox 483 3792 586 3831; x_wconf 90' lang='lat' dir='ltr'><strong>sermo</strong></span> <span class='ocrx_word' id='word_1_288' title='bbox 604 3772 641 3830; x_wconf 90' lang='lat' dir='ltr'><strong>dc</strong></span> <span class='ocrx_word' id='word_1_289' title='bbox 657 3772 765 3848; x_wconf 90' lang='lat' dir='ltr'><strong>poenis</strong></span> <span class='ocrx_word' id='word_1_290' title='bbox 781 3782 982 3849; x_wconf 87' lang='lat' dir='ltr'><strong>peccatorum</strong></span> <span class='ocrx_word' id='word_1_291' title='bbox 999 3774 1217 3849; x_wconf 88' lang='lat' dir='ltr'><strong>personalium,</strong></span> <span class='ocrx_word' id='word_1_292' title='bbox 1236 3792 1313 3851; x_wconf 90' lang='lat' dir='ltr'><strong>quae</strong></span> <span class='ocrx_word' id='word_1_293' title='bbox 1331 3792 1423 3852; x_wconf 89' lang='lat' dir='ltr'><strong>quum</strong></span> <span class='ocrx_word' id='word_1_294' title='bbox 1441 3784 1525 3835; x_wconf 85' lang='lat' dir='ltr'><strong>trans</strong></span> 
     </span>
     <span class='ocr_line' id='line_1_32' title="bbox 346 3882 1525 3963; baseline 0.001 -20"><span class='ocrx_word' id='word_1_295' title='bbox 346 3884 425 3943; x_wconf 78' lang='lat' dir='ltr'><strong>ferri</strong></span> <span class='ocrx_word' id='word_1_296' title='bbox 454 3883 485 3941; x_wconf 92' lang='lat' dir='ltr'><strong>iu</strong></span> <span class='ocrx_word' id='word_1_297' title='bbox 518 3882 594 3941; x_wconf 84' lang='lat' dir='ltr'><strong>alios</strong></span> <span class='ocrx_word' id='word_1_298' title='bbox 617 3882 835 3963; x_wconf 82' lang='lat' dir='ltr'><strong>nonpossint,</strong></span> <span class='ocrx_word' id='word_1_299' title='bbox 858 3883 950 3942; x_wconf 87' lang='lat' dir='ltr'><strong>etiam</strong></span> <span class='ocrx_word' id='word_1_300' title='bbox 972 3902 1087 3960; x_wconf 87' lang='lat' dir='ltr'><strong>poenas</strong></span> <span class='ocrx_word' id='word_1_301' title='bbox 1104 3884 1134 3940; x_wconf 93' lang='lat' dir='ltr'><strong>in</strong></span> <span class='ocrx_word' id='word_1_302' title='bbox 1152 3885 1275 3942; x_wconf 90' lang='lat' dir='ltr'><strong>eosdem</strong></span> <span class='ocrx_word' id='word_1_303' title='bbox 1294 3900 1353 3941; x_wconf 90' lang='lat' dir='ltr'><strong>non</strong></span> <span class='ocrx_word' id='word_1_304' title='bbox 1371 3884 1525 3959; x_wconf 81' lang='lat' dir='ltr'><strong>trajiciuu</strong></span> 
     </span>
     <span class='ocr_line' id='line_1_33' title="bbox 345 3990 1525 4074; baseline 0.001 -21"><span class='ocrx_word' id='word_1_305' title='bbox 345 3994 413 4053; x_wconf 75' lang='lat' dir='ltr'><strong>Alio</strong></span> <span class='ocrx_word' id='word_1_306' title='bbox 430 3992 518 4051; x_wconf 91' lang='lat' dir='ltr'><strong>modo</strong></span> <span class='ocrx_word' id='word_1_307' title='bbox 536 4011 570 4050; x_wconf 92' lang='lat' dir='ltr'><strong>se</strong></span> <span class='ocrx_word' id='word_1_308' title='bbox 586 4010 640 4050; x_wconf 92' lang='lat' dir='ltr'><strong>res</strong></span> <span class='ocrx_word' id='word_1_309' title='bbox 656 3990 749 4050; x_wconf 89' lang='lat' dir='ltr'><strong>habet</strong></span> <span class='ocrx_word' id='word_1_310' title='bbox 764 3992 794 4050; x_wconf 92' lang='lat' dir='ltr'><strong>in</strong></span> <span class='ocrx_word' id='word_1_311' title='bbox 811 4004 939 4068; x_wconf 86' lang='lat' dir='ltr'><strong>peccato</strong></span> <span class='ocrx_word' id='word_1_312' title='bbox 957 3994 1101 4074; x_wconf 89' lang='lat' dir='ltr'><strong>originis,</strong></span> <span class='ocrx_word' id='word_1_313' title='bbox 1119 3994 1196 4072; x_wconf 91' lang='lat' dir='ltr'><strong>quod</strong></span> <span class='ocrx_word' id='word_1_314' title='bbox 1207 4012 1297 4071; x_wconf 87' lang='lat' dir='ltr'><strong>quum</strong></span> <span class='ocrx_word' id='word_1_315' title='bbox 1307 3993 1525 4055; x_wconf 83' lang='lat' dir='ltr'><strong>transmittitur</strong></span> 
     </span>
     <span class='ocr_line' id='line_1_34' title="bbox 347 4102 1525 4179; baseline 0.001 -18"><span class='ocrx_word' id='word_1_316' title='bbox 347 4103 439 4162; x_wconf 89' lang='lat' dir='ltr'><strong>etiam</strong></span> <span class='ocrx_word' id='word_1_317' title='bbox 461 4119 590 4178; x_wconf 89' lang='lat' dir='ltr'><strong>poenam</strong></span> <span class='ocrx_word' id='word_1_318' title='bbox 606 4102 769 4160; x_wconf 84' lang='lat' dir='ltr'><strong>transfert.</strong></span> <span class='ocrx_word' id='word_1_319' title='bbox 795 4104 938 4161; x_wconf 79' lang='lat' dir='ltr'><strong>Attamen</strong></span> <span class='ocrx_word' id='word_1_320' title='bbox 968 4104 1058 4162; x_wconf 89' lang='lat' dir='ltr'><strong>etiam</strong></span> <span class='ocrx_word' id='word_1_321' title='bbox 1086 4111 1248 4179; x_wconf 90' lang='lat' dir='ltr'><strong>peccatum</strong></span> <span class='ocrx_word' id='word_1_322' title='bbox 1278 4103 1362 4160; x_wconf 79' lang='lat' dir='ltr'><strong>Adae</strong></span> <span class='ocrx_word' id='word_1_323' title='bbox 1390 4113 1525 4179; x_wconf 83' lang='lat' dir='ltr'><strong>quatenu</strong></span> 
     </span>
     <span class='ocr_line' id='line_1_35' title="bbox 347 4209 1525 4290; baseline -0.001 -20"><span class='ocrx_word' id='word_1_324' title='bbox 347 4221 396 4271; x_wconf 88' lang='lat' dir='ltr'><strong>est</strong></span> <span class='ocrx_word' id='word_1_325' title='bbox 411 4213 585 4287; x_wconf 89' lang='lat' dir='ltr'><strong>personale,</strong></span> <span class='ocrx_word' id='word_1_326' title='bbox 601 4211 690 4269; x_wconf 89' lang='lat' dir='ltr'><strong>uobis</strong></span> <span class='ocrx_word' id='word_1_327' title='bbox 706 4209 786 4269; x_wconf 89' lang='lat' dir='ltr'><strong>haud</strong></span> <span class='ocrx_word' id='word_1_328' title='bbox 802 4211 982 4288; x_wconf 90' lang='lat' dir='ltr'><strong>imputatur,</strong></span> <span class='ocrx_word' id='word_1_329' title='bbox 1001 4214 1055 4272; x_wconf 93' lang='lat' dir='ltr'><strong>sed</strong></span> <span class='ocrx_word' id='word_1_330' title='bbox 1072 4222 1224 4289; x_wconf 90' lang='lat' dir='ltr'><strong>quatenus</strong></span> <span class='ocrx_word' id='word_1_331' title='bbox 1236 4221 1285 4270; x_wconf 92' lang='lat' dir='ltr'><strong>est</strong></span> <span class='ocrx_word' id='word_1_332' title='bbox 1295 4211 1464 4290; x_wconf 88' lang='lat' dir='ltr'><strong>originale,</strong></span> <span class='ocrx_word' id='word_1_333' title='bbox 1481 4213 1525 4272; x_wconf 82' lang='lat' dir='ltr'><strong>is</strong></span> 
     </span>
     <span class='ocr_line' id='line_1_36' title="bbox 344 4319 1525 4401; baseline 0.001 -22"><span class='ocrx_word' id='word_1_334' title='bbox 344 4320 423 4382; x_wconf 89' lang='lat' dir='ltr'><strong>vitio</strong></span> <span class='ocrx_word' id='word_1_335' title='bbox 440 4322 569 4401; x_wconf 90' lang='lat' dir='ltr'><strong>generis</strong></span> <span class='ocrx_word' id='word_1_336' title='bbox 585 4319 710 4380; x_wconf 87' lang='lat' dir='ltr'><strong>humaui</strong></span> <span class='ocrx_word' id='word_1_337' title='bbox 726 4321 757 4379; x_wconf 92' lang='lat' dir='ltr'><strong>in</strong></span> <span class='ocrx_word' id='word_1_338' title='bbox 775 4340 831 4381; x_wconf 87' lang='lat' dir='ltr'><strong>sua</strong></span> <span class='ocrx_word' id='word_1_339' title='bbox 848 4322 970 4400; x_wconf 84' lang='lat' dir='ltr'><strong>origine</strong></span> <span class='ocrx_word' id='word_1_340' title='bbox 988 4342 1042 4381; x_wconf 90' lang='lat' dir='ltr'><strong>seu</strong></span> <span class='ocrx_word' id='word_1_341' title='bbox 1060 4323 1090 4380; x_wconf 93' lang='lat' dir='ltr'><strong>in</strong></span> <span class='ocrx_word' id='word_1_342' title='bbox 1109 4341 1164 4381; x_wconf 90' lang='lat' dir='ltr'><strong>suo</strong></span> <span class='ocrx_word' id='word_1_343' title='bbox 1184 4323 1283 4400; x_wconf 89' lang='lat' dir='ltr'><strong>capite</strong></span> <span class='ocrx_word' id='word_1_344' title='bbox 1296 4323 1459 4381; x_wconf 89' lang='lat' dir='ltr'><strong>moraliter</strong></span> <span class='ocrx_word' id='word_1_345' title='bbox 1472 4339 1525 4383; x_wconf 88' lang='lat' dir='ltr'><strong>con</strong></span> 
     </span>
     <span class='ocr_line' id='line_1_37' title="bbox 345 4431 1525 4510; baseline 0 -20"><span class='ocrx_word' id='word_1_346' title='bbox 345 4441 490 4500; x_wconf 89' lang='lat' dir='ltr'><strong>tractum,</strong></span> <span class='ocrx_word' id='word_1_347' title='bbox 508 4431 545 4489; x_wconf 94' lang='lat' dir='ltr'><strong>ob</strong></span> <span class='ocrx_word' id='word_1_348' title='bbox 564 4431 641 4507; x_wconf 86' lang='lat' dir='ltr'><strong>quod</strong></span> <span class='ocrx_word' id='word_1_349' title='bbox 659 4431 767 4489; x_wconf 89' lang='lat' dir='ltr'><strong>deiude</strong></span> <span class='ocrx_word' id='word_1_350' title='bbox 785 4441 940 4509; x_wconf 84' lang='lat' dir='ltr'><strong>tamquam</strong></span> <span class='ocrx_word' id='word_1_351' title='bbox 957 4434 1045 4492; x_wconf 93' lang='lat' dir='ltr'><strong>nobis</strong></span> <span class='ocrx_word' id='word_1_352' title='bbox 1061 4433 1237 4510; x_wconf 92' lang='lat' dir='ltr'><strong>proprium,</strong></span> <span class='ocrx_word' id='word_1_353' title='bbox 1264 4451 1323 4491; x_wconf 94' lang='lat' dir='ltr'><strong>non</strong></span> <span class='ocrx_word' id='word_1_354' title='bbox 1347 4442 1450 4491; x_wconf 89' lang='lat' dir='ltr'><strong>autem</strong></span> <span class='ocrx_word' id='word_1_355' title='bbox 1467 4442 1525 4492; x_wconf 89' lang='lat' dir='ltr'><strong>tam</strong></span> 
     </span>
     <span class='ocr_line' id='line_1_38' title="bbox 346 4540 1525 4620; baseline 0.001 -21"><span class='ocrx_word' id='word_1_356' title='bbox 346 4558 434 4617; x_wconf 89' lang='lat' dir='ltr'><strong>quam</strong></span> <span class='ocrx_word' id='word_1_357' title='bbox 451 4540 582 4599; x_wconf 90' lang='lat' dir='ltr'><strong>alienum</strong></span> <span class='ocrx_word' id='word_1_358' title='bbox 599 4541 708 4616; x_wconf 90' lang='lat' dir='ltr'><strong>poenis</strong></span> <span class='ocrx_word' id='word_1_359' title='bbox 725 4541 917 4615; x_wconf 89' lang='lat' dir='ltr'><strong>subjicimur,</strong></span> <span class='ocrx_word' id='word_1_360' title='bbox 934 4552 969 4601; x_wconf 93' lang='lat' dir='ltr'><strong>ut</strong></span> <span class='ocrx_word' id='word_1_361' title='bbox 984 4561 1080 4620; x_wconf 87' lang='lat' dir='ltr'><strong>supra</strong></span> <span class='ocrx_word' id='word_1_362' title='bbox 1097 4543 1162 4618; x_wconf 82' lang='lat' dir='ltr'><strong>jam</strong></span> <span class='ocrx_word' id='word_1_363' title='bbox 1184 4542 1357 4618; x_wconf 88' lang='lat' dir='ltr'><strong>expositum</strong></span> <span class='ocrx_word' id='word_1_364' title='bbox 1381 4552 1441 4602; x_wconf 90' lang='lat' dir='ltr'><strong>est.</strong></span> <span class='ocrx_word' id='word_1_365' title='bbox 1466 4543 1525 4601; x_wconf 85' lang='lat' dir='ltr'><strong>Pot</strong></span> 
     </span>
    </p>
   </div>
   <div class='ocr_carea' id='block_1_3' title="bbox 1489 4684 1495 4715">
    <p class='ocr_par' dir='ltr' id='par_1_4' title="bbox 1489 4684 1495 4715">
     <span class='ocr_line' id='line_1_39' title="bbox 1489 4684 1495 4715; baseline 0 0"><span class='ocrx_word' id='word_1_366' title='bbox 1489 4684 1495 4715; x_wconf 82' lang='lat' dir='ltr'><strong>l</strong></span> 
     </span>
    </p>
   </div>
   <div class='ocr_carea' id='block_1_4' title="bbox 347 4748 1525 4944">
    <p class='ocr_par' dir='ltr' id='par_1_5' title="bbox 347 4748 1525 4944">
     <span class='ocr_line' id='line_1_40' title="bbox 347 4748 1525 4926; baseline 0 -90"><span class='ocrx_word' id='word_1_367' title='bbox 347 4865 360 4922; x_wconf 66' lang='lat' dir='ltr'><em>l</em></span> <span class='ocrx_word' id='word_1_368' title='bbox 451 4748 920 4926; x_wconf 41' lang='lat' dir='ltr'><strong>ffiffenam‘l‘mn&#39;ss‘</strong></span> <span class='ocrx_word' id='word_1_369' title='bbox 938 4781 987 4838; x_wconf 86' lang='lat'><strong>12.</strong></span> <span class='ocrx_word' id='word_1_370' title='bbox 1006 4799 1036 4859; x_wconf 91' lang='lat' dir='ltr'><strong>p.</strong></span> <span class='ocrx_word' id='word_1_371' title='bbox 1056 4774 1129 4840; x_wconf 85' lang='lat'>130.</span> <span class='ocrx_word' id='word_1_372' title='bbox 1148 4813 1189 4822; x_wconf 95' lang='lat'><em>-</em></span> <span class='ocrx_word' id='word_1_373' title='bbox 1210 4777 1235 4856; x_wconf 82' lang='lat'><strong>²)</strong></span> <span class='ocrx_word' id='word_1_374' title='bbox 1253 4775 1525 4857; x_wconf 86' lang='lat' dir='ltr'><strong>Wagscbeidet</strong></span> 
     </span>
     <span class='ocr_line' id='line_1_41' title="bbox 359 4883 549 4944; baseline 0.005 -19"><span class='ocrx_word' id='word_1_375' title='bbox 359 4883 408 4927; x_wconf 76' lang='lat' dir='ltr'><strong>,u</strong></span> <span class='ocrx_word' id='word_1_376' title='bbox 426 4884 455 4944; x_wconf 87' lang='lat' dir='ltr'><strong>p.</strong></span> <span class='ocrx_word' id='word_1_377' title='bbox 542 4912 549 4926; x_wconf 89' lang='lat'><strong>.</strong></span> 
     </span>
    </p>
   </div>
   <div class='ocr_carea' id='block_1_5' title="bbox 0 0 1895 5625">
    <p class='ocr_par' dir='ltr' id='par_1_6' title="bbox 0 0 1895 5625">
     <span class='ocr_line' id='line_1_42' title="bbox 0 0 1895 5625; baseline 0 0"><span class='ocrx_word' id='word_1_378' title='bbox 0 0 1895 5625; x_wconf 95' lang='lat' dir='ltr'><strong> </strong></span> 
     </span>
    </p>
   </div>
  </div>
 </body>
</html>
