3775 5625
346 419 411 495 tat

344 578 529 680 conjunctio
546 591 630 657 inter
645 592 800 657 Adamum
817 589 934 676 atejus
950 599 1103 674 posteros
1119 589 1224 675 quom
1240 586 1400 654 moriendi
1419 608 1521 654 neces

344 703 471 769 sitatem
503 713 612 787 aperte
644 700 752 765 iocum
783 721 848 764 non
879 698 1085 777 obtinerct¹).
1125 696 1276 763 Ceterum
1297 697 1357 762 suh
1380 696 1521 763 mortei

344 823 458 876 nostro
489 813 562 875 ioco
581 830 697 875 revera
719 821 855 874 mortem
879 807 1029 893 eorporis
1056 828 1114 871 seu
1130 806 1289 871 moriendi
1304 806 1521 872 necessitates

344 910 487 1008 intelligi,
503 940 546 986 ex
562 918 871 1005 doctrina-Apostoli
888 918 1017 982 dubium
1033 937 1108 982 esse
1124 915 1232 1003 nequit
1239 921 1277 996 ²).
1318 917 1403 980 Tum
1418 915 1521 981 Paula

343 1030 463 1106 verbis,
487 1038 521 1093 ἐπ
542 1053 622 1115 quo,
645 1028 665 1094 i.
682 1050 710 1094 e.
729 1028 802 1115 quia
816 1028 848 1092 in
865 1027 930 1102 iilo,
948 1049 1060 1091 omnes
1071 1035 1304 1109 peccaverunt,
1320 1020 1366 1103 ἐφ’
1389 1014 1414 1102 ai
1432 1019 1521 1086 πώηι

342 1133 474 1220 ἥμαρτον
489 1139 609 1205 diserte
626 1141 776 1214 declarat,
793 1159 854 1203 nos
872 1157 986 1201 omnes
1001 1136 1035 1200 in
1051 1137 1152 1200 Adam
1168 1156 1333 1221 peccasse.
1359 1134 1397 1199 si
1413 1133 1521 1200 veroi

343 1252 445 1315 Adam
461 1270 573 1314 omncs
589 1247 805 1333 peccavimus,
821 1246 934 1334 negari
956 1269 1020 1311 non
1041 1258 1166 1331 potest,
1187 1258 1354 1331 peccatum
1375 1263 1521 1332 propaga

344 1358 431 1423 tione
447 1360 486 1424 ab
500 1360 611 1433 Adam,
628 1379 690 1444 qua
704 1357 851 1423 homines
862 1356 1032 1431 efficimur,
1043 1356 1143 1421 innos
1159 1354 1347 1420 transfundi.
1360 1356 1437 1420 Non
1455 1351 1521 1419 enit

346 1469 397 1555 qui
428 1470 585 1534 Adamum
605 1469 770 1553 peccando
791 1467 973 1541 imitantur,
1004 1465 1037 1530 in
1057 1466 1110 1531 iilo
1131 1486 1290 1551 peccasse
1307 1463 1372 1529 diei
1388 1483 1521 1549 possuts

345 1579 402 1643 aad
422 1577 475 1665 qui
497 1590 671 1663 propterca
693 1590 861 1663 peccatum
876 1578 1009 1651 habent,
1040 1576 1112 1663 quia
1133 1597 1176 1641 ex
1190 1576 1263 1661 ipso
1279 1586 1473 1649 nascuntur,
1488 1593 1521 1660 qt

345 1700 593 1774 compesceret,
609 1708 670 1752 nos
687 1708 810 1762 omnes,
826 1686 859 1751 in
874 1686 947 1772 ipso
963 1699 1078 1751 nostro
1095 1686 1198 1772 capite
1215 1684 1393 1751 constituto
1409 1684 1521 1750 morat

345 1811 395 1863 ter
410 1818 468 1863 scu
486 1796 686 1886 originaliter
702 1796 909 1872 exsistentes,
926 1808 1118 1883 peccatores
1135 1795 1309 1861 constituit.

453 1912 571 1971 (lontra
588 1920 804 1990 argumentum
821 1910 879 1969 hoc
904 1910 1025 1987 quidem
1046 1911 1223 1990 elimarent,
1245 1908 1430 1986 particulam
1446 1892 1521 1981 ips*

344 2040 399 2097 per
421 2026 456 2080 r‘rr
472 2039 536 2097 quo
551 2020 634 2080 verti
650 2039 708 2079 non
724 2039 829 2096 passe,
848 2037 938 2096 quum
960 2038 1126 2096 pronomen
1152 2020 1316 2078 retativum
1333 2018 1373 2078 ad
1393 2018 1521 2077 substat·

346 2130 441 2189 tivum
459 2130 629 2206 proximum
647 2148 770 2207 semper
787 2131 955 2210 referatur,
973 2140 1004 2190 et
1019 2139 1185 2206 praeterea
1202 2128 1394 2206 praepositio
1410 2120 1520 2186 inies·

345 2238 447 2298 dativo
465 2258 618 2317 nunquam
635 2258 691 2316 pro
708 2240 739 2299 tr
753 2250 901 2317 ponatur,
923 2241 978 2300 sed
1000 2240 1261 2318 significationem
1283 2256 1398 2299 causae
1415 2237 1521 2304 natet.

345 2348 390 2406 ita
407 2357 441 2407 ut
455 2339 501 2421 ἐφ’
519 2333 544 2419 ᾦ
560 2349 663 2426 potius
684 2367 741 2426 per
763 2366 816 2429 eo,
838 2354 941 2427 quod,
966 2367 1023 2407 seu
1046 2352 1123 2425 quia
1139 2348 1351 2425 explicandum
1367 2347 1418 2406 sit.
1449 2348 1521 2406 Atta·

346 2474 414 2515 men
436 2466 600 2535 utrumque
625 2459 703 2517 tatso
727 2459 890 2529 statuitur;
923 2477 1012 2535 quum
1036 2476 1203 2535 pronomen
1230 2458 1396 2517 reiativum
1419 2463 1521 2516 tantan

345 2575 418 2625 tune
441 2566 478 2624 ad
500 2567 626 2643 propius
656 2567 882 2626 substantivum
907 2568 1103 2627 referendum
1120 2567 1176 2636 sit,
1194 2567 1313 2644 quando
1330 2584 1424 2626 secus
1441 2561 1521 2625 antii·

345 2675 449 2753 guitas
465 2676 612 2745 oriretur,
629 2686 682 2735 aut
697 2678 798 2736 iactor
814 2676 844 2734 in
861 2676 1220 2746 erroreminduceretur‚
1236 2683 1521 2753 nequaquamautet!

345 2784 449 2855 etiam,
471 2785 606 2862 quando,
622 2794 655 2845 ut
672 2784 721 2846 hic
738 2785 814 2856 loci,
830 2803 886 2862 pro
903 2785 1085 2862 pronomine
1102 2784 1346 2845 demonstrativo
1362 2781 1521 2862 ponitur).

347 2903 377 2952 et
394 2895 432 2952 ad
448 2896 675 2955 substantivum
697 2897 839 2974 propius,
856 2895 906 2955 hic
922 2887 1059 2961 θάνατος
1074 2897 1123 2953 vel
1140 2887 1279 2975 ἁμαρτία,
1297 2905 1404 2971 aperte
1422 2892 1521 2953 reiers'.

347 3004 489 3080 nequit⁴)
497 3025 506 3074 3
523 3013 613 3081 atque
626 3023 716 3082 quum
729 3003 918 3083 praepositio
929 3003 977 3064 rut
987 3022 1043 3080 pro
1060 2997 1090 3060 ir
1106 3004 1207 3081 posita
1223 3004 1253 3062 in
1265 3006 1302 3066 N.
1315 3007 1355 3069 ’1.
1367 2996 1519 3080 saepiut‘)

348 3112 408 3171 imo
425 3114 456 3171 in
474 3113 540 3189 ipso
558 3124 666 3173 nostro
683 3115 782 3191 capite
799 3113 904 3173 statim
916 3115 1014 3172 altero
1026 3131 1119 3172 versu
1131 3114 1273 3190 sequenti
1282 3112 1521 3189 deprehendatur

352 3221 498 3283 ceterum
520 3223 709 3303 significatio
737 3243 850 3284 causae
872 3224 964 3283 etiam
984 3224 1016 3282 in
1032 3223 1178 3282 versione
1195 3223 1354 3302 Vulgataa
1370 3221 1424 3280 τοῦ
1447 3208 1521 3294 ip'fl

348 3350 405 3409 per
426 3337 544 3410 iraque
561 3335 591 3392 in
609 3353 715 3403 sensu,
732 3338 809 3411 quia
823 3338 859 3394 in
875 3337 932 3394 illo
950 3352 1005 3392 seu
1019 3352 1081 3411 per
1096 3329 1243 3405 illuat⁶),
1266 3351 1355 3410 quem
1377 3334 1521 3392 contestu!

349 3444 499 3513 postulat,
522 3462 673 3520 expressa
694 3445 883 3520 conspicitur
894 3441 933 3516 ⁷).
973 3445 1142 3502 Praeterea
1157 3442 1376 3519 interpretatio
1392 3440 1465 3523 haec
1478 3444 1521 3514 1⁸¹

351 3560 528 3610 contextum
559 3553 736 3630 flagitatur,
770 3553 848 3612 uude
873 3553 933 3623 itti,
972 3553 1023 3630 qui
1053 3536 1143 3624 irp’oi
1179 3570 1235 3628 per
1267 3569 1316 3622 eo,
1355 3555 1521 3628 quadret·

351 3668 434 3730 tunt,
457 3657 487 3715 ἐν
504 3660 546 3731 τῷ
567 3655 609 3715 ἑνὶ
624 3663 822 3738 supplendum
847 3681 929 3732 esse,
962 3671 1101 3721 statuere
1119 3657 1324 3740 coguntur⁸),
1350 3671 1381 3720 at
1403 3659 1461 3720 88.
1474 3656 1521 3715 ΡΙ

443 3862 472 3938 ¹)
489 3857 534 3922 ct.
552 3859 783 3942 Berlepsch,
799 3862 976 3940 Anthropol.
995 3861 1108 3925 Christ
1125 3864 1286 3938 Dopmuta.
1306 3857 1404 3923 1842.
1421 3881 1449 3941 p.
1464 3849 1521 3919 161

354 3987 394 3995 -—
414 3956 445 4026 ²)
462 3950 508 4014 cf.
525 3951 612 4012 Rom.
630 3948 662 4023 8,
681 3950 733 4017 10.
757 3952 786 4013 1.
808 3951 878 4014 Cor.
898 3951 949 4026 15,
966 3949 1022 4013 21.
1040 3987 1082 3998 -
1100 3955 1128 4031 ³)
1145 3953 1317 4014 Pronomen
1338 3942 1521 4013 relativum&

352 4062 463 4122 graeco
486 4051 519 4101 ut
541 4043 571 4101 in
594 4041 689 4102 latino
705 4064 762 4124 pro
779 4047 954 4122 pronomine
971 4043 1208 4104 demonstrativo
1231 4065 1298 4104 cum
1313 4043 1458 4124 particula
1470 4048 1521 4099 cat:

356 4133 412 4192 sali
428 4133 477 4192 vei
505 4134 665 4193 transitiva
686 4135 772 4213 poni,
794 4134 929 4194 omnibus
955 4136 1074 4214 linguae
1098 4135 1186 4214 hujus
1202 4136 1306 4214 gnaris
1322 4135 1468 4214 cognitum
1480 4138 1521 4188 ΒΓ

354 4221 446 4286 (lons.
462 4223 561 4303 ituit,
585 4223 700 4305 (tricet
718 4225 853 4289 (trama
870 4223 900 4287 5.
916 4226 955 4288 il.
973 4223 1111 4305 (iitting.
1126 4247 1156 4304 p.
1174 4224 1241 4288 464
1257 4227 1308 4305 Ej.
1326 4225 1521 4306 &steterumt

354 4313 403 4376 ber
430 4316 530 4394 prieti.
560 4315 704 4394 &praeite
730 4313 868 4395 mittiue.
898 4313 996 4378 1844.
1013 4338 1042 4396 p.
1058 4313 1135 4379 476.
1158 4317 1202 4378 Cf.
1219 4319 1308 4377 Rom.
1329 4315 1381 4390 13,
1398 4313 1448 4379 25.
1462 4303 1521 4373 Ρ1ἰ

354 4403 386 4477 2,
402 4402 433 4466 9.
451 4439 493 4450 -
512 4406 537 4484 ⁴)
554 4404 599 4468 Oi.
616 4405 809 4486 iiteittpmat)
821 4425 868 4469 er.
886 4408 1049 4472 &emmens
1066 4426 1127 4488 pum
1139 4407 1196 4471 ὢν.
1214 4427 1251 4470 at
1268 4412 1295 4471 t.
1312 4408 1401 4474 iiiior.
1413 4397 1521 4486 tereti

354 4495 428 4576 nr,
458 4492 554 4557 1845.
578 4497 621 4559 e.
643 4493 710 4561 244
731 4499 752 4575 f.
784 4534 827 4543 -
863 4497 887 4580 5)
910 4498 955 4560 of.
979 4499 1071 4560 nare.
1090 4496 1120 4570 2,
1142 4496 1173 4560 4.
1205 4501 1299 4561 neat.
1321 4495 1352 4575 a,
1378 4497 1420 4561 10
1439 4506 1465 4559 e
1482 4478 1521 4552 1·

354 4583 502 4669 2.Cor.9,
519 4584 549 4648 6.
569 4621 610 4630 -
630 4588 656 4666 ⁶)
675 4588 760 4651 etv.
780 4585 830 4651 18.
850 4586 900 4650 19.
920 4591 948 4650 l.
967 4581 1491 4662 cor.15,2t.1ren.Attenuant.
1512 4607 1521 4671 ⁴.

356 4696 381 4737 e.
399 4679 448 4738 16.
464 4698 495 4739 n.
511 4680 541 4738 3.
557 4699 588 4758 p.
605 4676 681 4741 313.
700 4715 741 4724 -
763 4676 787 4764 ⁷)
805 4677 851 4739 cf.
867 4680 945 4740 Luc.
962 4677 993 4752 4,
1010 4677 1041 4740 4.
1059 4680 1165 4742 Matth.
1186 4678 1236 4756 19,
1254 4677 1285 4744 9.
1305 4679 1334 4744 l.
1360 4669 1502 4758 Canii

356 4767 489 4919 Ppgipp.
516 4764 553 4842 2,
578 4765 629 4829 lt.
652 4768 682 4842 3,
707 4767 758 4830 12.
780 4766 811 4843 4,
839 4767 888 4831 10.
924 4807 963 4815 -
1000 4766 1025 4855 ⁸)
1048 4769 1093 4829 Of.
1118 4771 1341 4853 Berlepsch,
1364 4794 1411 4855 op.
1432 4770 1521 4844 cpfli

359 4856 373 4917 1
439 4879 463 4921 a.
