3775 5625
342 443 410 509 464

343 606 392 671 bis
409 618 574 690 operatum
600 627 670 668 cum
695 617 799 668 autem
824 605 985 678 volumus,
1011 617 1043 667 et
1069 604 1117 669 sic
1140 607 1302 679 telumue,
1319 619 1355 669 ut
1374 606 1524 678 faciamus.

343 714 512 779 nobiscum
528 727 728 798 cooperatur.
763 717 865 798 Atque
881 725 1055 798 propterea

455 827 491 888 0.
507 824 691 888 Ecclesia
707 822 894 896 declaravit,
910 826 1056 886 homines
1071 829 1285 903 adjustitiam
1300 831 1445 908 disponi,
1462 836 1522 890 dun

340 940 476 1014 pratia⁴
506 939 738 997 excitantur
760 945 798 995 et
819 936 1115 1012 odjuoaatbr¹);
1148 944 1241 1016 atque
1264 932 1369 996 Deum
1391 946 1477 1009 orat,
1498 950 1524 999 ut

344 1050 487 1109 actiones
501 1055 632 1106 nostros
647 1047 822 1121 aspirando
835 1048 1039 1123 praeveniat,
1051 1055 1083 1104 et
1098 1047 1282 1122 offeranda
1296 1056 1521 1124 prosequentum

342 1158 489 1217 almodis
504 1157 723 1230 deceptritum
754 1156 933 1231 capitanei,
968 1173 1050 1230 puae
1066 1164 1156 1214 recta
1172 1165 1263 1233 aunt,
1290 1164 1323 1215 et
1341 1158 1476 1232 agrena&
1496 1166 1522 1217 ot

343 1284 404 1326 nos
417 1268 526 1341 pratia
542 1282 665 1340 semper
678 1265 880 1340 praeveniat,
899 1272 931 1323 et
945 1273 1114 1341 sequatur,
1132 1272 1202 1324 etc..
1229 1261 1373 1325 Tandem
1388 1260 1472 1325 idem

452 1374 493 1433 D.
515 1368 585 1454 ipsa
601 1368 648 1433 rei
665 1380 777 1432 natura
792 1389 849 1432 scu
867 1389 947 1432 sana
965 1368 1066 1431 ratio
1091 1371 1248 1453 postulat,
1264 1382 1314 1444 ut,
1332 1371 1518 1455 quemadmo-

344 1482 418 1544 dum
434 1499 512 1542 vera
527 1499 566 1542 ac
582 1477 712 1562 propria
727 1476 849 1564 gratiae
874 1476 1105 1542 sanctificantis
1121 1478 1245 1542 indoles
1262 1479 1294 1541 in
1311 1478 1465 1543 charitate
1480 1480 1517 1543 ha·

343 1587 451 1653 bituali
466 1586 609 1672 reposita
624 1599 689 1661 cst,
705 1585 750 1650 ita
766 1585 859 1650 etiam
893 1586 1016 1673 gratiae
1049 1588 1181 1653 actualis
1206 1588 1378 1652 voluntatis
1397 1588 1518 1653 charitas

344 1697 476 1763 actualis
492 1697 549 1771 sit,
566 1709 619 1761 aut
634 1698 704 1781 ejus
721 1695 898 1780 inspiratio.
930 1696 1002 1760 Non
1026 1709 1136 1781 potest
1152 1697 1236 1761 enim
1254 1710 1345 1762 actus
1363 1699 1402 1762 ab
1419 1698 1517 1771 habitu,

345 1809 436 1892 cujus
451 1806 574 1870 initium
591 1818 642 1870 cst
656 1827 694 1870 ac
711 1804 861 1880 effectus,
878 1804 1026 1870 diversae
1042 1805 1157 1869 indolis
1174 1826 1248 1870 esse
1266 1827 1304 1870 ac
1321 1820 1462 1872 naturae.

452 1917 572 1979 Verum
588 1917 705 1978 haecce
721 1935 779 1999 per
796 1936 831 1978 se
847 1916 940 1999 plana
964 1927 1053 1987 sunt;
1087 1912 1245 1978 difficilior
1268 1928 1319 1980 est
1341 1938 1474 2001 sequens
1488 1918 1516 1979 de

346 2025 451 2112 gratia
466 2025 591 2090 eliicaci
607 2036 639 2088 et
655 2022 834 2088 sufficiente
851 2024 1006 2108 quaestio.

581 2287 618 2379 ξ.
644 2287 740 2359 1⁰5.
762 2289 913 2359 Datur
937 2288 1089 2376 gratia
1113 2287 1296 2362 efficax.

453 2479 488 2542 ln
505 2478 657 2542 confesso
680 2490 731 2542 est
746 2479 829 2563 apud
861 2499 989 2553 omnes,
1021 2500 1120 2563 posse
1143 2479 1303 2544 hominem
1321 2501 1364 2544 ex
1380 2499 1518 2545 concessa

346 2587 408 2652 sibi
423 2587 527 2675 gratia
542 2587 659 2650 bonum
677 2586 820 2670 operari,
838 2588 925 2651 etad
943 2587 1038 2650 vitam
1063 2599 1224 2652 aeternam
1257 2589 1438 2673 pervenire.
1467 2587 1519 2653 Nec

345 2697 449 2760 minus
470 2708 575 2760 autem
597 2708 719 2759 certum
743 2708 808 2771 est,
833 2696 1017 2770 nonnullos,
1035 2694 1205 2760 auxiliante
1221 2697 1327 2785 gratia
1344 2697 1463 2772 divina,
1476 2698 1519 2760 bo·

346 2829 434 2882 num,
466 2807 550 2891 quod
582 2819 732 2891 possunt,
756 2804 865 2890 reipsa
896 2805 1041 2890 operari,
1064 2805 1144 2871 alios
1160 2829 1239 2871 vero
1257 2830 1321 2871 non
1339 2808 1425 2874 item.
1456 2806 1520 2872 llinc

346 2929 418 2980 nata
435 2928 484 2979 est
500 2917 582 3000 apud
600 2917 786 3002 Theologos
804 2914 940 2978 celebris
957 2914 1080 3001 gratiae
1097 2915 1129 2978 in
1146 2916 1356 2981 efficacem
1379 2931 1412 2982 et
1429 2916 1519 2981 sulli-

347 3025 514 3089 cieutem
530 3024 655 3090 divisio.

455 3138 635 3196 Calvinus
658 3148 688 3196 et
710 3139 919 3207 botherus,
953 3148 1043 3214 atque
1060 3149 1131 3213 post
1147 3158 1201 3197 eos
1218 3141 1429 3200 Jansenius
1451 3157 1518 3200 assu·

347 3249 483 3317 mebant,
500 3249 651 3325 gratiam,
669 3266 757 3325 quam
775 3247 935 3306 efficacem
958 3248 1124 3323 adpellant,
1149 3267 1244 3326 agere
1262 3252 1366 3308 modo
1384 3248 1518 3308 invinci-

346 3358 415 3416 bili
432 3367 463 3415 et
478 3357 751 3434 insuperabili,
770 3375 805 3413 eo
823 3356 912 3432 quod,
931 3365 962 3413 ut
978 3357 1148 3415 Jansenius
1166 3358 1270 3426 tradit,
1288 3378 1413 3435 semper
1430 3360 1520 3417 habeat

346 3467 502 3542 praeviam
528 3475 560 3522 et
583 3466 815 3524 ludeliberatam
841 3482 876 3522 ac
901 3465 1032 3522 relative
1065 3466 1257 3540 superiorem
1290 3468 1519 3531 delectationen,

347 3594 404 3651 qua
421 3574 510 3631 homo
527 3584 643 3642 motus,
660 3576 710 3631 vel
726 3575 827 3650 potius
845 3574 966 3650 pulsus,
985 3576 1164 3632 necessario
1183 3586 1271 3652 agat,
1297 3577 1400 3654 nilque
1418 3579 1520 3637 univer·

348 3684 404 3740 aim
422 3683 492 3740 boni
511 3683 619 3740 malive
639 3686 830 3743 avoluntate
855 3684 924 3754 liat,
948 3684 1006 3741 nisi
1024 3685 1090 3761 ipsa
1122 3686 1301 3743 necessario
1336 3688 1522 3746 determinata

348 3792 441 3850 luerit
458 3812 512 3869 per
528 3793 760 3852 indeliberatam
793 3793 1028 3852 delectationem
1062 3795 1270 3869 superiorem,
1289 3796 1355 3854 sive
1375 3799 1521 3856 coelestem

348 3902 413 3961 sive
431 3912 615 3962 terrestrem
626 3907 667 3974 ²).

454 4011 506 4072 Ex
522 4020 626 4073 mente
642 4007 808 4071 Ecclesiae
832 4003 1014 4072 Catholicae
1038 4030 1115 4072 vero
1149 4009 1280 4096 gratia
1313 4008 1522 4076 el'licaxest

349 4141 405 4194 ea,
422 4140 517 4204 quae
535 4120 597 4182 dat
614 4131 726 4181 certo
744 4119 843 4180 velle
864 4131 902 4180 et
921 4117 1138 4201 perlicere,
1161 4140 1228 4181 seu
1246 4141 1343 4204 quae
1360 4119 1521 4185 modoin-

348 4228 524 4303 fallibili,
557 4251 632 4292 non
665 4241 790 4291 autern
821 4226 1045 4290 invincibili
1071 4248 1115 4290 ac
1138 4228 1427 4313 insuperabili,
1458 4248 1523 4293 cun

350 4338 1106 4420 consensuseuell'ectuestconjuncta.

458 4447 690 4511 Admittendam
722 4468 795 4510 esse
827 4445 964 4533 gratiam
987 4447 1124 4521 hancce,
1149 4459 1237 4510 certa
1253 4460 1285 4511 et
1301 4448 1473 4514 indubitata
1486 4456 1523 4509 est

349 4557 422 4624 lidei
443 4557 602 4632 doctrina,
625 4579 718 4643 quam
740 4556 908 4620 confirmat
924 4559 957 4619 S.
976 4555 1144 4639 Scriptura
1160 4569 1192 4619 et
1208 4557 1359 4622 universa
1375 4555 1523 4623 Ecclesiae

351 4668 503 4733 Traditio.

351 4803 617 4816 *nna———nm-——o—-n

460 4872 484 4950 ¹)
502 4870 546 4931 Of.
564 4870 673 4931 Cone.
691 4869 791 4934 Trid.
809 4891 883 4933 sess.
900 4875 928 4933 6.
947 4892 971 4932 c.
991 4875 1019 4934 6.
1037 4906 1079 4916 —
1100 4866 1124 4954 ²)
1140 4875 1188 4932 De
1202 4880 1281 4949 prol.
1294 4870 1520 4938 salvaetsra
