3775 5625
413 739 440 821 t.
456 734 525 805 tlt.
543 734 909 805 communicatio
926 733 1197 803 idiomatum
1215 732 1264 805 ln
1281 733 1478 805 christo.

456 920 517 981 Per
541 916 689 982 unionem
710 917 816 1003 itaque
839 915 1090 1002 hypostaticam,
1114 928 1149 979 ut
1165 937 1206 980 ex
1221 917 1283 982 hoc
1299 939 1400 1003 usqne
1416 932 1539 1003 pertra-

348 1026 445 1092 ctatis
460 1027 573 1112 liquet,
589 1028 669 1091 duae
685 1039 815 1091 naturae
832 1026 863 1091 in
881 1024 1010 1091 Christo
1035 1046 1098 1088 non
1115 1037 1190 1089 sunt
1207 1025 1331 1112 quidem
1347 1026 1541 1103 immutatae,

349 1139 409 1201 sed
425 1148 610 1200 manserunt
626 1135 782 1222 integrae,
799 1136 921 1200 salvata
937 1133 1102 1220 utriusque
1115 1133 1326 1219 proprietate;
1343 1148 1481 1201 attamen
1500 1136 1539 1201 si·

349 1246 431 1320 mul,
462 1266 557 1331 quum
578 1244 630 1309 illa
649 1244 760 1309 intima
776 1243 818 1309 sit
835 1265 873 1308 ac
890 1242 1118 1318 substantialis,
1135 1244 1238 1308 factae
1255 1243 1316 1308 sibi
1332 1244 1467 1309 invicem
1484 1246 1540 1310 im-

348 1366 495 1419 meantes
512 1376 551 1417 ac
566 1353 806 1428 inexsistentes,
823 1351 946 1438 sibique
961 1365 1070 1416 mutuo
1083 1351 1244 1438 propriae,
1255 1352 1299 1416 ita
1312 1366 1346 1417 ut
1361 1355 1497 1419 humana
1509 1354 1541 1418 in

349 1462 482 1529 Christo
515 1475 629 1527 natura
661 1485 724 1526 oon
750 1475 869 1527 tantum
886 1460 991 1550 gratia
1007 1461 1287 1535 excellentissima,
1304 1462 1460 1546 sapientia
1476 1484 1541 1528 ma·

347 1570 438 1635 xima
454 1592 492 1635 ac
508 1570 675 1636 sanctitate
692 1571 847 1659 singulari
865 1571 906 1635 sit
922 1584 1046 1645 ornata,
1062 1592 1172 1634 verum
1190 1571 1284 1634 etiam
1305 1592 1381 1636 vere
1403 1594 1541 1637 consors

349 1692 483 1744 naturae
501 1678 623 1744 divinae
640 1679 789 1754 evaserit,
806 1681 1071 1765 quemadmodum
1087 1701 1105 1743 e
1123 1678 1285 1744 contrario
1310 1693 1421 1745 natura
1438 1679 1548 1745 divina'

348 1802 483 1854 naturae
500 1790 653 1852 humanae
671 1787 833 1872 particeps
851 1800 901 1852 est
917 1786 1042 1861 effecta,
1060 1810 1122 1850 uon
1140 1788 1266 1873 quidem
1280 1801 1435 1875 quatenus
1447 1810 1540 1874 qnae-

347 1895 400 1961 vis
417 1896 447 1960 in
465 1917 512 1970 se,
528 1895 547 1959 i.
565 1918 593 1959 e.
610 1917 758 1960 seorsum
775 1918 793 1960 a
809 1917 950 1980 persona
972 1895 1076 1959 divina
1099 1896 1276 1983 cogitatur,
1305 1900 1363 1961 sed
1386 1910 1541 1982 quatenns

349 2018 484 2091 utraque
517 2002 578 2069 utri
609 2002 783 2090 eidemque
811 2002 951 2089 persona
981 2025 1038 2088 per
1061 2025 1096 2068 se
1119 2004 1246 2069 exsistit
1268 2027 1325 2070 seu
1353 2003 1498 2070 subsistit
1509 2008 1540 2085 ¹).

349 2119 502 2180 Summae
519 2115 623 2199 hujus,
641 2113 902 2199 arctissimaeqoe
919 2112 1165 2197 conjunctionis,
1176 2136 1236 2199 qua
1254 2114 1333 2179 dirae
1351 2128 1482 2179 naturae
1493 2116 1538 2179 in-

350 2233 633 2296 tersenectuntur,
645 2222 882 2286 consectarium
893 2234 944 2285 est
961 2220 1276 2285 communicatio
1293 2222 1540 2298 idiomatum,

349 2353 411 2397 seu
426 2331 477 2396 illa
491 2330 723 2415 proprietatum
740 2330 771 2394 iu
789 2353 824 2395 se
841 2331 977 2395 invicem
994 2330 1168 2394 transfusio
1187 2343 1218 2395 et
1234 2330 1324 2416 quasi
1339 2333 1541 2415 permutatio,

349 2439 459 2527 quain
478 2442 662 2505 alterutram
679 2453 833 2515 naturam,
851 2460 931 2526 quae
949 2452 1024 2504 sunt
1041 2438 1172 2504 alterins
1188 2440 1329 2524 propria,
1344 2440 1389 2505 ita
1406 2443 1539 2506 transfe-

349 2561 481 2623 runtur,
497 2561 531 2612 ut
548 2548 692 2635 singulae
710 2561 742 2613 et
758 2570 817 2613 sua
842 2561 875 2612 et
890 2548 1038 2623 alterius,
1062 2550 1124 2612 lroc
1140 2561 1190 2613 est
1207 2549 1361 2614 naturalia
1378 2552 1540 2615 etadveu·

353 2657 439 2733 titia,
455 2657 660 2744 possideant,
677 2670 709 2722 et
724 2658 763 2721 ab
781 2657 923 2743 utrisque
941 2657 1195 2722 denominentur.

460 2788 572 2850 Potest
603 2783 709 2850 autem
731 2785 1037 2852 communicatio
1060 2807 1117 2851 seu
1142 2786 1365 2852 communio
1382 2786 1542 2852 idioma-

349 2909 442 2970 tum,
475 2894 606 2960 Graeeis
631 2895 779 2960 Patribus
801 2893 951 2968 sinticen,-
972 2898 1022 2962 vel
1043 2891 1301 2974 errautinm,
1329 2906 1541 2978 permutatio,

348 3003 445 3079 dicta,
463 3002 578 3088 triplici
592 3005 697 3078 modo,
713 3004 859 3069 nimirum
872 3008 921 3071 vel
936 3005 1112 3092 improprie
1129 3021 1251 3074 tantum
1269 3029 1327 3072 scu
1345 3006 1479 3092 tropice,
1494 3007 1544 3070 vel

346 3134 429 3178 vero
445 3135 482 3177 re
498 3113 569 3197 ipsa
587 3135 645 3177 seu
662 3113 801 3189 realiter,
817 3114 910 3201 idque
926 3115 1041 3181 iterum
1056 3118 1106 3180 vel
1122 3115 1154 3180 in
1171 3119 1334 3182 abstracto
1351 3118 1400 3181 vel
1415 3116 1449 3180 in
1466 3137 1541 3180 con·

349 3233 454 3296 creto,
470 3221 554 3286 sacta
572 3221 717 3308 cogitari.
736 3224 937 3307 Quapropter
954 3225 1071 3308 triplex
1088 3225 1334 3291 communicatio
1357 3224 1543 3289 idiomatum

347 3329 503 3418 distingui
520 3331 612 3406 solet,
629 3331 689 3396 alia
705 3330 900 3407 verbalis,
917 3332 977 3397 alia
994 3332 1117 3398 realis
1138 3333 1174 3398 in
1193 3335 1417 3409 abstracto,
1434 3346 1467 3398 et
1483 3332 1544 3397 alia

466 3645 489 3721 ¹)
507 3647 574 3703 Hoc
585 3643 741 3706 Catholicae
749 3643 832 3721 fides
849 3645 953 3727 tradit,
971 3646 1012 3706 ait
1027 3647 1118 3716 Leo,
1135 3648 1190 3707 troc
1206 3646 1308 3722 eripit,
1325 3646 1407 3706 utin
1418 3648 1542 3708 Redem-

346 3744 446 3797 tarem
477 3743 614 3796 nestram
635 3739 712 3796 duas
733 3737 904 3798 noverimus
926 3737 1099 3797 conuenisse
1123 3744 1269 3811 natures;
1301 3745 1329 3798 et
1354 3739 1544 3799 naancntibus

341 3826 588 3904 proprietatibus
605 3827 681 3902 mis,
699 3834 814 3887 tantam
824 3829 944 3906 factam
960 3828 1104 3888 unitatem
1121 3828 1279 3906 utriusque
1295 3829 1494 3909 substantiae,
1510 3837 1544 3890 ut

345 3922 392 3979 ab.
402 3917 459 3976 itio
475 3925 612 3994 ternpore,
631 3938 700 3999 quo,
716 3917 796 3977 sicut
810 3919 935 3979 humani
949 3919 1069 3996 pencris
1086 3939 1180 3978 cansa
1190 3924 1349 3994 poscebat,
1367 3919 1401 3979 in
1415 3923 1456 3982 Β.
1477 3921 1543 3981 Vir-

342 4006 433 4087 pinis
453 4015 538 4068 utero
559 4011 684 4069 Verbum
709 4029 780 4068 caro
790 4009 911 4087 sactum
930 4017 990 4083 est,
1015 4031 1068 4070 nec
1083 4014 1183 4070 Deum
1197 4010 1284 4070 illum
1300 4010 1365 4070 sine
1381 4013 1444 4082 doc,
1462 4016 1544 4088 quod

344 4103 438 4160 tomo
461 4105 518 4169 est,
540 4119 594 4158 nec
609 4100 758 4160 dominam
773 4099 838 4160 sine
854 4103 908 4160 liae
924 4101 1014 4160 liceat
1028 4100 1173 4177 copitare,
1191 4104 1271 4177 quod
1286 4104 1371 4161 Deus
1388 4109 1439 4162 est.
1480 4105 1543 4162 ne-

340 4188 459 4268 primit
481 4189 603 4266 quidem
624 4194 679 4250 sab
702 4191 857 4251 distinctis
878 4191 1048 4252 actionibus
1069 4192 1222 4251 ueritatem
1242 4211 1328 4251 suam
1347 4199 1475 4270 utraque
1488 4215 1542 4253 na-

346 4289 431 4351 tura,
448 4283 502 4340 sed
516 4289 623 4341 neuma
640 4302 670 4342 se
686 4283 866 4343 adulterius
882 4283 1066 4343 connexione
1083 4282 1240 4362 disjunpit.
1280 4283 1370 4342 antu
1383 4283 1428 4344 idi
1443 4286 1480 4343 ab
1495 4284 1542 4343 in-

346 4371 446 4433 vicem
466 4379 566 4454 vacat,
599 4379 660 4433 tota
687 4380 731 4432 est
750 4373 783 4432 in
804 4377 958 4454 majestate
978 4373 1149 4454 humilitas,
1170 4380 1232 4433 tota
1248 4377 1281 4433 in
1296 4374 1464 4435 humilitate
1479 4397 1542 4434 ma·

336 4466 459 4543 jectam
491 4483 545 4523 nec
565 4463 662 4540 infert
682 4465 784 4524 unitas
801 4465 1027 4542 confusionem,
1049 4485 1101 4525 nec
1118 4464 1240 4525 dirimit
1249 4465 1428 4541 proprietas
1443 4466 1542 4526 unita·

345 4562 415 4615 tem.
456 4553 597 4628 Suscepit
627 4574 696 4630 erpo
729 4562 821 4616 totum
851 4556 1000 4616 lrorninem
1030 4558 1124 4628 Deus,
1156 4555 1260 4615 etita
1283 4557 1543 4632 scillamque

349 4645 461 4704 iilum
481 4644 559 4705 sibi
582 4645 873 4706 misericordiae
889 4655 922 4707 et
932 4647 1140 4722 potestatis
1161 4646 1310 4707 ratione
1331 4647 1542 4721 conseruit,

349 4742 390 4794 nt
412 4741 571 4810 utraque
597 4737 713 4794 atteri
738 4745 870 4797 natura
895 4738 1056 4808 inesset,
1082 4744 1110 4798 et
1131 4744 1238 4797 neutra
1259 4739 1293 4797 in
1308 4741 1434 4798 atteram
1450 4761 1469 4798 a
1485 4760 1542 4798 sua

344 4825 538 4906 proprietate
555 4827 710 4891 transiret.
727 4828 822 4890 serm.
839 4830 889 4893 52.
912 4832 959 4888 De
970 4849 1059 4907 pass.
1077 4832 1166 4890 Doro.
1183 4833 1212 4895 3.
1231 4850 1255 4892 a.
1274 4833 1302 4894 1.
1320 4827 1398 4911 Opp.
1416 4851 1446 4911 p.
1466 4826 1541 4902 121,
