3775 5625
1415 405 1480 470 437

290 572 456 631 manifeste
473 573 585 630 docere
602 573 678 641 vuit,
695 583 824 647 peccata
842 594 858 630 a
875 576 942 632 Doo
960 574 1025 652 tegi
1049 586 1077 632 ot
1097 594 1154 632 non
1176 575 1336 651 imputari,
1354 585 1446 650 prout
1463 594 1479 633 o

290 684 359 740 Deo
377 682 443 759 tegi
462 690 494 739 et
510 701 568 739 non
586 682 729 755 imputari
748 693 890 757 possunt,
924 702 979 741 seu
1002 684 1089 742 modo
1112 685 1232 753 divino,
1260 685 1304 742 ita
1326 684 1481 752 videlicet,

290 801 325 847 nt
351 791 533 848 auferantur
558 810 593 849 ac
616 791 793 860 deteantur3
817 811 906 867 quum
934 796 1020 849 Deus
1045 803 1171 867 peccata
1194 794 1222 850 in
1246 793 1382 861 nornine,
1405 812 1481 868 quae

290 899 389 957 adhuc
415 900 445 956 in
472 900 539 974 ipso
565 899 691 968 adsunt,
718 872 913 959 dissimulare
934 920 990 958 non
1011 902 1127 977 possit,
1162 921 1259 978 neque
1278 903 1407 978 amptius
1427 920 1482 976 pro

289 1018 458 1083 peccatore
475 1027 532 1066 non
546 1010 676 1076 habere,
699 1009 758 1066 nisi
776 1010 823 1086 qni
836 1011 900 1084 jam
918 1011 1018 1068 deleto
1037 1031 1091 1068 seu
1110 1012 1211 1069 obtato
1229 1021 1355 1087 peccato
1373 1029 1482 1086 pecca«

290 1127 340 1173 tor
358 1117 514 1175 exsistere
531 1118 656 1174 desierit
667 1140 676 1185 ;
694 1117 841 1192 quomodo
860 1119 937 1175 enirn
952 1129 1088 1193 peccata,
1108 1120 1133 1176 si
1153 1119 1249 1177 adhuc
1263 1119 1481 1187 subsisterent,

289 1228 392 1283 otton
415 1226 564 1283 occultari
586 1234 636 1282 aut
660 1244 764 1283 coram
786 1227 852 1301 ipso
876 1228 940 1303 tegi
959 1237 1107 1301 possent,
1140 1228 1189 1303 qui
1207 1237 1254 1285 est
1271 1227 1337 1303 ipsa
1355 1229 1482 1296 veritas,

290 1337 440 1412 cujusque
458 1335 556 1392 ocutis
574 1334 673 1392 omnia
691 1336 768 1393 nuda
785 1345 856 1392 sunt
873 1346 904 1393 et
921 1342 1091 1411 aperta¹)t
1124 1370 1165 1380 -
1199 1339 1303 1413 Neque
1327 1339 1413 1396 nobis
1431 1339 1482 1396 ad·

290 1455 437 1503 versatur
470 1446 557 1503 tocns
580 1444 650 1501 iibri
673 1444 920 1518 Sapientiae,
945 1446 974 1502 in
998 1464 1056 1519 quo
1082 1447 1167 1502 Deus
1185 1446 1334 1503 hominem
1354 1456 1483 1521 peccata

289 1554 487 1613 dissimulare
505 1554 631 1611 dicitur:
656 1550 727 1612 Seu
741 1558 909 1612 misereris
926 1559 1086 1629 erratuum,
1105 1559 1182 1633 quiu
1199 1559 1433 1632 corrumpam,
1452 1561 1485 1614 el

290 1663 530 1723 ‹lissimulus
548 1668 685 1740 peccalo
706 1666 871 1721 leontinum
894 1668 1030 1740 propter
1051 1665 1329 1740 poertilenliorffl).
1361 1665 1481 1722 Etenim

290 1773 340 1830 iric
373 1773 433 1831 ioci
459 1782 565 1847 aperte
588 1772 708 1829 nonnisi
731 1772 767 1827 de
790 1772 934 1829 dilatione
953 1791 1068 1847 poenae
1087 1774 1296 1851 promeritae,
1320 1782 1352 1831 ut
1376 1782 1481 1831 sontes

290 1881 498 1956 resipiscant,
532 1899 589 1938 non
612 1890 714 1938 autom
737 1881 773 1938 de
797 1882 934 1955 peccatis
961 1900 1018 1938 non
1048 1881 1203 1955 imputatis
1227 1900 1329 1939 sermo
1358 1891 1416 1939 est.
1438 1916 1482 1925 -

289 1990 365 2047 Pari
383 1990 501 2047 ratione
517 1999 617 2048 aritern
636 2008 703 2047 cum
722 1990 863 2047 doctrina
875 1990 1036 2048 catholica
1055 2009 1111 2048 non
1130 2000 1269 2067 pugnant
1285 1992 1481 2066 verbaApo·

290 2100 401 2157 stoli:
442 2099 541 2158 Nunc
562 2104 670 2158 orclem
683 2102 760 2175 Jam
782 2119 846 2158 reon
867 2119 923 2173 eqo
951 2119 1092 2177 operor,
1115 2101 1176 2158 aed
1198 2100 1287 2178 quod
1300 2099 1430 2159 uoluat
1448 2105 1484 2158 iu

289 2228 341 2266 me
357 2205 573 2285 peccalunfl).
615 2207 732 2281 Quibus
754 2209 883 2274 Paulus,
901 2208 950 2283 qui
971 2218 1101 2266 urentem
1126 2226 1211 2266 suam
1237 2208 1273 2265 de
1291 2210 1413 2267 interna
1429 2208 1481 2265 ho·

290 2317 382 2375 minis
399 2316 593 2375 innovatione
612 2336 666 2392 per
683 2317 817 2395 gratiam
828 2317 1052 2390 justificantem
1076 2327 1135 2375 tam
1158 2319 1243 2376 ctare
1261 2337 1296 2377 ac
1313 2319 1482 2376 indubitato

290 2426 409 2501 aperit,
432 2421 593 2484 manifeste
611 2425 891 2500 concupiscentiam
910 2435 1025 2484 tantum
1044 2445 1135 2484 sensu
1155 2427 1356 2501 metonymico
1373 2445 1481 2503 pccca-

289 2545 353 2594 tum
381 2535 533 2607 adpetitu,
559 2542 708 2610 quatenus
734 2533 872 2602 scilicet,
892 2543 923 2591 ut
941 2534 1109 2592 Concilium
1129 2534 1342 2593 Tridentinum
1361 2536 1421 2602 ait,
1444 2555 1482 2593 ex

286 2653 415 2719 peccato
441 2652 504 2710 est,
528 2652 558 2700 et
581 2644 615 2699 nd
638 2653 798 2718 peceatum
815 2643 959 2713 inclinat,
988 2661 1176 2719 nequaquam
1201 2652 1301 2701 autem
1319 2653 1481 2718 peccatum

287 2771 360 2812 esse
377 2771 472 2809 sensu
489 2771 564 2808 vero
582 2770 618 2811 ac
635 2752 759 2829 proprio
777 2753 861 2814 uicit.

397 2862 522 2936 Quando
554 2872 655 2920 autem
676 2863 820 2922 Ecclesia
847 2862 1006 2921 Catholica
1033 2863 1137 2933 docet,
1158 2862 1311 2936 justitiam
1340 2871 1477 2919 nostram

284 2990 342 3046 pcr
369 2971 532 3028 charitatis
559 2970 741 3028 infusionem
765 2990 835 3028 esse
867 2989 988 3039 verani,
1023 2989 1209 3047 nequaquam
1245 2970 1396 3029 diffitetur·
1426 2979 1478 3028 aut

237 3149 242 3161 Ι
284 3081 432 3159 ignorat,
455 3081 508 3137 sed
534 3080 634 3155 potius
652 3081 768 3155 pariter
785 3089 937 3156 tamquam
957 3090 1076 3137 certum
1094 3088 1125 3137 et
1142 3090 1231 3138 extra
1249 3099 1337 3138 omne
1355 3081 1476 3138 dubium

284 3190 470 3248 collocatum
493 3190 670 3263 profitetur,
697 3206 821 3245 carnem
848 3189 1069 3264 concupiscere
1093 3189 1245 3246 adversus
1269 3188 1428 3264 spiritum,
1446 3199 1477 3247 et

283 3298 429 3374 spiritum
455 3298 605 3355 adversus
623 3315 768 3364 carnem,
785 3304 876 3372 atque
894 3315 950 3355 nos
968 3297 996 3353 in
1016 3297 1119 3354 moitis
1137 3298 1293 3355 offendere
1311 3315 1427 3366 onmes,
1446 3307 1477 3356 et

233 3438 237 3487 ξ
281 3408 353 3465 ideo
371 3426 430 3464 non
447 3426 518 3464 esse
535 3407 706 3482 perfectam
717 3405 871 3480 justitiam
889 3417 1015 3481 propter
1036 3406 1117 3463 illam
1136 3407 1405 3481 concupiscentiae
1423 3426 1475 3482 pu·

233 3518 236 3555 ῑ
283 3535 390 3596 gnam,
407 3517 451 3574 ita
469 3526 501 3574 ut
518 3526 685 3591 perpetuus
704 3515 795 3574 animi
812 3517 847 3573 de
866 3516 964 3590 culpis
982 3515 1047 3572 suis
1070 3515 1257 3590 poenitentis
1279 3516 1414 3594 gemitus
1431 3518 1475 3575 of·

283 3626 387 3685 ficium
406 3625 604 3684 Christianae
616 3624 758 3699 Justitiae
775 3627 822 3683 vei
842 3625 971 3683 maxime
989 3625 1031 3682 sit
1048 3626 1270 3686 necessarium.
1300 3626 1475 3684 Secundum

284 3733 463 3793 Catholicos
474 3735 598 3808 justitia
614 3735 797 3810 imperfecta
814 3744 873 3802 est,
891 3735 961 3810 quia
979 3735 1088 3802 eidem,
1106 3754 1123 3791 a
1140 3736 1236 3813 bonu,
1254 3755 1307 3810 per
1326 3736 1475 3810 Spiritum

284 3846 319 3906 S.
346 3853 456 3901 sanata
477 3845 634 3902 votuntate
651 3846 681 3902 in
703 3845 791 3903 nobis
809 3843 887 3901 houd
914 3844 1072 3913 diversae,
1105 3844 1376 3918 concupiscentia,
1399 3863 1475 3918 quae

281 3963 445 4029 peccatum
462 3952 493 4011 in
510 3972 544 4010 se
562 3971 620 4010 non
638 3962 705 4021 est,
725 3954 779 4011 sed
795 3961 912 4011 tanturn
930 3972 968 4010 ex
986 3963 1113 4027 peccato
1131 3962 1195 4020 est,
1213 3963 1245 4010 et
1261 3953 1297 4011 ad
1316 3961 1474 4027 peccatum

281 4062 420 4130 inclinat,
436 4062 619 4130 reluctatur,
630 4060 756 4136 ejusque
768 4060 908 4138 vigorem
924 4061 1050 4120 hebetat
1063 4060 1278 4143 acssimminuin
1291 4059 1381 4133 juxta
1397 4061 1473 4116 Pro·

281 4178 437 4227 testantes
460 4178 578 4237 autem,
597 4170 667 4245 qnia
684 4170 789 4227 eadem
808 4171 1080 4245 concupiscentia,
1104 4187 1181 4244 quse
1198 4177 1358 4244 peccatum
1375 4169 1473 4244 ipsum

247 4262 252 4271 ⁵
280 4279 312 4337 in
330 4297 365 4335 se
383 4288 447 4348 est,
474 4298 568 4354 penes
591 4279 721 4337 divinam
748 4278 945 4336 efficientiam
963 4280 992 4336 in
1012 4279 1111 4346 nobis,
1128 4296 1185 4352 qua
1203 4277 1269 4334 sola
1286 4278 1364 4335 bona
1381 4296 1475 4352 opera

281 4388 370 4454 iiunt,
387 4398 544 4462 operatur,
563 4387 697 4463 haecque
714 4387 852 4463 inquinat
868 4407 923 4455 ac,
941 4397 1087 4463 quantum
1105 4387 1133 4443 in
1152 4405 1185 4440 se
1203 4395 1267 4452 est,
1285 4385 1473 4467 pessumdat.

282 4495 459 4555 Secundum
492 4497 562 4553 ittos
587 4497 649 4552 vita
677 4496 849 4570 spiritualis
871 4497 901 4553 in
927 4497 1032 4563 nobis,
1055 4513 1131 4570 quae
1159 4503 1205 4551 est
1228 4494 1346 4569 quidem
1364 4495 1472 4553 donum

394 4724 420 4813 ¹)
444 4727 489 4790 cf.
510 4729 713 4808 Augustin.
745 4732 859 4791 Euarr.
892 4735 921 4789 2.
944 4730 979 4788 in
998 4686 1053 4791 Po.
1071 4731 1120 4789 31.
1144 4749 1173 4790 n.
1202 4731 1231 4791 9.
1250 4729 1287 4789 T.
1305 4725 1379 4802 4.c.
1400 4725 1472 4790 176.

278 4857 323 4869 -
361 4813 476 4905 ²)Sep.
497 4816 873 4906 11‚24.-³)R01n.t,
893 4818 944 4884 17.
