3775 5625
346 429 414 512 tlt

342 612 440 689 prout
454 600 577 692 getiae
603 600 755 669 excitanti
779 603 1016 670 obsecundatus
1034 615 1154 669 etcum
1170 602 1275 692 gratia
1291 606 1464 691 adjuvante
1480 626 1530 671 co·
1563 604 1565 608 ’

345 727 537 806 operaturus
552 714 656 780 lircrit.

449 825 501 888 Ex
517 823 630 910 quibus
647 844 711 888 non
732 822 900 889 difficulter
916 844 1041 910 quoque
1059 823 1175 909 conjici
1190 836 1316 909 potest,
1332 823 1408 911 quid
1425 826 1464 891 de
1482 826 1531 890 de-

276 931 278 935 ’
345 947 435 1000 creto
462 933 615 1021 gratiam,
640 946 673 999 et
697 932 770 997 ideo
787 933 883 998 enam
898 931 1081 998 felicitatem
1097 932 1268 1022 largiendi,
1300 947 1395 1021 atque
1421 936 1462 999 de
1483 936 1531 999 de·

345 1055 434 1108 creto
455 1056 621 1129 utramque
642 1041 836 1130 denegandi,
858 1064 917 1107 seu
940 1045 979 1107 de
1002 1042 1293 1127 praedestinatione
1318 1056 1350 1108 et
1382 1046 1530 1129 reproba·

343 1151 431 1218 tione
449 1153 620 1217 tenendum
635 1152 687 1217 sit.
728 1151 883 1231 Quoniam
903 1165 1009 1218 tamen
1027 1151 1173 1217 doctrina
1189 1154 1269 1218 haec
1284 1152 1372 1218 omui
1391 1166 1529 1239 tempore

345 1263 585 1350 Theologornm
611 1264 742 1326 multum
759 1262 904 1326 exercuit
918 1262 1066 1350 ingenia,
1089 1262 1243 1351 quaedam
1264 1263 1303 1327 dc
1326 1275 1465 1349 utroque
1480 1263 1527 1328 illo

345 1372 476 1436 decreto
492 1370 660 1457 speciatim
676 1370 853 1457 adjicienda
869 1384 953 1440 sunt.

825 1674 1052 1689 m

678 2104 747 2181 Dc
757 2131 790 2204 p
802 2104 1189 2181 raedestinatione.

556 2471 583 2554 ὅ.
601 2465 696 2539 118.
713 2467 1171 2568 Praedestinationis
1186 2467 1329 2539 notio.

386 2758 388 2762 Ι
451 2669 701 2735 Praedestinatio
728 2668 982 2756 apraescientia
1003 2690 1042 2734 eo
1064 2668 1186 2745 differt,
1218 2672 1303 2756 quod
1335 2671 1388 2735 illa
1421 2671 1461 2735 ad
1483 2692 1531 2735 vo·

349 2780 516 2857 luntutem‚
536 2779 616 2846 baec
636 2801 716 2845 vero
733 2780 771 2845 ad
787 2780 982 2845 intellectum
997 2779 1164 2866 pertineat.
1204 2780 1355 2846 Ceterum
1372 2793 1494 2856 autem,
1509 2780 1533 2846 si

349 2890 526 2978 generatim
544 2890 689 2966 sumitur,
704 2904 801 2976 prout
816 2889 1045 2975 praescientia,
1061 2902 1128 2954 tum
1144 2891 1184 2954 ad
1199 2892 1318 2954 bonum
1335 2904 1403 2955 tum
1419 2894 1461 2956 ad
1475 2912 1532 2956 ma·

346 3001 411 3066 lum
432 3002 589 3077 refertur,
621 3014 714 3088 atque
730 3021 845 3065 revera
868 3001 907 3064 ab
939 3000 1120 3087 Augustino
1152 3000 1185 3063 in
1216 3014 1383 3086 utramque
1416 3013 1533 3088 partem

343 3111 500 3176 interdum
531 3110 696 3196 accipitur,
728 3109 871 3197 quamvis
902 3109 983 3194 ipse,
1016 3131 1076 3174 nec
1107 3132 1173 3174 non
1204 3112 1274 3194 ejus
1307 3109 1462 3196 discipuli
1494 3123 1533 3175 at·

347 3243 407 3307 que
424 3221 626 3306 posteriores
651 3219 812 3307 Theologi
838 3221 972 3284 candem
992 3220 1152 3284 lubentius
1167 3219 1200 3283 in
1216 3220 1334 3284 bonam
1350 3233 1479 3305 partem
1493 3220 1532 3283 in·

345 3343 570 3415 terpretentur,
587 3343 741 3418 quatenus
758 3328 906 3394 nimirum
923 3341 975 3392 cst
996 3329 1120 3416 gratiae
1143 3342 1175 3393 et
1190 3328 1314 3417 gloriae
1338 3330 1433 3416 quasi
1448 3350 1532 3417 prae-

345 3440 480 3528 paratio.

449 3549 768 3615 Praedestinatio
784 3549 890 3634 itaque
907 3569 1007 3613 sensu
1024 3546 1179 3612 strictiori
1196 3559 1347 3631 accepta,
1362 3547 1463 3614 illud
1479 3559 1534 3614 est

345 3658 564 3723 voluntatis
590 3658 744 3723 divinae
770 3660 989 3732 decretum,
1020 3678 1093 3743 quo
1114 3658 1217 3721 Deus
1233 3656 1408 3744 gratiam
1425 3671 1533 3744 atque

345 3765 583 3832 felicitatem
604 3770 808 3834 aeternam
830 3766 954 3832 certis
971 3765 1194 3831 hominibus
1212 3765 1288 3847 (illis
1305 3766 1470 3843 videlicet,
1488 3765 1533 3853 qui

343 3876 428 3941 illam
455 3899 570 3943 revera
592 3876 799 3943 consecuturi
820 3879 908 3961 sunt)
929 3875 1020 3940 inde
1044 3876 1088 3940 ab
1107 3887 1266 3941 aeterno
1283 3876 1433 3963 largiri
1448 3878 1531 3941 vult.

346 3988 546 4075 Quapropter
587 3987 793 4074 distinguitur
840 3984 1089 4069 praedestinatio
1127 3987 1167 4049 ad
1206 3984 1377 4072 gloriam
1420 3999 1452 4051 et
1495 3986 1533 4049 ad

344 4098 521 4183 gratiam.

448 4223 702 4289 Praedestinatio
732 4223 765 4287 in
790 4224 904 4286 malam
925 4234 1050 4306 partem
1071 4234 1204 4306 accepta
1230 4222 1420 4305 reprobatio
1444 4220 1531 4286 audit.

343 4333 426 4399 Hinc
448 4335 714 4419 quemadmodum
735 4330 985 4417 praedestinatio
1014 4343 1065 4395 est
1085 4331 1234 4395 voluntas
1255 4330 1317 4394 Dei
1338 4330 1458 4396 efficax
1474 4332 1528 4394 ele·

345 4456 416 4508 ctos
433 4445 473 4507 ud
489 4444 625 4507 salutem
641 4441 852 4526 perducendi,
875 4441 919 4504 ita
940 4440 1172 4525 reprobatio
1194 4452 1258 4504 est
1288 4439 1392 4503 illud
1416 4453 1527 4504 aeter·

345 4551 667 4616 numvoluntatis
690 4551 845 4615 divinae
869 4552 1086 4623 decretum,
1108 4571 1180 4634 quo
1198 4550 1303 4612 Deus
1321 4563 1460 4613 certos
1476 4551 1524 4611 lro·

345 4661 471 4726 mines
504 4681 522 4724 a
554 4660 750 4724 felicitate
776 4658 1036 4724 aeternavnlt
1060 4658 1284 4732 excludere,
1312 4670 1348 4721 et
1379 4676 1522 4743 poenae

345 4769 428 4843 sive
473 4768 600 4841 damni
637 4767 724 4857 isive
769 4790 934 4842 sensus,
973 4767 1185 4856 negativae
1229 4768 1295 4830 vel
1340 4767 1430 4853 posi
1454 4765 1521 4830 ivae
