3775 5625
345 421 390 517 80

343 591 405 656 Dei
420 590 606 679 adsurgunt,
623 603 656 656 et
672 590 878 678 adsurgendo
895 590 992 657 animi
1007 591 1232 679 tranquillitate
1248 589 1394 679 vitaeque
1408 590 1545 658 beatitu-

344 700 417 765 dine
433 700 648 776 fortunentur,
665 713 758 786 atque
776 700 929 766 continuo
946 702 1187 791 progrediendo
1210 701 1243 767 in
1267 700 1335 767 veri
1358 714 1393 767 et
1414 701 1547 769 bonesti

344 808 451 875 studio
469 823 618 875 aeternae
635 810 796 875 felicitatis
812 810 958 895 praemio
976 823 1190 887 coronentur,
1213 812 1305 877 valde
1328 810 1544 899 boninequa·

343 940 437 1006 quam
461 934 573 984 essent
596 917 707 994 creati,
724 919 754 983 si
768 918 982 1007 intelligentia
1004 919 1149 1005 perfecta
1172 933 1205 986 et
1226 920 1392 986 voluntate
1409 940 1491 986 sana
1506 941 1545 986 ac

326 1032 328 1035 ’
344 1051 409 1094 non
423 1028 575 1115 impedita
589 1028 726 1115 praediti
740 1030 823 1094 haud
840 1028 987 1095 fuissent.
1004 1030 1077 1095 Fuit
1092 1030 1199 1117 itaque
1214 1030 1247 1095 in
1263 1029 1368 1115 primo
1385 1028 1519 1095 homine

458 1175 487 1241 i.
511 1197 604 1241 mens
621 1198 685 1239 non
701 1188 823 1241 tantum
840 1174 879 1241 ab
897 1175 1063 1241 erroribus
1088 1187 1120 1241 et
1142 1175 1365 1262 praejudiciis,
1389 1175 1544 1262 periculis

345 1299 377 1352 et
393 1284 633 1351 difficultatibus
649 1286 761 1362 libera,
778 1288 835 1351 sed
853 1299 886 1352 et
901 1279 1019 1375 magna
1035 1286 1186 1352 facilitate
1203 1307 1239 1351 se
1256 1270 1433 1361 exserens,¹
1451 1297 1543 1372 atque

345 1396 442 1471 elata,
468 1394 653 1483 cognitione
678 1418 787 1461 rerum
803 1408 870 1461 turn
886 1409 1017 1462 naturae
1040 1408 1106 1461 tum
1123 1397 1162 1461 ad
1178 1396 1386 1484 religionem,
1410 1415 1542 1481 eamque

344 1526 411 1571 non
428 1503 532 1570 solum
548 1506 740 1582 naturalem,
763 1528 875 1571 verum
900 1507 996 1572 etiam
1014 1507 1290 1592 supernaturalem
1304 1501 1542 1592 pertinentium,

342 1627 441 1703 prout
456 1616 526 1701 ejus
544 1614 720 1681 conditioni
737 1601 948 1705 congruebat,
964 1617 1088 1682 abunde
1105 1616 1272 1681 instructa.
1295 1614 1426 1680 Etenim

456 1748 500 1821 a)
517 1755 552 1809 ut
562 1744 630 1830 jam
648 1762 746 1829 supra
761 1743 989 1819 indicavimus,
1005 1743 1162 1831 perfectio
1178 1742 1246 1820 illa,
1262 1743 1295 1808 in
1311 1765 1373 1831 qua
1388 1755 1540 1830 protopa-

342 1868 453 1921 rentes
470 1867 598 1919 creatos
616 1846 690 1918 esse
707 1854 861 1939 Moyses
878 1867 1002 1930 narrat,
1019 1852 1095 1918 illud
1111 1853 1300 1919 necessario
1316 1853 1470 1939 postulat.

456 1988 494 2065 b)
512 1983 547 2047 ln
570 1981 864 2047 Ecclesiastico
889 1984 930 2076 de
952 1981 1064 2067 primis
1088 1982 1271 2047 hominibus
1296 1980 1482 2072 neocreatis
1499 1979 1541 2045 di·

344 2105 431 2159 serta
447 2092 598 2156 traditur:
627 2092 823 2175 Comitium,
841 2104 873 2157 et
889 2098 1047 2175 linquam,
1066 2105 1099 2157 et
1113 2100 1239 2176 oculos,
1258 2105 1291 2157 et
1306 2114 1421 2175 aurea,
1441 2104 1474 2156 et
1489 2112 1544 2155 cor

343 2207 520 2266 dedititiis
543 2207 767 2283 excogitandi,
792 2213 825 2264 et
846 2206 1066 2281 discipline
1096 2208 1338 2267 intellectus
1369 2205 1545 2283 replevit

343 2320 450 2380 illos.
478 2313 644 2376 creavit
665 2314 754 2374 iltis
777 2318 988 2376 scientiam
1005 2309 1421 2396 apit·itua(prudentiam,
1439 2309 1542 2376 scien·

343 2421 420 2487 tiam
438 2442 610 2496 summam,
635 2421 848 2485 abundantem
869 2420 968 2486 menti
983 2421 1110 2486 illorum
1126 2420 1268 2501 indidit),
1294 2442 1414 2485 aeneo
1439 2418 1544 2501 (intel-

343 2532 442 2612 lectu)
475 2538 654 2613 implevit
684 2554 751 2595 cor
783 2530 951 2613 (animam)
974 2538 1155 2615 illorum,
1180 2543 1219 2596 et
1240 2539 1356 2614 bonu,
1384 2543 1422 2595 et
1445 2537 1546 2595 mulo

345 2649 517 2706 ostendit
533 2639 691 2724 (omnium
707 2663 816 2706 rerum
833 2641 1002 2706 scientiam
1017 2641 1145 2721 infudit)
1168 2648 1257 2705 illia
1268 2646 1306 2722 ¹).
1340 2640 1430 2720 Quae
1447 2639 1546 2704 verba

344 2752 429 2816 clare
446 2750 624 2827 enuntiant,
648 2750 826 2837 primorum
841 2750 1007 2816 hominum
1028 2750 1271 2840 intelligentiam
1287 2772 1466 2826 summam,
1490 2769 1545 2814 no·

344 2874 474 2950 straque
492 2861 579 2927 omni
594 2875 746 2947 respectu
762 2863 861 2926 multo
878 2863 1034 2947 majorem
1051 2861 1161 2927 fuisse.

458 2996 498 3070 c)
516 2990 550 3053 ld
566 2989 672 3075 ipsum
688 3001 794 3054 autem
809 3011 910 3074 porro
921 2992 991 3076 Jam
1007 2989 1081 3054 inde
1099 2989 1276 3078 colligitur,
1300 2991 1386 3076 quod
1402 2991 1546 3056 Adamas

345 3098 492 3162 omnibus
510 3098 696 3163 animalibus
715 3111 803 3163 certa
818 3120 857 3163 ac
872 3099 1019 3185 propria,
1037 3121 1150 3164 eorum
1167 3112 1300 3164 naturae
1318 3096 1546 3186 congruentia,

344 3207 475 3273 nomina
490 3207 552 3274 Dei
563 3210 660 3293 jussu
677 3207 805 3272 dedisse
828 3221 987 3274 narretur.
1019 3209 1100 3274 Nam
1125 3209 1178 3295 qui
1199 3210 1297 3274 rebus
1315 3207 1385 3273 sive
1402 3205 1546 3274 animali·

343 3319 404 3383 bus
420 3318 553 3404 propria
568 3317 698 3382 nomina
714 3317 880 3403 imponere
902 3319 980 3396 scit,
1003 3320 1031 3384 is
1052 3341 1176 3395 rerum,
1209 3341 1288 3405 quas
1320 3316 1547 3383 nominaturus

343 3439 404 3504 est,
420 3440 567 3493 naturam
583 3439 617 3492 et
631 3426 772 3491 indolem
786 3428 1008 3513 rationemque
1025 3428 1154 3515 penitus
1172 3429 1285 3493 calleat
1297 3446 1439 3492 necesse
1452 3427 1546 3506 est').

342 3535 424 3600 Huic
455 3535 580 3601 accedit
611 3537 763 3600 adcurate
795 3549 926 3602 naturae
950 3518 1095 3601 mulieris
1119 3538 1252 3623 ejusque
1271 3535 1487 3612 conditionis,
1510 3534 1547 3598 ad

343 3666 438 3731 quarn
453 3644 525 3729 ipsa
542 3643 704 3712 destinata
719 3657 784 3720 est,
801 3645 995 3730 descriptio;
1021 3667 1100 3731 quae
1123 3646 1221 3710 verba
1241 3636 1311 3710 sine
1332 3643 1547 3711 admiratione

342 3753 408 3841 legi
425 3776 489 3818 uon
506 3766 655 3838 possunt.
680 3756 754 3817 Hoc
771 3755 879 3835 (baec)
896 3777 998 3837 nunc,
1015 3754 1117 3839 inquit
1132 3756 1284 3830 Adamus,
1302 3777 1339 3819 oa
1355 3777 1401 3818 ea·
1420 3760 1548 3820 orsitus

346 3870 439 3948 meis,
457 3876 490 3928 et
503 3885 580 3927 cero
598 3873 636 3928 de
652 3886 750 3928 carne
765 3887 852 3928 meo:
881 3869 961 3928 boec
985 3871 1155 3929 uocabitur
1170 3871 1299 3948 virago,
1327 3871 1489 3957 eutonium
1512 3870 1549 3927 de

344 3978 417 4036 ciro
434 3986 540 4038 sumta
556 3984 611 4038 est.
639 3975 853 4051 Quamobrem
870 3979 1032 4055 relinquet
1046 3979 1141 4038 bomo
1155 3987 1410 4058 patremmeum,
1430 3988 1466 4040 et
1478 3996 1548 4039 ma·

344 4095 438 4166 trem,
456 4096 490 4148 et
503 4087 693 4148 adhaerebit
707 4089 811 4148 umori
827 4104 917 4166 suae,
941 4096 973 4146 et
992 4096 1090 4148 erunt
1109 4093 1172 4147 duo
1190 4089 1225 4146 iu
1242 4105 1341 4148 carne
1356 4105 1428 4147 una
1440 4090 1480 4165 ⁸).
1504 4083 1549 4148 lta

344 4191 440 4257 etiam
460 4194 531 4257 Eva
551 4205 698 4258 tenorem
714 4192 797 4281 legis
814 4215 833 4258 a
848 4194 918 4258 Deo
936 4194 1028 4258 datae
1046 4195 1197 4258 adcurate
1214 4190 1291 4267 scit,
1307 4193 1464 4280 illumque
1482 4214 1547 4259 ser·

344 4301 432 4387 penti
452 4301 587 4387 exponit
596 4307 639 4382 4);
673 4323 715 4367 ex
736 4324 798 4388 quo
820 4303 957 4368 facilitas
978 4324 1162 4367 sermonem
1184 4301 1325 4367 divinum
1346 4300 1549 4392 intelligendi

345 4404 593 4496 clare'patescit.

454 4687 478 4769 ¹)
495 4686 589 4748 Eccli.
603 4684 813 4759 17,5-6.-
829 4688 852 4769 ²)
871 4689 916 4749 cf.
934 4685 957 4749 J
962 4710 1042 4750 oon.
1060 4686 1352 4774 Chrysosfflom.
1366 4693 1418 4764 14.
1431 4693 1546 4760 indier.

345 4797 376 4839 n.
392 4779 489 4841 4-5.
508 4775 590 4859 Opp.
607 4781 647 4839 Τ.
665 4775 696 4839 4.
713 4799 745 4858 p.
763 4775 839 4840 112.
858 4780 979 4840 Thom.
999 4778 1027 4844 1.
1046 4802 1074 4858 q.
1093 4786 1142 4845 94.
1160 4792 1216 4846 art.
1234 4787 1264 4848 3.
1282 4783 1365 4866 Opp.
1383 4786 1429 4853 tle
1448 4790 1488 4851 Τ.
1497 4782 1547 4849 20.

344 4890 375 4950 p.
393 4863 460 4930 536
477 4891 502 4932 s.
522 4906 563 4916 -
583 4870 608 4950 ⁸)
626 4868 703 4930 Gen.
720 4866 751 4940 2,
769 4865 814 4931 24
829 4890 854 4935 s.
871 4905 914 4916 --
932 4867 959 4954 ⁴)
976 4869 1054 4933 Gen.
1073 4871 1103 4950 3,
1120 4871 1142 4936 2
1158 4895 1182 4939 s.
