3775 5625
1482 481 1544 546 ll'l

346 652 458 733 queadi
480 649 662 729 praeditum.
688 650 722 706 ln
750 665 837 724 quam
856 648 1039 707 sententiam
1057 649 1161 724 plures
1178 666 1217 705 ex
1232 648 1363 707 Judaeis
1386 648 1545 717 abierunt,

345 764 404 823 imo
423 761 519 820 etiam
536 758 689 818 nonnullis
707 756 955 816 Christianorum
973 757 1088 834 placuit
1098 761 1138 829 ¹).
1190 801 1194 808 .

456 869 533 948 alii,
558 877 590 926 et
609 867 692 927 inter
708 866 765 925 hos
781 868 819 926 lt.
836 869 947 927 lsaac
971 866 1202 936 libarbanel,
1226 868 1398 926 naturalem
1417 886 1543 945 serpeu-

345 992 404 1042 tem
428 985 609 1045 assumunt,
634 976 685 1053 qui
713 977 856 1035 arborem
888 970 1014 1035 vetitam
1041 976 1276 1045 conscenderit,
1307 976 1423 1054 absque
1449 977 1543 1038 detri-

346 1098 448 1149 mento
466 1085 656 1153 comederit,
681 1093 712 1143 et
728 1085 775 1144 sic
796 1087 892 1143 livam
911 1084 948 1142 ad
971 1084 1174 1143 imitationem
1195 1085 1385 1149 invitaverit.
1417 1087 1543 1148 Sermo·

345 1217 415 1267 aes,
441 1196 493 1273 qui
518 1196 716 1263 referuntur,
743 1195 841 1253 nrrllos
859 1194 972 1262 fuisse,
997 1193 1052 1251 sed
1069 1212 1108 1251 ex
1126 1213 1210 1253 more
1228 1194 1432 1256 Orientalium
1457 1199 1543 1277 cogi·

345 1308 497 1375 tationes,
514 1322 592 1381 quae
612 1302 681 1361 viso
704 1311 850 1377 serpente
878 1302 908 1360 in
929 1303 1030 1361 animo
1049 1306 1133 1361 livae
1151 1313 1278 1363 exortae
1296 1304 1376 1375 sint,
1401 1306 1543 1383 perillus

345 1413 496 1476 exbiberi.
515 1387 600 1489 Quae
616 1412 770 1470 sententia
786 1411 957 1471 recentiori
974 1421 1113 1488 tempore
1130 1413 1270 1488 pluribus
1288 1414 1405 1477 arrisit.

450 1522 514 1581 atii
529 1529 704 1597 serpentem
721 1518 843 1578 nonnisi
860 1538 915 1596 pro
932 1520 1069 1596 symbolo
1086 1530 1213 1581 satanae
1230 1522 1354 1593 babent,
1371 1524 1422 1601 qui
1439 1543 1495 1584 sua
1512 1526 1542 1584 in

345 1633 478 1694 minam
494 1634 578 1689 llvae
596 1629 764 1688 efficientia
780 1629 899 1697 effecit,
922 1638 956 1687 ut
971 1629 1048 1689 baec
1065 1639 1241 1706 serpentem
1259 1632 1364 1691 videre
1391 1642 1482 1710 atque
1499 1635 1542 1692 lo·

345 1750 488 1821 mentem
505 1740 612 1799 audire
629 1738 688 1796 sibi
703 1737 786 1806 visa,
810 1746 841 1795 et
857 1737 949 1796 etiam
968 1757 1036 1797 cum
1063 1757 1114 1807 eo,
1145 1740 1288 1816 decepta,
1316 1742 1470 1801 collocuta
1491 1743 1542 1822 sit,

344 1852 418 1912 licet
433 1850 486 1908 ille
504 1866 617 1907 revera
633 1864 823 1924 nequaquam
841 1846 1127 1921 conspiceretur²).

452 1958 513 2017 lilii
528 1975 605 2016 vero
622 1963 771 2025 statuunt,
793 1964 970 2032 serpentem
987 1957 1159 2015 naturalem
1177 1950 1360 2027 luissesast
1377 1959 1467 2020 simul
1485 1963 1541 2021 sub

345 2086 379 2127 eo
397 2068 510 2126 malum
527 2066 670 2145 angelum
690 2065 838 2133 latuisse,
859 2073 890 2123 et
911 2065 1111 2124 tentationem
1134 2066 1225 2125 editis
1247 2068 1376 2127 vocibus
1403 2070 1542 2129 externis

346 2195 416 2236 esse
434 2177 560 2236 iactam.

453 2283 514 2344 alit
530 2283 668 2352 tandem,
686 2282 825 2359 quamvis
842 2284 1043 2342 tentationem
1060 2303 1178 2362 quoque
1197 2295 1354 2345 externam
1370 2286 1542 2356 admittant,

346 2404 520 2473 torpentem
537 2402 639 2452 tamen
656 2394 828 2451 naturalem
846 2394 960 2451 nullum
977 2393 1090 2462 luisse,
1108 2395 1162 2453 sed
1180 2394 1330 2455 diabolum
1346 2397 1467 2455 nonnisi
1484 2396 1540 2455 sub

347 2505 448 2582 speeie
466 2501 622 2579 serpentis
638 2503 721 2560 llvae
739 2501 937 2578 adparuisse,
956 2512 1111 2562 asserunt.

453 2612 610 2688 Quaenam
627 2628 665 2668 ex
680 2608 767 2668 hisce
785 2610 948 2668 sententiis
965 2628 1040 2668 vera
1057 2611 1108 2681 sit,
1127 2611 1218 2671 iacile
1235 2611 1336 2672 dirimi
1352 2632 1410 2672 non
1428 2624 1540 2691 potest.

352 2724 486 2782 tuamen
498 2728 618 2780 certum
631 2728 689 2800 est,
705 2718 871 2795 quamlibet
887 2718 1036 2793 ejusmodi
1053 2719 1234 2796 hypothesin
1248 2740 1318 2781 esse
1330 2722 1541 2797 rejiciendam,

355 2849 420 2908 quae
438 2851 456 2891 a
472 2831 579 2889 littera
590 2830 676 2904 justo
692 2831 762 2905 plus
778 2829 916 2899 recedit,
933 2838 987 2888 aut
1009 2829 1121 2888 diaboli
1143 2840 1248 2907 partes
1271 2832 1300 2891 in
1322 2843 1451 2908 peccato
1468 2852 1539 2909 pro·

354 2949 536 3018 toparentum
559 2937 711 3006 excludit,
740 2947 773 2995 ut
795 2937 826 2995 iu
843 2938 943 3013 prima
960 2939 1104 2997 etaltera
1121 2940 1275 2999 sententia
1299 2941 1439 3000 obtinere
1457 2942 1539 3001 vide-

354 3056 403 3111 tu.
419 3055 550 3126 lnsuper
567 3056 681 3107 tantam
698 3056 829 3106 naturae
845 3046 1106 3118 immutationem,
1130 3051 1249 3128 qualem
1266 3069 1303 3111 ac
1320 3060 1464 3128 quantam
1486 3053 1539 3110 illa

355 3161 437 3232 ponit,
453 3177 510 3235 per
526 3166 687 3235 peccatum
704 3156 834 3233 primum
852 3155 966 3216 iactam
984 3176 1065 3237 esse,
1082 3160 1165 3217 nullo
1176 3159 1343 3219 sufficienti
1353 3171 1539 3238 argumento

354 3263 552 3329 demonstrari
560 3275 673 3342 potest.
687 3266 749 3324 Sed
762 3282 859 3342 neque
869 3266 912 3325 ita
923 3268 1060 3325 narratio
1069 3269 1211 3328 Moesica
1224 3271 1403 3345 exponenda
1414 3270 1489 3336 erit,
1507 3279 1540 3327 ut

354 3387 450 3438 terum
467 3376 661 3444 miraculum,
679 3375 757 3453 quod
774 3377 860 3434 Deus
877 3377 964 3434 solus
974 3386 1099 3452 patrare
1117 3387 1228 3457 potest,
1246 3379 1425 3437 necessario
1442 3378 1540 3435 inter·-

352 3487 479 3547 tcssisse
489 3495 686 3555 assumatur,
704 3494 756 3544 aut
769 3503 844 3542 vero
856 3486 943 3543 Deus
955 3494 1062 3544 auctor
1081 3486 1260 3545 tentationis
1276 3486 1360 3545 illius
1371 3477 1537 3545 statuatur.

447 3594 578 3656 Adnot.
595 3591 626 3655 2.
644 3596 745 3653 Deum
761 3603 921 3671 peccatum
937 3603 1191 3670 protoparentum
1213 3614 1403 3673 nequaquam
1419 3595 1538 3654 directe

350 3703 479 3765 retussa
506 3711 560 3762 aut
588 3702 784 3770 decrevisse,
811 3711 845 3761 ut
867 3702 1087 3779 zwinglius
1110 3711 1140 3760 et
1161 3702 1341 3762 Calvinus
1374 3703 1537 3763 contende·

349 3819 427 3884 tant,
446 3830 574 3890 quorum
591 3811 643 3869 ille
659 3811 839 3883 asserebat,
858 3811 1071 3870 necessarium
1087 3820 1248 3886 peccatum
1266 3813 1378 3879 luisse,
1402 3821 1435 3869 ut
1445 3811 1537 3885 justi·

349 3910 386 3974 lla
411 3929 676 4000 cognosceretur,
708 3937 798 3997 quum
816 3919 976 3979 contraria
998 3939 1035 3977 ex
1058 3919 1224 3979 contrariis
1240 3920 1455 3990 innotescant,
1489 3921 1538 3981 hic

348 4035 432 4101 tero,
450 4029 521 4108 quia
538 4047 597 4088 non
614 4037 737 4104 poterat
752 4029 840 4086 Deus
858 4028 972 4087 aditum
989 4029 1168 4104 patefacere
1187 4029 1420 4089 misericordiae
1438 4038 1469 4087 et
1488 4030 1536 4104 ju·

347 4132 446 4199 llitiae
464 4157 558 4212 suae,
579 4138 639 4197 nisi
654 4137 743 4196 bomo
761 4155 816 4213 per
833 4146 995 4214 peccatum
1012 4138 1108 4197 miser
1125 4146 1156 4196 et
1172 4137 1322 4214 supplicio
1340 4138 1454 4217 dignus
1471 4139 1536 4196 elli·

347 4250 484 4318 teretur,
509 4247 564 4306 sed
584 4247 684 4323 ipsum
706 4247 894 4306 solummodo
921 4247 1171 4307 sollicitationem
1193 4248 1362 4325 primorum
1383 4247 1537 4306 bominum

345 4357 538 4426 torniense,
552 4366 695 4432 putamus
712 4356 829 4415 nostris
847 4356 1036 4433 temporibus
1047 4356 1174 4417 cuilibet
1188 4375 1244 4433 per
1257 4374 1292 4415 se
1302 4358 1437 4432 patulum
1455 4375 1537 4423 esse,

345 4461 370 4511 ⁰¹
389 4467 472 4525 nulla
495 4465 637 4525 ulteriori
659 4465 921 4526 demonstratione
938 4466 1092 4544 indigere.
1126 4465 1228 4541 Quare
1246 4475 1347 4525 autem
1364 4467 1449 4524 Deus
1472 4473 1537 4522 ten·

342 4597 561 4628 N--.—

451 4700 478 4775 ¹)
496 4696 543 4758 cf.
560 4699 695 4770 Wiest,
717 4699 819 4759 luent.
838 4701 923 4764 theol,
945 4700 1073 4780 ingolst.
1099 4696 1195 4763 1798.
1220 4696 1259 4764 Τ.
1286 4698 1317 4763 5.
1338 4722 1369 4780 p.
1392 4695 1435 4761 33
1453 4719 1478 4763 s.
1495 4733 1537 4743 —

331 4773 368 4940 ἐ)
387 4789 440 4943 31.
450 4788 547 4941 gara.
565 4787 733 4868 cajetan.
752 4789 913 4858 comem.
930 4794 973 4850 aa
990 4791 1066 4856 een.
1082 4795 1111 4863 a,
1130 4793 1148 4854 t
1165 4809 1207 4861 a,
1223 4789 1323 4882 cuge.
1337 4787 1433 4862 1639.
1451 4788 1489 4851 u.
1509 4785 1537 4856 1.
