3775 5625
343 385 408 463 428

345 711 370 793 5.
388 707 457 779 os.
478 709 639 781 Gratia
659 710 932 795 justificans
955 715 1029 783 est
1051 714 1223 782 donum
1243 710 1334 782 liei
1351 709 1528 782 animae

652 837 943 911 intrinsecus
960 840 1229 911 inhaerens.

449 1035 590 1100 Primum
611 1056 710 1123 ergo,
743 1036 826 1121 quod
850 1035 999 1100 Ecclesia
1021 1037 1060 1099 de
1081 1035 1186 1122 gratia
1207 1034 1406 1120 justificante
1431 1033 1533 1106 tradit,

345 1146 489 1239 qnodque
511 1144 739 1231 impugnarunt
755 1165 848 1230 quam
869 1144 1027 1209 acerrimo
1050 1146 1288 1217 Protestantes,
1313 1154 1378 1218 est,
1401 1140 1534 1229 gratiam

341 1252 572 1336 justificantem
589 1276 651 1318 non
670 1254 850 1319 consistere
867 1254 899 1318 in
916 1275 1006 1318 mera
1021 1254 1230 1339 imputatione
1246 1266 1383 1318 externa
1393 1250 1534 1336 justitiae

345 1360 481 1436 Christi,
504 1363 554 1426 vel
576 1363 646 1427 sola
662 1375 868 1447 peccatorum
885 1362 1094 1455 remissione,
1117 1364 1250 1427 exclusa
1264 1361 1372 1450 gratia
1388 1373 1420 1426 et
1437 1360 1534 1426 chari·

345 1484 424 1546 tute,
447 1483 501 1535 aut
526 1491 600 1535 esse
617 1482 737 1535 tantum
756 1471 898 1536 favorem
914 1470 985 1545 Dei,
1002 1483 1056 1535 aut
1076 1492 1155 1535 vero
1177 1470 1281 1555 ipsam
1296 1469 1460 1555 justitiam
1482 1468 1536 1534 liei

345 1580 601 1654 substantialem,
619 1601 730 1644 verum
752 1579 857 1664 potius
880 1591 1031 1644 constare
1048 1579 1080 1643 in
1096 1580 1221 1644 interna
1237 1577 1487 1667 regeneratione
1503 1599 1538 1643 ac

343 1688 563 1763 renovatione,
580 1709 641 1775 qua
656 1688 751 1753 uoltis
768 1710 831 1752 non
850 1701 970 1753 tantmn
981 1700 1113 1773 peccata
1124 1687 1337 1761 remittuntur,
1355 1688 1413 1751 sed
1432 1700 1467 1751 et
1481 1709 1538 1753 nos

343 1818 420 1862 vere
452 1797 705 1871 sanctificamur,
726 1797 770 1862 ita
799 1811 831 1862 ut
854 1820 917 1862 non
942 1798 1047 1862 solum
1064 1810 1259 1882 reputemur,
1276 1798 1333 1862 sed
1351 1796 1452 1861 etiam
1467 1816 1537 1861 vere

345 1905 449 1971 simus
459 1905 540 1990 justi
562 1927 599 1970 ac
620 1905 724 1971 sancti
750 1907 884 1991 lleoque
906 1906 1042 1992 probati.
1077 1907 1227 1971 Declarat
1242 1905 1325 1970 enim
1343 1904 1495 1971 Ecclesia
1508 1903 1536 1969 in

345 2014 489 2080 Concilio
507 2014 760 2079 Tridentino:
785 2018 883 2078 Hanc
899 2020 1157 2098 dispositionem,
1176 2039 1235 2080 sen
1247 2023 1537 2099 praeparationem

336 2130 536 2207 justificatio
553 2133 627 2206 ipsa
644 2133 868 2207 consequitur,
887 2148 987 2207 qnae
1010 2147 1086 2187 non
1102 2135 1164 2187 est
1178 2127 1269 2189 sota
1282 2133 1537 2207 peccatoram

348 2242 561 2313 remissio,
580 2239 707 2297 sedet
722 2240 1016 2315 sanctificatio
1034 2242 1300 2298 etrenocatio
1322 2240 1538 2297 interioris

345 2351 516 2407 nominis
543 2366 604 2424 per
635 2347 858 2406 voluntariam
889 2352 1129 2424 susceptionem
1153 2351 1284 2421 pratiae
1304 2346 1536 2419 sidenorum,

348 2457 434 2515 ande
449 2460 543 2515 ttomo
568 2476 617 2515 ec
637 2458 789 2530 injusto
812 2457 870 2528 fit
888 2458 1050 2531 justas,
1076 2461 1177 2516 eten
1193 2460 1355 2516 inimico
1374 2460 1536 2530 amicae,

352 2572 390 2625 nt
404 2570 450 2625 eit
463 2570 583 2625 tiaeres
593 2567 773 2625 secundum
789 2586 879 2643 spem
894 2571 980 2625 citae
997 2570 1161 2625 aeternae.
1177 2562 1220 2625 Et
1234 2560 1385 2627 inferius:
1405 2566 1539 2626 Demarn

347 2679 466 2735 unica
480 2675 678 2752 formatis
694 2695 838 2750 carisa,
857 2670 913 2735 ie.
930 2691 1053 2757 eaque
1069 2669 1199 2756 proprie
1211 2669 1291 2755 justi
1307 2669 1472 2736 efficimur
1488 2691 1538 2735 seu

347 2781 595 2867 potissumus,
628 2790 690 2844 est
699 2787 876 2860 justitia
892 2783 981 2856 Dei,·
1002 2802 1079 2844 non
1101 2802 1177 2864 qua
1193 2788 1281 2862 ipse
1293 2785 1450 2859 justas
1470 2787 1537 2857 eet,

349 2898 420 2955 sed
433 2914 509 2975 aaa
525 2914 598 2954 nos
604 2885 749 2969 jasius
763 2896 895 2971 facit,
913 2913 979 2972 pau
995 2892 1146 2953 videlicet
1160 2894 1201 2952 ab
1219 2912 1255 2953 eo
1274 2894 1405 2969 donati,
1426 2911 1537 2954 reno-

348 3023 484 3064 vamur
515 2982 671 3083 spirita
702 3007 845 3062 mentis
876 3008 1057 3079 nostrae,
1081 3009 1220 3062 etnon
1244 3003 1358 3062 modo
1385 3008 1537 3082 reputa·

347 3133 453 3190 mar,
471 3115 544 3174 sed
557 3132 646 3173 cere
668 3115 778 3188 Justi
800 3117 1065 3184 nominamur,
1087 3119 1125 3173 et
1144 3131 1304 3187 samus,
1319 3114 1540 3186 Jastitiarnin

347 3226 441 3284 nobie
457 3229 661 3303 recipie-ntes,
681 3227 905 3301 unusquisque
920 3241 1017 3281 snam
1032 3223 1213 3282 secandam
1224 3240 1431 3299 mensuram,
1450 3240 1540 3302 quan

348 3331 496 3413 Spiritus
512 3333 549 3396 S.
563 3339 711 3412 partitur
726 3332 880 3406 sinpulis,
900 3337 1005 3408 prout
1018 3331 1102 3406 vult,
1128 3337 1161 3390 et
1174 3331 1357 3391 secundam
1369 3335 1540 3410 propriant

347 3448 506 3522 caiusque
528 3445 790 3522 dispositionem,
816 3446 849 3499 et
879 3446 1140 3519 cooperationem
1153 3439 1187 3517 ¹).
1228 3440 1332 3522 Atque
1349 3435 1539 3502 sententiam

349 3549 527 3635 oppositam
544 3547 792 3612 Protestantium
810 3547 1009 3610 anathemate
1026 3545 1181 3630 percellit,
1199 3543 1370 3609 deliniens:
1419 3546 1461 3609 sa·
1476 3553 1540 3630 prata

350 3663 485 3737 (fixerit,
504 3664 650 3720 ttomines
662 3662 924 3737 J’ustisieari,
946 3659 998 3719 oet
1022 3658 1112 3718 sola
1134 3663 1404 3738 imputatione
1415 3661 1540 3735 justi·

349 3773 431 3828 tiae
449 3768 625 3845 Ottristi,
643 3771 695 3829 oet
707 3770 800 3829 sola
814 3775 1072 3847 peccatoram
1093 3752 1350 3845 remissione,
1375 3769 1542 3829 esclusa

346 3883 502 3955 pratia,
522 3885 561 3938 et
575 3883 797 3953 charitate,
816 3897 919 3957 qnae
935 3882 975 3938 in
991 3879 1187 3938 cordibus
1204 3896 1342 3937 eoram
1361 3897 1442 3956 per
1459 3875 1540 3957 Spl-

348 3989 482 4046 ritum
513 3984 551 4046 S.
585 3988 875 4064 diffundatur,
911 3992 1043 4067 atque
1074 3986 1172 4046 iilis
1212 3990 1454 4058 intranea&
1493 3989 1544 4046 ant

348 4098 470 4173 eham,
509 4101 672 4171 qratiam,
712 4114 777 4174 pua
796 4096 1042 4173 justificamur,
1078 4116 1151 4156 esse
1183 4101 1336 4155 tantam
1365 4098 1543 4173 [aaaron

350 4201 578 4283 Deisa.s.²).

458 4332 539 4398 Huic
561 4349 668 4400 autem
692 4337 857 4401 doctrinae
880 4337 919 4399 ab
942 4332 1091 4398 Ecclesia
1113 4328 1291 4395 solenniter
1317 4329 1473 4396 definitae
1487 4326 1542 4394 aul·

233 4489 239 4496 ,
351 4434 516 4524 fragantur
540 4447 598 4508 SS.
621 4444 778 4519 Litterae,
803 4448 862 4509 SS.
894 4446 1023 4517 Patres,
1047 4461 1107 4506 nec
1128 4462 1193 4504 non
1209 4439 1282 4523 ipsa
1298 4438 1387 4504 ratio
1405 4439 1469 4505 fide
1483 4438 1540 4504 illu·

352 4562 460 4614 strata.
486 4551 575 4629 Quod

354 4741 566 4756 ῃ

459 4843 485 4920 ¹)
502 4845 582 4908 Sese.
599 4850 627 4907 6.
644 4851 734 4910 Decr.
751 4847 900 4929 dajustif.
918 4869 943 4908 c.
962 4851 989 4908 7.
1008 4884 1048 4894 —
1067 4853 1098 4922 ²)
1116 4847 1198 4909 Sese.
1216 4849 1246 4909 6.
1264 4867 1336 4909 can·
1356 4851 1409 4911 11.
