3775 5625
356 401 422 487 aas

360 589 473 662 evehit,
489 592 534 651 ita
551 601 583 651 ut
594 592 666 667 jure
683 593 850 652 facultas
871 592 1117 668 supernaturalis
1139 591 1286 650 virtutum
1303 590 1538 669 theologicarum

357 701 464 772 fidei,
482 702 563 778 spei
579 713 616 761 et
634 702 843 761 charitatis
861 702 983 761 deliniri
1000 702 1109 777 possit,
1127 720 1203 778 quae
1221 711 1252 759 et
1270 721 1384 778 reapse
1402 711 1459 761 cst.

459 812 591 872 Aduot.
613 809 643 871 2.
662 813 797 870 Gratia
808 812 1039 887 justificans
1057 821 1272 888 praeterquam
1291 813 1372 888 quod
1391 812 1479 870 ctiam
1491 813 1537 886 ju·

355 922 465 980 stitia
482 931 513 980 et
527 922 769 996 justificatio
792 922 926 989 dicatur,
945 940 1037 997 porro
1060 921 1231 996 adpellatur
1254 921 1387 999 gratia
1405 922 1537 981 sancti·

355 1031 500 1099 ficans,
532 1032 737 1104 sanctitas,
769 1031 1061 1100 sanctificatio,
1093 1031 1241 1106 adoptio
1266 1030 1441 1089 filiorum
1466 1033 1540 1101 Dei,

354 1140 433 1198 vita
454 1149 628 1208 aeterna,
652 1142 791 1219 pignus
815 1141 915 1200 vitae
943 1149 1139 1208 aeternae,
1158 1139 1353 1208 Christus,
1373 1159 1479 1217 quem
1495 1142 1538 1199 in·

354 1250 515 1319 duimus,
534 1249 709 1323 Spiritus
728 1250 773 1317 S,
791 1251 850 1325 qui
880 1248 1029 1307 habitat
1059 1248 1097 1305 in
1125 1248 1251 1319 nobis,
1276 1226 1540 1327 regeneratio,

353 1359 576 1426 renovatio,
609 1359 687 1416 vita
720 1359 961 1433 spiritualis,
989 1367 1019 1415 et
1047 1358 1212 1433 praecipue
1230 1357 1419 1442 charitas.
1445 1358 1540 1433 Quare

352 1466 501 1543 imprimis
519 1466 657 1527 charitas
674 1478 814 1538 vocetur,
833 1487 870 1525 ex
886 1467 1018 1525 inferius
1034 1465 1171 1527 dicendis
1188 1467 1325 1542 patebit;
1345 1468 1424 1544 quod
1442 1468 1539 1529 habi·

353 1577 474 1635 tualis
492 1577 623 1645 dicatur,
641 1577 782 1654 quoniam
800 1596 868 1647 non,
885 1587 919 1635 ut
935 1577 1041 1655 gratia
1058 1576 1200 1647 actualis,
1218 1577 1343 1645 transit,
1362 1578 1416 1635 sed
1435 1589 1540 1648 manet,

348 1685 413 1759 jam
436 1704 531 1761 supra
556 1687 670 1747 dictum
693 1698 751 1746 est.
792 1687 852 1746 Hic
869 1688 931 1746 loci
947 1696 1064 1744 tantum
1081 1686 1111 1743 id
1128 1685 1224 1745 adhuc
1248 1687 1448 1754 adnotamus,
1467 1706 1540 1765 gra·

354 1779 445 1853 tiam
472 1796 768 1869 justificantem
792 1807 823 1855 et
843 1796 1181 1863 sanctificantem,
1199 1796 1272 1855 licet
1289 1815 1385 1855 voces
1401 1796 1460 1855 hae
1477 1816 1538 1874 pas·

352 1904 411 1962 sim
441 1906 616 1980 promiscue
650 1906 866 1974 adhibeantur,
900 1916 1002 1963 tamen
1025 1923 1239 1982 nonnunquam
1266 1923 1362 1964 sensu
1392 1907 1538 1967 strictiori

352 2014 441 2082 sumi,
458 2015 503 2073 ita
519 2025 553 2073 ut
569 2016 673 2093 gratia
684 2016 912 2090 justificans
929 2025 1073 2083 vocetur,
1101 2015 1218 2092 quando
1242 2032 1302 2074 una
1318 2026 1452 2091 peccata
1468 2018 1538 2076 tollit

351 2132 382 2180 et
399 2125 584 2193 sanctificat,
611 2126 781 2199 justitia
813 2126 933 2200 prima
956 2125 1024 2182 ideo
1048 2124 1139 2193 dicta,
1173 2125 1438 2186 sanctificans
1460 2146 1536 2195 vero,

351 2233 469 2307 quando
486 2244 615 2309 peccata
631 2236 711 2293 nulla
729 2236 818 2302 tollit,
837 2235 923 2310 quia,
941 2233 1082 2292 omnibus
1099 2251 1154 2308 per
1172 2234 1306 2311 gratiam
1318 2235 1535 2309 justificantem

351 2342 487 2417 priorem
505 2345 654 2415 sublatis,
688 2346 770 2403 nulla
785 2344 918 2412 invenit,
943 2343 997 2401 sed
1020 2342 1050 2400 in
1074 2343 1162 2400 nobis
1179 2352 1295 2402 tantum
1308 2345 1467 2418 justitiam
1482 2347 1534 2422 pri·

351 2469 428 2508 niam
446 2463 557 2529 auget,
581 2464 611 2511 ct
633 2453 704 2512 hinc
722 2454 814 2512 ctiam
831 2453 990 2528 justitia
1006 2453 1171 2512 secunda
1188 2453 1370 2529 adpellatur.
1411 2456 1495 2514 Unde
1510 2466 1535 2514 et

351 2560 463 2619 factum
481 2569 540 2630 est,
558 2571 601 2630 ut,
620 2562 738 2637 quando
756 2563 843 2620 ambo
861 2563 1025 2631 vocabula,
1044 2561 1148 2639 gratia
1158 2561 1337 2635 justificans
1356 2572 1387 2623 et
1404 2565 1533 2624 sanctifi·

350 2686 436 2736 cans,
454 2687 510 2727 seu
521 2670 704 2744 justificatio
722 2682 753 2729 et
769 2671 985 2751 sanctificatio,
1003 2670 1246 2748 conjunguntur,
1264 2671 1351 2746 prius
1369 2683 1487 2733 tantum
1501 2674 1532 2732 ad

350 2778 563 2838 remissionem
579 2790 776 2856 peccatorum
794 2781 1015 2860 designandam
1033 2780 1255 2859 restringatur.

456 2890 588 2950 Adnot.
605 2886 636 2951 3.
653 2891 791 2961 Justitio,
809 2910 886 2967 quae
895 2891 1019 2968 proprie
1037 2891 1078 2949 nil
1095 2891 1177 2948 aliud
1194 2890 1363 2967 significat,
1382 2912 1473 2968 quam
1489 2912 1530 2950 or·

348 2998 426 3056 dinis
450 2999 681 3068 rectitudinem,
699 3001 728 3058 id
746 3000 825 3057 enim
836 3000 966 3074 justum,
984 3000 1061 3076 quod
1078 3009 1198 3058 rectum
1216 3017 1272 3056 seu
1289 3000 1492 3077 adaequatum
1507 3010 1532 3059 et

348 3127 415 3166 cum
433 3126 489 3166 sua
505 3111 616 3187 regula
633 3110 744 3185 optimc
762 3128 952 3186 congruens,
969 3110 999 3167 in
1017 3109 1117 3168 sacris
1134 3109 1257 3187 paginis
1275 3110 1447 3186 accipitur:

453 3215 482 3278 1.
499 3220 561 3278 Pro
579 3219 690 3277 animi
707 3219 966 3288 rectitudine,
990 3238 1048 3294 qua
1070 3218 1159 3276 homo
1177 3229 1264 3278 recte
1282 3220 1447 3280 ordinatur
1465 3239 1531 3299 erga

345 3329 465 3398 Deum,
498 3347 532 3386 se
558 3338 589 3386 et
610 3330 792 3403 proximum.
837 3329 905 3387 Hoc
931 3347 1026 3386 sensu
1037 3327 1161 3402 justitia
1182 3327 1345 3387 adhibetur
1367 3349 1386 3387 a
1410 3332 1530 3399 Paulo,

347 3437 465 3512 quando
489 3438 546 3496 ait:
586 3437 635 3496 Et
654 3443 801 3496 inveniar
826 3442 862 3496 in
882 3437 940 3495 etto
966 3456 1032 3496 non
1053 3437 1178 3496 babens
1194 3457 1298 3496 meatu
1314 3442 1528 3514 justitiam,

346 3564 430 3624 quae
446 3564 490 3604 ec
506 3545 574 3621 depe
590 3552 651 3622 cst,
670 3549 732 3606 sed
745 3546 837 3607 illum
863 3545 987 3606 &bristi
1004 3545 1108 3605 Jesu:
1141 3566 1225 3626 puae
1250 3567 1293 3606 eo:
1314 3547 1387 3607 Deo
1407 3557 1460 3611 est
1470 3553 1529 3626 ju·

345 3657 463 3714 stitia
478 3658 513 3713 in
524 3656 590 3731 fide
600 3653 635 3730 ¹).

452 3758 482 3823 2.
500 3765 562 3822 Pro
596 3767 836 3825 rectitudine
870 3766 1062 3826 actionum
1095 3777 1170 3825 tum
1195 3767 1437 3826 internarum
1464 3779 1529 3828 tun

346 3883 615 3944 externarum,
642 3895 685 3933 ex
702 3876 768 3934 hac
787 3876 899 3934 animi
924 3876 1156 3934 rectitudine
1175 3876 1529 3954 prodeuntium,uti,

347 3983 465 4058 quando
485 3984 668 4042 Salvator
686 3986 743 4043 ait:
767 3984 845 4044 Nisi
862 3986 1081 4045 ubundaverit
1095 3985 1324 4061 (praestantior
1342 3986 1457 4063 fuerit)
1470 3990 1529 4062 ju·

344 4096 456 4151 stitia
487 4099 598 4152 vestra
631 4094 732 4169 (juste
757 4094 878 4152 vivendi
899 4094 998 4167 ratio)
1027 4093 1121 4172 plus,
1145 4113 1242 4173 quam
1263 4090 1481 4172 Scribarum,
1506 4100 1530 4153 el

344 4200 622 4278 Pharisaeorum,
641 4222 708 4262 aon
723 4204 891 4262 intruditis
914 4208 950 4262 in
970 4222 1105 4278 regnum
1122 4203 1341 4276 coetorum).
1385 4209 1420 4264 ln
1437 4205 1530 4265 schola

338 4310 462 4385 justitia
483 4311 561 4372 hacc
589 4314 771 4382 actualis,
794 4313 984 4389 praecedens
1001 4313 1237 4392 habitualis,
1260 4322 1397 4390 utraque
1421 4334 1528 4394 geue·

345 4421 563 4484 ralisaudit.

452 4526 482 4590 3.
501 4533 563 4590 Pro
595 4534 739 4591 virtute
763 4533 901 4609 cuique
928 4553 1035 4592 suum
1058 4531 1273 4598 tribuendi,
1293 4543 1333 4590 et
1350 4535 1398 4593 ab
1417 4536 1527 4592 altero

453 4786 475 4866 1)
491 4787 570 4851 rari.
603 4784 632 4862 e,
664 4785 694 4849 a.
728 4786 772 4850 cf.
807 4785 835 4849 1.
867 4787 958 4856 noan.
992 4785 1026 4864 3,
1060 4785 1088 4851 a.
1116 4789 1167 4846 rs.
1193 4783 1524 4863 31,11.9o,11.-

345 4872 372 4965 Β)
387 4879 495 4939 uasto.
512 4875 546 4954 5,
563 4876 617 4942 20.
1092 4886 1096 4893 ·
