3775 5625
341 419 408 494 iOi

225 549 232 566 ΙΙ
342 589 541 664 stodor-ns,
566 585 743 662 deductio
766 586 933 654 aetolum
945 588 1041 665 secti,
1064 590 1187 654 leomlm'
1203 594 1341 650 moram
1356 586 1488 663 samm,
1504 592 1529 648 et

342 716 501 764 cenesca
512 697 710 770 destituisse
722 701 889 771 vacuavit,
901 700 1046 759 ommam
1061 696 1228 768 malorum
1243 702 1363 774 mater,
1371 696 1530 760 eceterae

339 809 434 885 som,
442 825 525 888 pena
534 810 698 885 neptalin
707 804 748 881 ¹);
766 825 898 869 necnon
916 824 1064 870 sensuum
1081 807 1190 870 nimias
1207 807 1339 866 vitemus
1357 783 1529 876 illecebras,

343 935 421 993 qnae
437 916 534 993 primo
559 925 688 992 peccato
711 916 864 993 originem
889 915 1058 985 dedorunt,
1075 933 1223 993 omneque
1239 917 1353 980 malum
1382 916 1414 976 in
1433 915 1533 980 orbata

342 1026 594 1095 introduxerunt3
619 1043 688 1084 nam
709 1025 782 1084 illac
807 1025 944 1091 excitant
966 1024 1214 1094 delectationem,
1232 1025 1413 1090 delectatio·
1425 1034 1534 1092 auten,

343 1134 527 1211 alloquitur
559 1134 751 1202 isidorus,
779 1138 874 1211 parit
901 1151 1116 1201 consensum:
1147 1151 1330 1200 comentur
1357 1138 1536 1200 aetiam?

343 1247 428 1310 ectio
443 1243 728 1312 consuetudinem:
745 1243 946 1310 commiade
967 1247 1212 1312 moecsitotera:
1236 1246 1423 1310 eece-eattae
1445 1261 1537 1304 mor·

346 1358 410 1420 tem
420 1350 458 1429 ²).
474 1353 568 1429 quue
585 1370 621 1420 eo
639 1352 860 1430 magianum
876 1370 933 1412 nos
956 1353 1227 1429 protoparentibus
1251 1362 1321 1412 ante
1339 1352 1537 1422 commissam

342 1472 507 1540 peccatum
538 1462 713 1538 comparari
736 1453 1095 1538 prorsus'nequeamns,
1129 1461 1184 1520 sed
1201 1461 1267 1536 jam
1284 1479 1301 1520 a
1318 1470 1433 1520 natura
1448 1469 1540 1538 propt

343 1573 409 1632 irae
425 1571 545 1642 melnae
571 1571 708 1644 obnoxii,
735 1572 780 1630 ita
804 1571 841 1630 ad
863 1572 1079 1633 omnebonum
1096 1581 1223 1648 propter
1240 1549 1421 1638 intellectus
1448 1580 1538 1647 atque

344 1681 512 1751 voluntatis
527 1681 738 1752 infirmitatem
759 1691 792 1749 ct
812 1680 1082 1757 concupiscentiae
1104 1681 1268 1740 dominium
1284 1680 1539 1757 praeponderante

344 1793 412 1852 iere
427 1791 578 1862 inhabiles
595 1792 701 1851 simus.
719 1791 857 1851 Tandem

449 1896 481 1964 3.
502 1901 629 1960 miseria
649 1910 904 1978 protoparentum
929 1911 961 1960 et
986 1911 1105 1971 nostra,
1138 1919 1177 1959 ex
1201 1909 1329 1977 peccato
1347 1909 1434 1969 orta,
1453 1899 1541 1966 nobis

346 2012 534 2089 gravitatem
549 2010 671 2086 peccati
687 2010 836 2079 ostendit,
860 2028 976 2086 nosque
989 2010 1115 2080 excitat,
1133 2019 1166 2068 nt
1182 2018 1229 2067 tot
1245 2027 1281 2068 ae
1298 2018 1403 2067 tantos
1421 2009 1540 2086 peccati

346 2120 545 2179 tristissimos
562 2121 693 2179 effeetus
711 2119 842 2196 experti,
860 2137 938 2198 erga
954 2128 1116 2196 peccatum
1134 2127 1287 2195 tamquam
1305 2136 1458 2177 summum
1476 2136 1537 2176 ma·

345 2232 407 2288 lum
439 2239 469 2288 et
500 2228 598 2287 omnis
622 2228 768 2287 miseriae
790 2238 917 2287 nostrae
944 2228 1098 2305 originem
1120 2245 1270 2286 summum
1292 2245 1328 2287 ac
1357 2236 1538 2304 perpetuum

348 2340 559 2417 concipiamus
576 2338 687 2401 odium.

458 2574 485 2657 t.
503 2567 572 2639 48.
588 2572 841 2639 Peccatum
857 2567 1041 2638 actuale
1061 2581 1148 2638 sen
1163 2570 1429 2655 personale.

453 2755 506 2833 Ex
521 2752 796 2839 concupiscentia,
819 2773 876 2819 seu
902 2751 1102 2837 proclivitate
1118 2748 1172 2818 illa
1186 2752 1272 2817 bona
1288 2751 1449 2819 sensualia
1466 2772 1549 2816 con-

349 2877 400 2937 tra
421 2862 566 2939 ordinem
588 2862 724 2929 rationis
746 2861 925 2947 adpetendi,
958 2883 1037 2948 quae
1058 2861 1152 2925 nobis
1177 2882 1218 2927 ex
1238 2875 1374 2947 peccato
1392 2860 1549 2949 original-

349 2974 448 3051 incst,
469 2974 598 3039 veniunt
618 2973 716 3045 multa
737 2972 790 3036 illa
805 2995 843 3040 ac
860 2971 988 3037 diversa
1002 2984 1137 3057 peccata
1153 2971 1288 3037 actualia
1304 2971 1372 3038 sive
1388 2990 1522 3057 persona

350 3082 400 3158 lia,
417 3103 496 3169 quae
512 3081 630 3170 singuli
646 3081 792 3145 homines
810 3080 992 3156 admittunt,
1014 3079 1175 3166 atquibus
1192 3080 1398 3165 potissimum
1414 3077 1549 3145 miseri·

350 3193 479 3280 generis
495 3191 623 3267 humaui
641 3191 829 3276 completur.
854 3191 1058 3277 Subjungere
1074 3188 1179 3275 itaque
1201 3189 1409 3275 praecedenti
1425 3186 1540 3253 doctri.

351 3323 410 3367 nae
433 3303 471 3367 de
492 3314 626 3388 peccato
649 3299 798 3388 originali
819 3298 970 3364 convenit
990 3299 1093 3363 adhuc
1117 3299 1246 3363 brevem
1262 3298 1487 3364 tractationem
1500 3297 1549 3361 d«

350 3411 474 3499 peccati
490 3410 671 3498 personalis
689 3423 812 3485 natura,
828 3409 947 3485 malitia
963 3421 1056 3494 atque
1077 3407 1258 3474 effectibus:
1282 3409 1417 3475 dicimus
1439 3419 1549 3474 auter·

351 3522 574 3597 tractationem
588 3521 729 3596 brevem,
746 3520 904 3606 quoniam
921 3517 1053 3583 uberior
1073 3519 1166 3603 hujus
1182 3518 1308 3603 peccati
1325 3517 1485 3604 expositio
1500 3533 1549 3580 aa

353 3629 565 3716 'theologiam
579 3630 735 3693 moralem
750 3641 883 3714 spectat.

459 3741 520 3803 Est
536 3751 640 3805 autem
656 3750 823 3823 peceatum
839 3738 1020 3823 personale,
1038 3759 1110 3812 seu,
1129 3751 1162 3802 nt
1177 3736 1390 3802 communiter
1407 3737 1549 3822 adpelle.⁴

338 3860 414 3923 tur,
431 3845 575 3933 quamvis
591 3846 695 3913 murus
712 3848 881 3921 adcurate,
898 3847 1023 3911 actuale
1038 3846 1199 3911 aberratio
1218 3859 1386 3912 creaturae
1402 3847 1549 3913 ratione·

353 3957 391 4022 lis
414 3978 433 4021 a
453 3955 518 4029 line
540 3978 600 4021 suo
618 3956 727 4020 ultimo
745 3957 847 4020 libero
867 3968 939 4021 actu
957 3955 1114 4040 perfecta,
1132 3976 1189 4020 seu
1206 3956 1428 4043 transgressio
1445 3956 1549 4020 liberi

352 4066 434 4155 legis
455 4065 579 4143 divinae
601 4066 758 4155 cognitae.
797 4067 905 4151 ltaque
925 4065 957 4129 in
974 4078 1108 4150 peccato
1126 4065 1187 4129 tria
1204 4077 1278 4129 sunt
1295 4064 1549 4131 consideranda.

352 4177 405 4240 lex
431 4176 560 4240 moralis
589 4197 647 4240 seu
668 4177 815 4240 voluntas
832 4174 948 4249 divina,
965 4175 1048 4239 aetio
1067 4175 1129 4262 legi
1147 4196 1350 4262 repugnem,
1368 4187 1460 4260 atque
1476 4171 1549 4239 ani·

353 4306 423 4348 mus
455 4306 512 4349 seu
544 4285 691 4348 voluntas
712 4296 788 4369 post
808 4283 1004 4371 agnitionem
1033 4285 1145 4370 alege
1168 4283 1274 4347 divina
1295 4284 1458 4349 declinans
1474 4283 1549 4347 sivc

353 4396 516 4460 aberrans.
541 4397 688 4459 Attamen
704 4405 872 4479 peccatum
895 4392 1026 4478 proprie
1048 4392 1080 4455 in
1097 4393 1258 4457 voluntate
1276 4395 1449 4478 depravata
1462 4389 1549 4456 resi·

355 4505 416 4580 det,
433 4524 495 4590 qua
509 4501 560 4576 lit,
576 4516 610 4567 ut
624 4503 787 4567 videamus
805 4502 1041 4588 probemusqne
1058 4502 1200 4576 meliora,
1219 4515 1251 4566 et
1266 4502 1469 4568 nihilominus
1484 4501 1517 4563 de
1527 4525 1549 4541 ⁶

357 4675 572 4688 ⁵-—

462 4760 491 4836 ¹)
507 4764 550 4821 Ia
564 4763 619 4820 Pa.
637 4764 686 4832 18,
704 4765 753 4821 16.
786 4759 866 4840 Opp.
883 4758 921 4819 cd
937 4760 1033 4820 Maur.
1066 4759 1142 4821 Ven.
1162 4757 1258 4821 1729.
1277 4760 1314 4821 T.
1331 4758 1362 4823 2.
1378 4782 1409 4840 p.
1426 4758 1474 4822 61.
1493 4778 1548 4799 κ

357 4847 385 4941 ²)
401 4851 530 4914 Serttent.
547 4854 566 4914 l.
583 4849 614 4914 2.
631 4872 655 4914 c.
674 4855 723 4915 23.
741 4850 821 4932 Opp.
838 4873 869 4931 p.
885 4847 961 4913 443.
981 4871 1005 4912 o.
1025 4848 1107 4913 LO.
