3775 5625
1406 449 1473 526 fidi

284 629 370 720 quod
386 627 523 715 erumpit
538 626 569 695 in
586 640 677 733 actus
694 638 839 703 sanctos,
855 625 969 715 quibus
984 625 1081 694 bomo
1098 624 1264 695 crescitis
1279 624 1473 715 acceptaju·

285 741 383 816 stitia,
400 754 433 806 et
448 761 602 806 coronam
619 738 679 805 sibi
696 738 888 824 promissam
911 739 1016 826 magis
1032 738 1198 827 magisque
1213 737 1340 827 perlicit
1355 750 1388 803 et
1402 756 1473 827 pre·

286 850 455 918 tiosiorem
469 849 584 914 reddit.

392 958 551 1044 Exposita
565 958 669 1045 itaque
691 956 814 1046 gratiae
831 957 1041 1033 necessitato,
1059 959 1127 1043 ejus
1145 970 1256 1023 natura
1272 979 1310 1023 ec
1326 957 1473 1025 distribu-

284 1070 383 1145 tione,
400 1081 511 1145 restat,
528 1082 561 1133 ut
577 1070 680 1133 adhuc
696 1069 734 1132 de
752 1067 909 1134 fructibus
925 1069 1070 1153 ejusdem
1087 1090 1144 1134 seu
1162 1069 1199 1133 de
1217 1068 1310 1134 bonis
1324 1066 1475 1153 operibus

247 1227 250 1234 -
284 1180 494 1245 disseramus.
518 1176 728 1264 lntelligimus
745 1189 851 1241 autem
868 1179 927 1242 sub
951 1177 1141 1262 operibus
1162 1177 1276 1244 bonis
1292 1177 1475 1243 actiones

283 1288 452 1363 liberas,
484 1286 564 1374 legi
595 1285 748 1351 divinae
781 1286 1021 1362 conformes,
1048 1307 1096 1352 ex
1116 1287 1259 1352 motivo
1292 1307 1473 1373 superna·

286 1397 425 1472 turali‚
458 1395 676 1461 auxiliante
708 1395 838 1482 gratia
861 1395 992 1459 divine
1017 1396 1236 1479 perlectas.
1267 1397 1476 1481 Opereheec,

286 1527 366 1593 quae
384 1503 639 1591 supernaturalia
654 1503 795 1577 audiunt,
811 1505 851 1567 ab
869 1503 1021 1588 operibus
1038 1504 1132 1568 bonis
1149 1504 1344 1570 naturalibus
1360 1525 1400 1569 eo
1418 1504 1474 1569 dil·

285 1617 406 1690 iorum,
438 1616 523 1699 quod
540 1635 604 1677 non
621 1624 741 1677 tantum
763 1612 802 1676 ad
824 1633 969 1677 normam
986 1614 1275 1697 supernaturalem,
1290 1612 1310 1677 i.
1327 1634 1353 1677 e.
1371 1615 1476 1701 legem

285 1746 345 1813 per
354 1724 581 1790 revelationem
591 1724 706 1797 datam,
723 1733 799 1785 sunt
815 1723 1068 1797 adcommodata,
1086 1723 1143 1786 sed
1160 1720 1330 1807 praecipue
1347 1722 1419 1808 quia
1435 1742 1478 1787 ex

284 1833 407 1902 motivo
423 1830 666 1917 supernaturali,
682 1833 712 1895 lr.
730 1852 757 1896 e.
774 1852 832 1915 per
848 1831 1079 1896 revelationem
1095 1830 1189 1896 nobis
1206 1830 1386 1916 proposito,
1403 1843 1477 1895 sunt

284 1955 432 2029 peracta,
452 1954 546 2029 atque
566 1942 639 2006 ideo
663 1941 809 2005 exiente
826 1941 1076 2026 supernaturali,
1093 1962 1135 2005 ex
1150 1943 1311 2006 voluntate
1328 1961 1387 2028 per
1402 1961 1475 2027 gra·

283 2053 361 2118 tiam
376 2052 628 2118 sanctificantem
645 2048 765 2125 sanati,
783 2064 837 2114 aut
852 2052 965 2116 saltem
981 2073 1039 2137 per
1055 2050 1192 2139 gratiam
1213 2052 1368 2117 actualem
1390 2049 1475 2115 exci-

285 2160 353 2227 tati
374 2174 407 2227 et
425 2162 531 2246 adjuta
556 2172 755 2245 promanant.
793 2159 909 2225 Priora
934 2181 1034 2245 opera
1057 2162 1143 2226 bona
1165 2159 1315 2245 adpellari
1341 2170 1478 2245 possunt

285 2272 483 2358 perlecta,
504 2271 690 2354 posteriora
709 2269 957 2353 imperfecta,
981 2292 1077 2357 quum
1096 2270 1149 2335 illa
1171 2291 1213 2334 ex
1235 2269 1389 2334 charitate
1404 2289 1475 2354 per·

285 2382 381 2454 lecta,
399 2401 479 2465 quse
491 2379 617 2464 justitia
632 2393 692 2455 est,
709 2379 968 2465 proficiscantur,
985 2381 1066 2445 baec
1081 2392 1186 2444 autern
1203 2401 1268 2444 non
1283 2378 1368 2443 item.

396 2494 569 2551 Novatores
591 2511 674 2553 saec.
707 2495 792 2553 xvi.
816 2511 871 2570 pro
895 2511 951 2551 suo
974 2502 1142 2567 systemate
1165 2493 1263 2570 quoad
1286 2493 1366 2551 bons
1381 2509 1478 2569 opera

285 2612 353 2663 toto
371 2602 458 2661 coelo
476 2601 601 2660 diversa
617 2602 653 2661 ab
670 2603 815 2663 Ecclesia
833 2602 993 2661 Catholica
1010 2602 1196 2663 statuebant.
1215 2599 1312 2676 Quum
1330 2600 1409 2659 enim
1428 2619 1476 2659 se·

285 2711 418 2773 cundum
449 2710 524 2788 illud
551 2710 675 2785 justitia
705 2710 838 2771 hominis
870 2720 934 2769 tota
966 2710 1007 2768 sit
1040 2719 1156 2770 tantum
1188 2709 1336 2780 exterior,
1354 2709 1478 2784 justitia

285 2821 406 2882 curisti
421 2821 570 2897 imputata
587 2831 618 2880 et
633 2839 688 2898 per
704 2821 793 2881 fidem
815 2820 1023 2897 apprehensa,
1048 2838 1105 2880 nec
1126 2819 1286 2880 interioris
1309 2820 1412 2881 cordis
1428 2839 1476 2879 re·

285 2949 398 2992 cessus
414 2939 568 3006 penetret,
585 2939 617 2989 et
633 2929 724 2990 etiam
742 2929 964 2997 sanctificatio,
982 2947 1070 3006 quam
1087 2927 1266 2989 necessario
1276 2922 1476 3002 justificatio·

285 3058 357 3099 nem
378 3038 525 3114 consequi
552 3038 798 3118 praecipiebant,
816 3037 913 3096 sollus
935 3037 1094 3113 operantis
1115 3037 1175 3096 Dei
1190 3037 1220 3095 iu
1237 3037 1341 3110 nobis,
1364 3054 1476 3115 nequa·

286 3168 376 3228 quam
399 3158 500 3207 autem
516 3165 592 3205 vere
608 3157 716 3206 nostra
733 3165 769 3207 ac
785 3148 912 3225 propria
934 3147 991 3217 sit;
1013 3157 1104 3224 atque
1126 3164 1215 3224 quum
1236 3156 1397 3223 peccatum
1415 3146 1476 3206 ori·

280 3259 391 3346 'ginale
407 3260 493 3316 velut
509 3257 682 3316 substantia
698 3258 845 3334 quaedam
855 3257 980 3337 jugiter
996 3257 1026 3316 in
1042 3256 1178 3338 bomine,
1195 3275 1254 3316 non
1271 3266 1388 3316 tanturn
1406 3266 1477 3317 aute

280 3367 538 3444 justificationem
563 3366 652 3436 insit,
675 3368 730 3425 sed
747 3376 778 3425 et
793 3377 864 3444 post
875 3367 1129 3442 justificationem
1146 3377 1338 3443 permaneat:
1370 3385 1477 3432 omues

287 3476 428 3536 actiones
443 3475 474 3533 in
491 3474 543 3533 illo
561 3484 740 3549 systemate,
757 3475 924 3553 etquidem
940 3493 1001 3535 non
1019 3476 1117 3534 solum
1133 3475 1252 3550 inJ'usti,
1270 3476 1324 3534 sed
1341 3484 1373 3534 et
1383 3474 1476 3550 justi·

285 3585 383 3654 ficati,
399 3593 550 3662 quatenus
567 3593 638 3642 sunt
654 3583 792 3644 actiones
808 3583 906 3660 ipsius
922 3583 1066 3653 hominis,
1082 3584 1262 3645 necessario
1279 3584 1390 3644 debent
1406 3602 1477 3643 esse

286 3712 456 3773 perversae
475 3702 528 3751 aut
543 3695 653 3752 saltem
670 3692 893 3769 coinquinatae.
923 3694 999 3753 Nam
1017 3694 1091 3754 licet
1107 3710 1201 3771 opera
1216 3694 1296 3754 bona
1312 3711 1366 3771 per
1381 3693 1477 3759 bomi-

287 3822 356 3863 nem
368 3801 573 3878 justificatum
592 3821 629 3860 ex
645 3802 888 3862 Protestantium
905 3801 1068 3879 hypothesi
1084 3803 1172 3863 liant:
1191 3811 1356 3871 satamon,
1373 3812 1477 3879 quate·

288 3931 347 3973 uus
364 3921 436 3970 sunt
451 3912 541 3979 bona,
559 3922 630 3971 sunt
646 3911 767 3972 nonnisi
785 3915 916 3973 effeetus
933 3912 1071 3989 Spiritus
1088 3914 1134 3983 8.,
1151 3912 1202 3988 qui
1217 3910 1322 3990 gratid
1338 3910 1406 3981 sub
1423 3930 1475 3970 ne·

287 4022 469 4082 cessitatem
491 4021 664 4091 inferente,
690 4022 794 4095 justos
820 4022 949 4098 impellit
965 4022 1002 4081 ad
1020 4041 1057 4081 ea
1073 4020 1235 4098 elicienda3
1257 4029 1408 4097 quatenus
1424 4038 1477 4079 au·

287 4142 349 4192 tem
367 4131 519 4208 prodeunt
535 4132 573 4190 ab
588 4130 721 4200 homine,
738 4149 828 4208 quum
845 4132 966 4192 fructus
983 4132 1045 4191 sint
1062 4129 1341 4207 concupiscentiae,
1358 4128 1480 4207 peceati

288 4241 377 4301 nobis
393 4240 596 4311 inhaerentis,
613 4242 693 4301 mala
709 4250 781 4300 sont
796 4241 977 4302 necessario
995 4251 1027 4300 et
1043 4238 1268 4318 peccaminosa.
1286 4238 1479 4316 Quapropter

289 4359 354 4409 tum
375 4348 533 4408 Lutherus
564 4358 628 4409 tum
652 4348 799 4409 calvinus
826 4350 1013 4429 docuerunt,
1030 4350 1112 4409 nulls
1128 4346 1195 4409 dari
1212 4347 1366 4408 hominurn
1384 4365 1480 4425 opera

288 4460 380 4527 bons,
397 4458 499 4518 omnia
515 4477 610 4541 opera
626 4458 718 4518 etiam
728 4457 885 4535 justorum
908 4477 946 4516 ex
964 4467 1161 4519 naturaesse
1176 4466 1307 4534 peccata
1326 4455 1479 4525 mortalia,
