3775 5625
420 387 495 444 tium
511 393 680 454 sectemur,
697 401 755 441 uon
772 382 872 441 miuus
888 382 918 439 in
935 383 1033 439 Deum
1050 379 1228 456 blasphema
1245 389 1312 449 est,
1335 397 1424 457 qnam
1441 389 1518 439 cnut
1529 380 1577 450 vir,-
1648 362 1662 427 s

420 494 497 554 tutis
513 494 645 552 studium
662 492 854 565 evertens¹).

608 720 642 812 ἓ.
660 718 729 791 to.
745 725 933 790 Poenae
950 718 1134 807 peceati
1150 718 1430 806 personatis.

440 937 442 940 ·
525 906 685 970 Funestae
696 904 777 969 sorti
793 903 986 993 peccatoris,
1003 924 1082 988 quae
1098 903 1130 966 in
1146 903 1219 988 ipso
1235 917 1370 988 peccato
1388 904 1532 978 cernitur,
1546 913 1619 969 ac·
1660 949 1662 958 ·

421 1015 520 1088 cedit,
545 1015 606 1079 alia
626 1013 758 1079 miseria
775 1034 817 1076 ex
832 1025 966 1096 peccato
991 1012 1140 1087 oriunda,
1162 1014 1202 1076 ob
1225 1034 1391 1077 corruexas
1416 1013 1517 1078 eidem
1529 1020 1626 1099 poe·

419 1146 487 1190 nas.
527 1124 749 1210 lutelliguntur
776 1135 881 1186 autem
905 1124 965 1185 sub
990 1122 1079 1186 hisce
1096 1124 1187 1196 mala,
1204 1143 1223 1186 a
1238 1123 1307 1186 Deo
1324 1123 1547 1206 peccatoribus
1561 1107 1635 1184 ol

422 1236 546 1318 culpam
569 1252 627 1315 per
648 1230 796 1294 delictum
819 1244 1016 1294 contractam
1039 1230 1205 1317 irrogata,
1223 1230 1399 1315 etquidem
1416 1230 1541 1296 sivecx
1554 1239 1640 1295 or·

421 1343 493 1408 dine
514 1355 661 1414 naturae,
694 1341 732 1404 ab
753 1340 824 1424 ipso
846 1339 1082 1423 sapientissime
1104 1340 1296 1413 constituto,
1313 1340 1382 1405 sive
1398 1361 1441 1404 ex
1458 1326 1644 1425 peculial·i

421 1452 527 1516 divina
540 1448 749 1523 immissione,
761 1451 855 1532 juxta
870 1448 1044 1533 sapientiae
1060 1469 1099 1513 ac
1111 1448 1292 1513 sanctitatis
1303 1449 1407 1535 legem
1419 1448 1514 1513 iacta.
1525 1440 1653 1513 unde

421 1583 481 1646 pro
508 1559 635 1623 diversa
662 1557 768 1621 indole
797 1578 919 1641 poenae
947 1558 1025 1621 aliae
1042 1557 1164 1621 suntin
1179 1557 1227 1619 rei
1244 1569 1357 1620 natura
1372 1556 1502 1631 insitae,
1533 1556 1651 1620 aliae

422 1682 527 1734 autem
550 1666 721 1752 positivae'3
755 1688 853 1750 porro
875 1688 934 1749 pro
962 1666 1091 1730 diverso
1111 1664 1175 1729 line
1197 1664 1278 1730 aliae
1298 1664 1514 1729 vindicativae
1535 1665 1653 1730 aliae

422 1776 635 1842 medicinales.
675 1774 889 1860 Distinguitur
909 1787 1014 1838 autem
1030 1776 1133 1839 adhuc
1149 1795 1253 1860 poena
1269 1772 1419 1860 negativa
1435 1796 1495 1839 seu
1513 1789 1658 1858 poena

423 1884 564 1959 damni,
596 1883 728 1969 quaein
752 1884 950 1948 detractione
974 1884 1064 1958 boni,
1096 1897 1128 1947 et
1148 1904 1253 1968 poena
1273 1882 1413 1965 positiva
1436 1904 1497 1947 seu
1514 1900 1661 1967 poem

423 2015 578 2068 sensus,
611 2014 691 2077 quae
706 1992 739 2056 iu
754 1992 955 2079 irrogatione
971 1992 1039 2055 veri
1055 1992 1140 2067 mali,
1156 2014 1218 2077 quo
1235 1992 1367 2056 carendi
1383 1993 1522 2057 facultas
1538 2001 1662 2063 erat,

424 2103 584 2168 consistit.

527 2214 670 2285 Poenae,
701 2232 779 2294 quas
810 2212 898 2275 Deus
930 2211 969 2274 de
995 2210 1136 2293 peccatis
1153 2210 1377 2295 personalibus
1394 2211 1513 2287 sumit,
1538 2210 1659 2276 aliae

423 2332 570 2405 spectant
584 2306 681 2382 vitam
698 2331 910 2402 praesentem,
927 2318 1006 2383 aliae
1024 2319 1171 2383 l'uturam.
1196 2320 1231 2382 ln
1246 2321 1309 2384 hac
1323 2319 1388 2385 vita

530 2429 558 2492 l.
584 2439 711 2512 praeter
744 2427 997 2491 obfuscationem
1021 2428 1200 2492 intellectus
1227 2440 1259 2492 et
1279 2428 1455 2494 voluntatis
1473 2428 1653 2493 debilita-

359 2579 361 2584 ·
424 2553 498 2613 tem,
515 2558 607 2623 quam
624 2558 721 2621 supra
732 2537 800 2619 jam
815 2535 1035 2611 indicavimus,
1052 2550 1083 2601 et
1100 2558 1179 2621 quae
1197 2537 1368 2622 praecipue
1385 2559 1445 2621 per
1459 2537 1654 2623 repetitos

425 2661 515 2713 actus
546 2647 590 2711 ita
619 2643 832 2732 ingravescit,
863 2658 897 2708 ut
919 2645 1058 2720 animus,
1079 2645 1197 2710 amisso
1217 2646 1298 2709 virili
1313 2648 1451 2722 robore,
1468 2642 1653 2733 quidquid

425 2778 540 2823 sensus
560 2754 730 2820 inferiores
753 2754 1023 2841 transgrediatur,
1040 2754 1189 2843 refugiat,
1206 2767 1238 2818 et
1253 2756 1403 2822 voluntas
1419 2756 1452 2821 in
1471 2751 1649 2842 turpissi-

425 2889 508 2931 mam
547 2864 733 2930 servitutem
764 2865 943 2952 redigatur,
976 2878 1141 2949 peccatum
1177 2878 1433 2953 cotrsequuntur'
1452 2881 1647 2931 remorsus

426 2972 652 3049 conscientiae,
668 2973 793 3037 interna
809 2973 971 3038 accusatio
997 2987 1028 3037 et
1044 2973 1265 3038 condemnatio
1273 2980 1313 3053 ²),
1334 2989 1367 3039 et
1386 2975 1522 3061 iusuper
1536 2969 1642 3039 haud
1660 3044 1662 3049 ,

425 3107 500 3150 raro
517 3084 662 3149 sanitatis
681 3083 840 3165 corporis,
857 3084 959 3149 lamae
976 3106 1015 3149 ac
1031 3086 1188 3148 bonorum
1204 3085 1351 3148 fortunae
1362 3087 1502 3169 jactura.
1528 3085 1635 3149 Utra-
1660 3060 1662 3071 Ι

427 3216 487 3280 que
508 3195 586 3257 haec
603 3194 684 3256 mala
701 3213 796 3256 verae
814 3203 888 3256 sunt
904 3215 1043 3277 poenae,
1066 3194 1217 3278 quianon
1235 3196 1330 3259 modo
1349 3206 1425 3279 post
1440 3205 1630 3279 peccatum.

428 3304 484 3368 sed
501 3315 533 3367 et
548 3314 680 3385 propter
696 3314 862 3397 peccatum
880 3315 912 3366 et
928 3315 1119 3387 expectato
1136 3303 1280 3377 veniunt;
1303 3317 1334 3368 et
1351 3302 1479 3389 quidem
1496 3312 1626 3387 poenae

429 3411 563 3485 divinae,
580 3432 674 3495 quum
690 3412 777 3476 Deus
795 3412 837 3476 sit
852 3425 966 3476 auctor
983 3410 1118 3487 ordinis,
1141 3415 1223 3485 uude
1241 3414 1322 3477 mala
1338 3413 1400 3487 illa,
1418 3413 1458 3476 ad
1474 3413 1620 3493 volupta-

430 3533 494 3583 tem
510 3518 614 3582 taedio
632 3519 795 3583 contrario
812 3521 1238 3606 reprimendamaptissima,
1255 3522 1427 3606 prolluunt.

539 3627 568 3690 2.
585 3630 634 3692 Ad
652 3629 709 3692 has
725 3629 847 3712 peccati
865 3651 986 3713 poenas
1003 3632 1163 3707 naturales
1181 3651 1219 3694 ac
1236 3629 1440 3695 necessarias
1452 3652 1513 3694 uon
1527 3639 1614 3690 raro,

431 3759 525 3822 quum
541 3736 610 3801 illae
628 3740 826 3802 coercendae
844 3738 1005 3801 homiuum
1021 3739 1140 3803 levitati
1157 3761 1195 3804 ac
1213 3738 1394 3813 temeritati,
1413 3753 1445 3804 et
1460 3736 1614 3805 sustineru-

432 3848 489 3910 dae
509 3846 591 3932 legis
615 3846 739 3910 divinae
760 3847 941 3911 auctoritati
962 3848 1029 3911 lere
1051 3849 1191 3933 impares
1208 3848 1286 3922 siut,
1304 3869 1429 3932 poenae
1447 3847 1615 3913 terrestres
1661 3905 1662 3910 ,

432 3954 600 4039 positivae,
633 3976 675 4019 ex
706 3956 857 4039 peculiari
879 3956 984 4020 divina
1005 3956 1216 4042 dispositione
1239 3957 1421 4034 immissae,
1451 3954 1614 4022 accedunt·

432 4064 508 4128 Dari
541 4064 624 4128 euim
654 4084 776 4146 poenas
799 4064 922 4147 peccati
943 4065 1099 4148 positivas
1121 4065 1153 4129 iu
1178 4067 1238 4130 hac
1253 4065 1327 4140 vita,
1345 4065 1495 4130 revelatio
1511 4056 1618 4125 clivia}¹

433 4187 497 4238 tum
528 4177 564 4236 A.
586 4185 651 4235 tum
683 4172 720 4236 N.
746 4173 943 4237 Testamenti
976 4174 1154 4238 clarissime
1183 4175 1288 4240 tradit.
1320 4174 1410 4240 Talis
1441 4173 1518 4238 euim
1535 4160 1617 4230 crat

544 4445 632 4520 ¹)Of.
650 4445 767 4527 Scapt,
789 4451 887 4510 Theol.
903 4468 979 4514 mor
1000 4450 1034 4508 itt
1055 4469 1150 4528 comp
1173 4469 1199 4512 r.
1216 4449 1264 4512 ad.
1282 4449 1313 4512 6.
1331 4448 1441 4531 Oenip.
1459 4440 1536 4510 1846
1551 4426 1606 4492 Γ
1659 4480 1662 4541 r

439 4534 467 4595 1.
494 4559 522 4615 p.
541 4535 608 4598 234
625 4558 665 4595 ss
682 4538 856 4612 Schenkl,
877 4541 988 4599 Elttca
1006 4541 1118 4602 Oltrts
1099 4542 1229 4622 estrig.
1249 4539 1347 4604 1823
1365 4538 1405 4604 Τ.
1426 4525 1597 4622 [pt-248⁵
1656 4532 1662 4593 6

437 4627 584 4709 -²)0f.
601 4626 678 4694 Gen
695 4626 794 4702 3,10
811 4630 853 4692 Is.
870 4627 923 4706 57,
940 4631 993 4696 21.
1012 4641 1068 4701 etc
1650 4668 1656 4679 „
