3775 5625
368 284 425 330 ili)

467 429 495 493 1.
512 434 553 492 Ut
576 435 738 492 horrorem
760 432 882 508 pcccati
906 431 1133 506 concipiamus,
1150 442 1183 490 et
1197 436 1333 508 quotiesc
1350 464 1409 492 ι...

362 555 394 604 et
415 544 534 622 quidem
562 563 620 601 non
643 551 758 600 tantum
776 541 894 616 pcccati
915 540 1036 618 gravis,
1054 541 1108 600 sed
1125 551 1156 600 st
1171 543 1268 612 levis,
1299 561 1339 600 nc
1359 547 1547 620 spernentes

359 653 506 726 modico,
536 651 700 729 paulatim
717 650 950 723 deuoamum).
1000 646 1090 720 Quid
1107 655 1211 726 euim,
1235 650 1279 708 ait
1295 652 1547 730 Augustinus,

359 766 497 822 interest
511 762 557 819 od
569 762 796 836 naufragium,
816 765 926 820 utrum
942 778 1007 817 uuo
1023 761 1142 833 prandi
1154 760 1265 836 fluctu
1277 764 1371 820 nouis
1382 764 1548 839 operiatur

361 877 395 931 et
418 872 597 944 obruatur,
627 888 670 927 ou
695 869 857 947 paulatim
873 870 1054 945 subrepens
1077 888 1164 948 oquo
1184 875 1220 928 in
1240 875 1425 946 sentinam,
1449 875 1482 928 et
1492 889 1547 947 per

361 981 585 1056 negligentiam
602 979 757 1037 derelicto
774 984 870 1058 utque
887 983 1046 1037 contemto
1062 978 1196 1056 impleut
1209 998 1337 1056 nocens,
1357 985 1457 1058 atque
1471 978 1548 1037 sub-

363 1088 547 1165 merpot²)?
1394 1153 1398 1158 ,

467 1195 497 1258 2.
515 1199 555 1257 Ut
571 1208 747 1275 peccatum,
770 1199 848 1274 quod
870 1196 1095 1265 commisimus,
1121 1207 1173 1256 aut
1190 1196 1239 1256 cui
1257 1198 1351 1256 dediti
1367 1215 1487 1267 sumus,
1503 1217 1565 1255 se-

363 1310 432 1369 dulo
464 1309 662 1386 indagemus,
695 1317 725 1365 et
758 1307 937 1382 opportunis
954 1306 1062 1364 mediis
1079 1323 1241 1373 sanemus,
1264 1325 1299 1365 ac
1319 1305 1448 1382 proinde
1465 1324 1565 1364 sacra,

364 1417 515 1493 mysteria
546 1417 606 1475 rite
638 1416 804 1482 obeamus,
837 1434 892 1489 per
917 1433 993 1491 quae
1020 1414 1108 1473 nobis
1129 1423 1256 1490 propter
1274 1414 1519 1474 satisfactionum

365 1527 491 1586 Christo
508 1525 639 1583 Domino
664 1524 846 1600 praestitam
874 1523 978 1600 gratia
1010 1523 1112 1581 divina
1143 1523 1402 1594 communiuntur,
1426 1533 1458 1582 et
1486 1541 1565 1599 pes:

366 1646 436 1695 cata
452 1637 650 1695 remittuntur
668 1654 704 1694 ac
722 1635 878 1703 tolluntur,
897 1642 989 1709 atquc
1005 1633 1151 1692 virtutum
1169 1632 1381 1709 oppositarum
1394 1633 1565 1693 exerciti·-

366 1745 526 1821 speciatim
546 1743 753 1820 abnegationi,
771 1761 826 1801 nec
844 1760 901 1798 non
921 1741 1053 1799 orationi
1069 1742 1105 1799 ad
1123 1741 1334 1799 necessarium
1352 1741 1487 1801 divinum
1502 1761 1565 1811 a-

365 1855 471 1912 xilium
488 1853 712 1929 impetrandum
729 1853 834 1910 sedulo
851 1869 1007 1910 vacemus.
1031 1853 1131 1927 Atque

471 1959 502 2026 3.
520 1973 552 2021 ut
574 1963 717 2021 miserias
742 1961 831 2036 hujus
849 1961 931 2019 vitae
956 1970 1108 2037 tamquam
1129 1970 1275 2036 paternas
1291 1960 1352 2020 Dei
1368 1979 1484 2036 poenas
1500 1960 1565 2025 Ιιη

368 2072 432 2130 miii
447 2071 655 2147 poenitentiae
673 2071 784 2146 spiritu
802 2070 980 2128 toleremus.

714 2629 1142 2721 curuum.

570 2852 639 2928 De
665 2863 803 2925 statu
825 2863 1045 2925 uoturoe
1068 2864 1362 2948 reparatae.

911 3074 1020 3088 Q

772 3211 806 3301 ξ.
825 3209 890 3280 to.
907 3210 1166 3299 ingressio.

461 3421 523 3476 Per
539 3427 710 3493 peccatum,
728 3436 785 3493 quo
802 3416 890 3475 homo
908 3437 925 3475 a
941 3420 1008 3476 Deo
1026 3437 1060 3476 sc
1079 3421 1251 3486 avulserat,
1269 3438 1323 3495 per
1342 3439 1376 3478 se
1394 3422 1485 3479 solun

373 3529 487 3586 sistere
510 3526 653 3605 cupiens,
685 3527 791 3603 sicque
816 3526 903 3585 ideae
920 3545 995 3585 suae
1012 3527 1194 3605 refragatus
1212 3537 1298 3606 erat,
1326 3538 1417 3605 atquc
1429 3530 1475 3604 jur

373 3637 444 3694 vina
464 3635 610 3702 laeserat,
628 3634 681 3708 jus
704 3636 874 3694 exsistendi
891 3636 1006 3709 amisit,
1025 3646 1056 3694 ct
1072 3636 1202 3709 injuriae
1220 3637 1355 3695 infinitae
1374 3639 1443 3697 Deo
1459 3640 1467 3697 i

373 3762 461 3812 reus,
494 3744 587 3801 morti
612 3762 649 3803 ac
681 3745 827 3804 miseriae
848 3755 994 3804 aeternae
1020 3746 1168 3803 obnoxius
1196 3747 1297 3806 factus
1321 3757 1380 3809 est.
1421 3750 1456 3807 At

374 3872 464 3930 quum
487 3854 553 3929 ipse
577 3843 701 3928 γενικὰς,
735 3853 780 3915 titt
804 3852 1091 3934 Θεῐῴῐεῴῐδωεῖειῐ,
1109 3855 1292 3926 exsisteret,
1311 3866 1342 3913 et
1358 3857 1439 3927 ideo,

374 3964 459 4022 carni
475 3963 652 4039 implicitus,
669 3963 827 4024 intellectu
845 3981 992 4022 sensuum
1009 3964 1212 4024 adlectationc
1231 3966 1393 4024 obfuscato
1410 3976 1437 4025 et

373 4083 452 4141 tate,
478 4073 551 4132 licet
572 4090 631 4130 non
655 4072 720 4131 sinc
744 4074 842 4149 culpa,
859 4074 1004 4142 seducta,
1022 4083 1113 4149 prout
1128 4074 1158 4130 in
1177 4093 1210 4131 se
1228 4092 1287 4131 non
1306 4084 1376 4133 erat
1392 4076 1426 4133 ah

373 4178 585 4261 oigtftbtofien,
601 4182 645 4240 ita
662 4182 753 4240 etiam
770 4183 936 4251 vinculum,
955 4185 1089 4260 qnoDco
1107 4193 1175 4241 erat
1192 4183 1387 4256 conjunctus,
1404 4202 1417 4242 r

374 4310 427 4350 sos
450 4291 589 4370 abrupit,
610 4291 654 4349 ita
675 4291 837 4361 videlicet,
856 4302 888 4350 ut
906 4311 998 4351 casus
1016 4292 1081 4365 ejus
1100 4293 1240 4368 reparari
1258 4311 1316 4350 non
1335 4312 1407 4369 poss

373 4400 438 4476 ipse
455 4399 659 4475 poenitentiae
677 4419 712 4459 ac
730 4402 966 4477 resipiscentiae
984 4402 1115 4477 incapax
1134 4401 1312 4459 exsisteret.

374 4532 588 4542 m*

485 4597 510 4654 ¹t
528 4596 622 4657 Eccli.
647 4595 698 4680 19,
723 4597 751 4660 1.
784 4634 828 4643 -
860 4605 887 4669 ²)
914 4599 1015 4679 Epist.
1038 4603 1107 4660 265.
1130 4604 1171 4659 od
1192 4600 1361 4662 Seleuciae.
