3775 5625
347 387 414 466 528

349 576 503 649 operatae
526 567 601 629 sunl
622 550 794 649 passiones
814 549 846 629 in
870 551 972 650 majus
993 553 1112 630 lienum
1129 578 1160 630 et
1176 551 1208 630 in
1224 551 1385 652 majorem
1401 544 1541 654 gloriani,

349 674 393 738 ita
424 675 536 738 cadem
567 685 763 760 procurante
795 673 915 749 omnia,
948 675 1147 760 quantumvis
1178 675 1345 740 videantur
1387 679 1487 741 ardua
1515 687 1542 741 et

353 804 489 868 aspera,
512 783 607 848 etiam
623 782 739 867 justis,
763 783 815 869 qui
836 784 906 847 Deo
928 785 1056 855 ducenti
1073 807 1111 850 ac
1128 785 1277 873 dirigenti
1294 809 1331 851 se
1349 788 1540 872 permittunt,

349 893 474 979 ipsique
491 894 712 979 obsequuntur
728 914 766 957 ac
783 905 1015 977 cooperantur,
1032 896 1168 959 salutem
1184 895 1323 963 adferre.
1363 898 1471 961 Docet
1490 896 1538 960 ita·

351 1024 411 1089 que
428 1006 461 1067 S.
479 1003 606 1077 Paulus,
624 1023 764 1077 causam,
781 1023 879 1087 quare
894 1002 1051 1089 gloriosis
1068 1003 1177 1078 donis,
1193 1005 1300 1091 gratia
1315 1005 1443 1070 scilicet
1454 1005 1538 1089 justi·

353 1110 469 1176 licante
501 1124 593 1197 atque
616 1111 741 1175 auxiliis
765 1110 958 1195 specialibus
980 1134 1038 1175 seu
1057 1112 1171 1199 gratiis
1193 1114 1373 1178 actualibus
1401 1114 1539 1201 insigniti

348 1220 412 1286 sint
427 1220 471 1304 pii
489 1220 549 1285 Dei
565 1221 717 1294 cultores,
734 1241 807 1284 esse
825 1219 932 1306 utique
948 1221 1272 1305 praedestinationem
1289 1244 1348 1287 seu
1365 1224 1535 1297 decretum,

348 1352 413 1416 quo
430 1331 517 1395 Deus
534 1330 587 1394 illa
603 1329 709 1394 omnia
725 1332 809 1394 dona
824 1329 904 1415 ipsis
920 1329 1032 1418 largiri
1047 1332 1129 1404 vult;
1147 1343 1284 1396 attamen
1296 1353 1431 1397 causam
1446 1332 1537 1418 ipsius

346 1439 648 1524 praedestinationis
665 1460 739 1503 esse
756 1438 1016 1524 praescientiam,
1039 1461 1096 1503 seu
1113 1440 1296 1524 praevisum
1312 1443 1436 1506 bonum
1454 1463 1537 1505 nsum

345 1549 472 1612 illorum
493 1548 673 1613 divinorum
690 1547 890 1613 armiliorum.
930 1549 1083 1633 Adeoque
1100 1550 1353 1634 praedestinatio
1372 1552 1411 1615 ad
1424 1549 1534 1636 justili-

347 1658 505 1723 cationem
521 1659 697 1722 secundum
713 1656 893 1721 doctrinam
908 1658 1057 1741 Apostoli
1074 1671 1165 1723 certo
1183 1672 1232 1723 est
1247 1659 1474 1745 hypothetica,
1490 1681 1534 1724 ne·

346 1788 502 1855 quaquam
524 1779 630 1831 autem
652 1768 807 1831 absoluta.
840 1766 962 1845 Quodsi
985 1789 1081 1842 vero,
1096 1768 1141 1831 ita
1157 1768 1290 1832 ulterius
1307 1769 1426 1833 merito
1445 1770 1533 1853 conji-

347 1899 421 1943 cere
437 1878 486 1943 las
503 1889 562 1951 est,
578 1875 828 1962 praedestinatio
851 1877 891 1939 ad
912 1875 1066 1963 gratiam,
1083 1899 1163 1963 quae
1179 1877 1274 1941 nobis
1293 1879 1463 1942 confertur
1480 1900 1534 1941 non

345 1999 478 2074 propter
495 1998 616 2063 nostra,
633 1988 691 2050 sed
707 1998 840 2070 propter
856 1986 971 2049 merita
981 1986 1112 2063 Christi,
1121 1988 1328 2074 hypothetica
1339 2001 1405 2052 est:
1424 2000 1533 2074 quanto

344 2096 450 2184 magis
481 2096 685 2183 hypothetica
709 2096 770 2160 erit
790 2095 1042 2181 praedestinatio
1060 2099 1099 2172 ad
1115 2098 1269 2186 gloriam,
1291 2119 1371 2183 quae
1391 2120 1437 2163 ex
1452 2110 1533 2183 parte

348 2206 452 2272 nostri
468 2229 532 2271 non
549 2206 726 2292 simplicem
742 2218 863 2270 tantum
880 2206 1066 2295 dignitatem
1083 2229 1142 2272 seu
1152 2207 1373 2293 capacitatem,
1389 2209 1450 2272 sed
1466 2227 1533 2271 vera

346 2339 384 2382 ac
399 2316 530 2403 propria
546 2315 681 2402 requirit
696 2315 818 2380 merita.
858 2316 1008 2381 Disertus
1031 2329 1082 2381 est
1104 2338 1230 2402 quoque
1246 2318 1286 2381 ad
1302 2330 1452 2381 nostram
1469 2339 1531 2381 sen·

346 2426 476 2492 tentiam
507 2428 734 2491 adstruendam
765 2425 844 2490 alius
866 2428 1011 2511 ejusdem
1035 2427 1182 2511 Apostoli
1205 2427 1313 2501 locuS,
1345 2426 1377 2489 in
1402 2448 1465 2512 quo
1482 2426 1531 2489 ait:

346 2540 388 2600 In
402 2559 521 2616 mapna
538 2546 647 2599 aulem
663 2540 757 2599 dorne
775 2559 842 2599 non
857 2539 966 2599 solum
982 2545 1063 2598 aunt
1076 2559 1159 2599 ease
1177 2559 1295 2616 aurea,
1314 2546 1348 2599 et
1363 2545 1529 2615 argenteo,

346 2652 407 2710 sed
421 2656 454 2710 et
467 2651 592 2725 liparea,
616 2656 649 2709 et
659 2650 794 2727 ficlilia:
819 2656 851 2708 el
866 2650 1028 2729 quaedem
1045 2650 1172 2728 quidem
1188 2654 1223 2708 io
1238 2653 1414 2719 honorem,
1433 2668 1530 2728 qnae·

345 2761 420 2820 dam
436 2765 544 2820 aulem
559 2763 594 2819 in
609 2759 846 2820 conternelr'um.
864 2755 904 2818 St
920 2763 994 2839 quia
1010 2777 1085 2834 erpo
1103 2758 1328 2819 ernendaverit
1341 2778 1379 2818 ee
1397 2759 1439 2818 ab
1450 2763 1529 2834 istis,

343 2875 409 2929 erit
436 2889 496 2930 vas
523 2874 556 2929 in
580 2873 736 2928 honorem
760 2871 1020 2946 sanctificatum,
1049 2874 1082 2927 et
1101 2869 1181 2928 utile
1195 2868 1355 2944 Dorntno,
1383 2870 1531 2928 edernae

345 3000 427 3059 opus
443 2981 562 3040 bonum
576 2985 733 3058 puratum
744 2977 779 3056 ¹).
805 2976 904 3060 Cujus
921 2975 984 3039 loci
1001 2996 1117 3039 sensus
1134 2987 1198 3038 est:
1217 2974 1490 3053 Quemadmodum
1502 2972 1529 3035 in

344 3085 490 3151 aedilicio
504 3106 622 3172 magno
635 3107 700 3149 non
712 3106 810 3148 aurea
825 3097 947 3148 tantum
964 3097 995 3148 et
1011 3096 1166 3170 argentea
1181 3083 1339 3158 utensilia,
1354 3085 1415 3148 sed
1432 3083 1531 3170 lignea

344 3215 468 3281 quoque
485 3207 517 3258 et
532 3192 641 3258 fictilia
656 3192 869 3277 reperiuntur,
884 3193 937 3257 illa
954 3193 1078 3277 quidem
1094 3190 1285 3267 honorifico,
1300 3193 1382 3257 haec
1399 3192 1454 3256 vili
1470 3191 1533 3255 usni

344 3304 514 3369 destinata:
530 3303 575 3367 ita
591 3324 715 3389 quoque
730 3303 763 3366 in
779 3302 927 3368 Ecclesia
943 3302 995 3366 alii
1012 3314 1085 3366 sunt
1100 3301 1240 3366 illustres
1258 3314 1289 3365 et
1301 3315 1490 3366 constantes
1505 3301 1532 3363 in

342 3413 405 3479 lide
422 3426 454 3478 et
469 3413 653 3488 sanctitate,
678 3412 729 3476 alii
745 3413 877 3500 fragiles
894 3425 926 3476 et
940 3411 1074 3486 infirmi,
1095 3411 1237 3497 peccatis
1255 3411 1399 3476 sordidis
1417 3433 1456 3475 ac
1472 3409 1531 3474 tili·

343 3521 403 3588 bus
420 3523 525 3588 dediti.
566 3523 625 3602 Qui
642 3535 825 3587 tamennon
842 3521 1029 3586 necessario
1048 3522 1126 3586 tales
1144 3521 1306 3585 exsistunt
1312 3545 1320 3593 3
1345 3522 1405 3585 sed
1423 3521 1451 3585 si
1469 3519 1532 3606 quis

344 3633 382 3696 ab
403 3631 492 3695 hisce
515 3630 667 3696 sordibus
691 3632 832 3715 peccati,
858 3630 971 3716 quihus
997 3629 1177 3715 inquinatus
1195 3642 1255 3704 est,
1273 3651 1309 3693 se
1326 3629 1531 3702 mundaverit,

344 3740 406 3805 erit
421 3741 508 3804 velut
523 3741 693 3804 honestum
709 3740 843 3804 utensile
859 3740 998 3804 Domino
1017 3753 1257 3814 consecratum,
1274 3738 1378 3803 cuivis
1397 3739 1530 3804 ministe-

343 3849 392 3915 rio
419 3849 555 3939 egregio
582 3850 747 3925 idoneum,
763 3850 965 3914 utilissimum
982 3871 1021 3913 ac
1037 3848 1279 3914 nobilissimum.
1322 3848 1412 3927 Quae
1430 3860 1530 3935 aperte

343 3960 498 4035 indicant,
520 3960 559 4024 ab
576 3959 713 4024 hominis
731 3961 891 4023 voluntate
909 3972 941 4023 et
959 3980 1059 4043 opera
1075 3959 1230 4043 pendere,
1251 3970 1285 4020 ut
1306 3979 1365 4022 vas
1383 3955 1528 4022 honorifi-

344 4094 416 4136 cum
440 4082 493 4134 aut
516 4068 659 4156 ignobile
686 4069 831 4133 exsistat.
873 4069 964 4146 Quod
991 4091 1062 4132 cum
1079 4069 1225 4131 absoluta
1241 4067 1529 4150 praedestinatione

344 4180 471 4244 minime
487 4178 637 4263 componi
653 4184 808 4262 potest2).
848 4179 971 4241 Eodem
988 4199 1123 4262 prorsus
1141 4178 1236 4239 modo
1254 4175 1395 4260 loquitur
1414 4195 1527 4262 quoqne

344 4289 518 4375 Apostolus
534 4291 675 4353 Petrus
693 4288 855 4353 scribens:
881 4288 1043 4368 Satuptte,
1063 4297 1101 4350 ut
1111 4311 1172 4368 per
1190 4291 1275 4348 bonu
1292 4308 1396 4368 opero
1415 4295 1526 4349 eertum

343 4409 486 4464 vestram
509 4408 723 4474 vocationem,
750 4409 782 4462 et
802 4403 990 4462 electionem
1010 4401 1194 4478 factatam).
1233 4396 1306 4460 Non
1329 4408 1439 4481 potest
1454 4413 1525 4480 ergo

336 4552 618 4570 ᾕ-ι--υ-κ-

456 4644 480 4722 ¹)
497 4641 527 4706 2.
544 4641 622 4703 Tim.
641 4638 672 4715 2,
690 4638 834 4703 20--21,
859 4677 900 4687 -
924 4648 955 4716 ²)
972 4639 1018 4700 Of.
1039 4637 1066 4701 1.
1085 4638 1154 4699 (ior.
1173 4634 1202 4712 9,
1220 4633 1365 4701 24-27.
1389 4670 1429 4680 -
1445 4635 1519 4694 Rom.

346 4733 375 4814 8,
394 4733 444 4798 17.
463 4771 504 4782 -
523 4735 548 4817 ³)
565 4733 596 4798 2.
613 4736 696 4797 Petr.
715 4731 744 4806 l,
763 4731 814 4798 10.
841 4755 844 4763 ·
