3775 5625
1443 443 1509 509 865

414 664 418 669 .
437 611 474 675 0.
499 611 533 674 ld
548 609 653 696 ipsum
669 631 711 675 ex
728 609 887 674 communi
903 608 1071 674 Ecclesiae
1087 608 1150 674 lide
1167 607 1337 697 colligitur,
1354 629 1512 694 quaecum

326 720 512 803 Symbola
544 720 774 805 Apostolico
807 718 992 784 confitetur:
1017 755 1059 768 -
1088 721 1195 783 Credo
1218 726 1253 783 r'n
1274 720 1393 783 Jeanan
1411 720 1512 781 cart-

326 836 433 892 rtum:
451 868 495 878 -
511 838 577 914 qut
598 869 642 878 -
665 834 873 894 deseendit
887 834 938 892 ad
950 834 1121 910 inferos.
1157 829 1225 907 Quo
1241 828 1376 894 articulo
1392 827 1513 893 veritas

327 951 436 1004 rostra
452 941 537 1004 clare
554 938 742 1005 enuntiatur.
772 940 853 1004 Nam
870 960 1029 1014 asserere,
1046 938 1214 1003 articulum
1230 939 1315 1002 hunc
1332 959 1403 1003 cum
1419 959 1511 1023 prae·

326 1049 464 1125 ardenti,
489 1059 524 1113 et
540 1054 690 1133 sepultus
709 1060 775 1126 est,
801 1071 1013 1135 synonymum
1030 1070 1118 1124 esse,
1138 1061 1172 1113 ut
1188 1048 1314 1133 quidam
1330 1049 1512 1122 voluerunt,

326 1157 489 1222 idiculum
506 1172 571 1232 est3
589 1182 660 1225 cum
677 1162 760 1224 nulla
776 1181 873 1225 causa
890 1159 991 1234 adsit,
1014 1181 1071 1223 cur
1087 1158 1119 1222 in
1135 1157 1198 1222 lide
1215 1158 1369 1222 tradenda
1384 1155 1464 1232 alio,
1481 1169 1514 1221 et

326 1267 452 1353 [uidem
485 1270 667 1334 obscuriori
689 1269 838 1356 loquendi
859 1290 997 1356 genere,
1019 1281 1054 1332 ut
1076 1269 1120 1333 ait
1151 1266 1421 1344 Catechismus
1442 1266 1510 1330 Ro·

326 1380 506 1457 nanus¹),
537 1378 621 1442 idem
643 1391 824 1463 repetatur,
856 1391 888 1442 et
912 1377 1043 1463 iusuper
1069 1378 1256 1462 Symbolum
1278 1374 1352 1440 fidei
1373 1396 1434 1460 pro
1451 1395 1510 1439 sua

326 1486 439 1562 adole,
454 1499 566 1572 utpote
583 1487 656 1552 lidei
673 1487 910 1573 compendium,
934 1489 1031 1551 breve
1052 1508 1091 1552 ac
1107 1486 1306 1551 succinctum
1323 1505 1396 1549 esse
1415 1505 1510 1569 opor·

326 1608 394 1660 eat.
418 1596 531 1681 Neque
554 1599 671 1671 obstat,
695 1598 859 1662 articulum
882 1598 967 1661 hunc
982 1597 1014 1660 in
1032 1597 1192 1681 symbolis
1217 1608 1352 1682 quatuor
1368 1593 1512 1679 priorum

326 1707 527 1770 seculorum
544 1728 608 1771 non
626 1729 811 1781 cocturam,
828 1706 935 1771 necin
952 1706 1140 1791 Apostolico
1157 1727 1286 1790 semper
1302 1705 1412 1770 fuisse.
1431 1704 1512 1768 Nam

326 1833 393 1880 um
410 1815 497 1877 bona
512 1836 603 1900 pace,
618 1830 653 1880 ut
669 1837 710 1880 cx
726 1816 861 1880 laudatis
879 1819 938 1879 SS.
957 1815 1086 1880 Patrnm
1103 1814 1297 1880 testimoniis
1315 1826 1405 1879 certo
1424 1812 1509 1878 colli·

326 1923 420 1999 itur,
442 1923 596 1989 articulus
624 1925 675 1989 hic
697 1927 884 1989 crederetur
901 1926 940 1989 ab
958 1926 1120 1999 orrnribus,
1143 1946 1204 1990 nec
1221 1937 1334 1989 contra
1350 1944 1423 1988 eum
1439 1921 1509 2008 quis

326 2046 519 2121 turgeret:
544 2036 627 2099 nulla
643 2056 742 2099 causa
758 2036 882 2109 aderat,
899 2034 988 2098 illum
1005 2033 1036 2097 in
1054 2036 1207 2119 Symbola
1223 2032 1420 2107 assumendi,
1443 2032 1510 2117 qui·
1568 2014 1570 2022 ’

327 2165 376 2208 *us
404 2164 445 2207 ea
471 2144 598 2207 nonnisi
632 2143 705 2208 lidei
730 2144 833 2228 capita
855 2144 1094 2218 inserebantur,
1114 2165 1194 2229 qnae
1212 2156 1346 2229 propter
1361 2142 1510 2229 vigentes

329 2273 454 2318 rrores
476 2252 645 2337 oppositos
668 2254 839 2338 praecipue
854 2267 946 2318 erant
962 2254 1164 2329 rrccessaria,
1181 2266 1215 2317 ut
1231 2252 1379 2317 fidelibus
1396 2250 1429 2314 in
1446 2270 1510 2314 me·
1601 2317 1606 2348 .=

326 2360 455 2425 noriam
470 2376 709 2428 revocarentur.
746 2363 829 2428 Hinc
846 2386 917 2428 cum
932 2362 1178 2447 Apollinaristae
1195 2362 1375 2446 inciperent
1390 2362 1509 2447 dogma

328 2491 350 2535 o
369 2468 479 2535 anima
496 2470 615 2536 Christi
630 2471 834 2559 impugnare,
859 2484 891 2536 et
914 2471 1063 2536 Ecclesia
1079 2471 1162 2534 intcr
1179 2470 1239 2535 alia
1256 2469 1351 2533 etiarn
1366 2468 1439 2532 inde
1457 2489 1505 2531 ar·

326 2592 508 2661 ¹uarrtcrrtata
519 2593 579 2656 est,
592 2580 754 2645 Christum
766 2603 874 2645 voram
887 2581 1022 2646 animam
1032 2580 1193 2654 habuisse,
1208 2581 1293 2665 ‚quod
1305 2577 1509 2643 descenderit

327 2690 350 2754 d
373 2688 515 2753 inferos:
548 2690 703 2755 articulus
724 2693 877 2775 Symbolo
903 2692 1092 2776 Apostolico
1119 2691 1263 2774 adjectus
1285 2689 1360 2763 luit,
1382 2700 1414 2752 et
1433 2686 1507 2751 ideo

327 2797 416 2864 :tiam
446 2798 479 2863 in
511 2801 698 2885 Symbolo
728 2800 1010 2875 Athanasiano,
1040 2813 1114 2885 post
1139 2813 1285 2884 tempora
1311 2795 1505 2882 Apollinaris

327 2909 478 2983 onlecto,
495 2910 752 2993 deprehenditur.
792 2911 926 2976 Accedit
941 2909 1117 2976 auctoritas
1134 2908 1302 2974 Concilii
1325 2907 1504 2971 Toletani

326 3019 364 3083 V.
384 3039 413 3082 a.
431 3017 506 3082 633.
524 3031 556 3083 et
572 3019 726 3105 imprimis
745 3020 859 3085 Cone.
876 3021 1051 3085 Lateran.
1069 3021 1120 3084 IV.
1137 3041 1165 3083 a.
1186 3017 1280 3083 1215.
1298 3018 1374 3081 lllud
1391 3018 1501 3080 habet:

326 3129 536 3192 Descendit
557 3132 608 3191 ad
625 3135 800 3210 inseror,
827 3139 864 3193 nt
887 3138 1077 3208 sanctor,
1096 3138 1162 3212 qni
1178 3132 1234 3190 tte
1253 3131 1507 3208 tenebantur,

326 3239 528 3317 eruerem.
551 3239 622 3302 Hoc
638 3250 744 3302 atatem
761 3238 919 3302 delinivit:
944 3242 1166 3301 Descendit
1189 3241 1240 3299 ad
1253 3242 1433 3317 inseres,
1452 3258 1510 3300 re-

326 3356 473 3410 mreoeit
494 3371 515 3409 a
539 3356 694 3426 mortun,
714 3357 747 3410 et
761 3351 908 3411 aseendit
922 3356 957 3411 in
974 3352 1107 3411 coelum.
1149 3347 1220 3409 Sea
1243 3350 1448 3410 descendit
1469 3353 1508 3411 ln

326 3465 468 3535 anima,
497 3464 688 3520 resurrexit
702 3465 736 3520 in
752 3480 869 3538 carna,
903 3462 1113 3540 &conditque
1125 3464 1254 3539 pariter
1274 3463 1309 3519 r‘n
1325 3466 1464 3540 utroque
1474 3458 1508 3539 ³).

427 3570 469 3630 D.
486 3568 596 3653 Neque
619 3567 807 3655 intelligitur
828 3569 971 3642 tandem,
993 3567 1154 3652 quomodo
1179 3565 1251 3629 huic
1276 3566 1418 3654 dogmati
1434 3569 1509 3652 jure

328 3675 493 3762 repugnari
509 3688 617 3761 queat;
636 3698 709 3740 cnm
723 3677 836 3764 negari
852 3678 936 3741 haud
952 3675 1066 3761 possit,
1083 3675 1218 3740 animam
1230 3675 1263 3739 in
1274 3689 1379 3741 morte
1391 3676 1510 3742 Christi

328 3796 494 3870 tcorpore
520 3799 701 3870 separatam
717 3787 831 3851 alicubi
847 3786 1034 3851 necessario
1052 3799 1283 3850 commoratam
1299 3807 1390 3860 esse,
1407 3806 1508 3871 usque

326 3885 705 3959 inhonestamentum
727 3908 889 3960 momento
911 3918 983 3960 cum
1006 3917 1144 3979 corpore
1160 3895 1277 3967 iterum
1295 3897 1508 3981 conjungere·

326 3998 380 4074 m,
411 4006 600 4091 nullumque
626 4005 721 4068 alium
756 4006 862 4069 locum
895 4005 998 4092 magis
1039 4004 1316 4069 adcommodatum
1348 4003 1508 4090 assignari

326 4155 532 4186 N*—

326 4242 399 4358 ξῖῠε
414 4263 622 4323 descendendo
649 4261 798 4323 liberavit.
830 4262 872 4323 Et
887 4264 925 4326 L.
943 4267 972 4328 6.
989 4262 1091 4343 Epist.
1123 4262 1234 4325 Indicl.
1253 4263 1303 4325 15.
1339 4261 1441 4341 Ephe.
1458 4264 1509 4327 15.

326 4379 346 4394 ··
373 4347 409 4412 2.
427 4373 453 4416 c.
472 4348 548 4414 861.
581 4357 837 4414 Descendens
858 4358 906 4414 ad
930 4356 1094 4434 inferos,
1119 4358 1219 4414 solos
1240 4356 1330 4414 illos
1349 4374 1404 4432 per
1423 4375 1510 4414 snam

327 4440 456 4502 ratum
473 4443 669 4515 liberavit,
688 4445 753 4519 qni
769 4465 846 4506 enm
862 4454 895 4505 et
908 4453 1099 4507 venturum
1115 4466 1193 4506 esse
1209 4446 1463 4518 crediderunt,
1480 4453 1509 4504 et

331 4532 525 4611 'accepto
541 4539 622 4614 ejus
637 4536 793 4596 vivendo
809 4544 1015 4597 tenuerant.
1033 4547 1065 4598 et
1080 4539 1118 4603 al.
1145 4537 1189 4597 Cl.
1207 4537 1404 4599 Bernard.
1425 4538 1465 4595 In
1474 4537 1507 4614 f.

326 4621 397 4684 ten,
422 4623 481 4686 ΗΕ.
504 4626 602 4688 Serra.
625 4631 655 4691 4.
677 4647 706 4685 n.
736 4631 764 4688 1.
797 4625 876 4709 Opp.
893 4629 931 4689 Τ.
949 4628 979 4693 3.
1002 4649 1030 4693 o.
1056 4627 1152 4691 1041.
1184 4631 1506 4690 praecantans.

326 4716 399 4793 ως.
416 4715 507 4781 vind
526 4715 623 4781 1729.
638 4739 668 4797 p.
686 4713 753 4779 514
769 4739 808 4780 ss.

359 4803 364 4811 ’
429 4803 454 4894 1)
470 4808 529 4870 Ed
546 4830 571 4872 e.
588 4831 619 4890 p.
636 4805 690 4871 53.
706 4844 751 4857 -
768 4811 795 4891 2)
813 4811 847 4875 0.
865 4816 895 4874 1.
910 4811 1043 4882 blansi,
1063 4811 1240 4876 Cenoma.
1258 4807 1296 4874 Τ.
1318 4807 1368 4875 10.
1385 4831 1411 4872 e.
1427 4806 1504 4878 616.
1611 4810 1614 4815 ’

326 4905 410 4983 *1)
428 4900 463 4963 0.
481 4903 509 4962 1.
526 4905 576 4964 De
584 4901 642 4980 fid
661 4902 694 4964 0.
727 4904 774 4964 Ib.
792 4903 831 4966 Τ.
847 4900 902 4970 22.
921 4922 947 4970 c.
964 4899 1108 4968 981-2.
