3775 5625
406 432 472 499 316

404 610 437 664 ut
451 596 590 663 hosam
603 598 878 673 esso,ohlstorcm
894 596 1038 662 muncris
1053 607 1087 661 et
1102 617 1217 661 munus
1234 595 1390 662 oblatoris
1406 596 1541 671 incana,
1564 619 1667 700 οἳ

404 727 482 772 mox
497 708 644 772 laudatus
663 705 922 793 Epiphanius,
954 705 1235 793 Augus-tinus¹)
1257 717 1291 770 ct
1308 705 1586 793 Fuigentins²)
1661 768 1667 786 ,

404 814 559 901 indeque,
587 816 672 901 quod
699 814 848 880 Christus
865 837 985 900 corpus
1001 836 1094 879 sotim
1108 814 1243 889 obtulit,
1257 835 1402 899 corpore
1419 791 1667 919 preadimQ⁹

403 924 514 1000 imese,
531 937 565 988 ut
582 925 904 1004 Theodorctusp,
922 936 1035 987 contra
1050 922 1295 1007 Apollinaristcs
1309 924 1549 989 demonstrant.

509 1054 547 1116 0.
563 1054 650 1116 idern
674 1072 799 1137 quoquc
820 1051 985 1116 Ecclesia
993 1051 1064 1135 ipsa
1080 1073 1144 1114 non
1161 1063 1282 1115 tuntum
1304 1050 1465 1116 indirecto
1480 1050 1516 1115 in
1533 1073 1641 1148 sqjg

404 1160 583 1246 symbolis,
604 1181 704 1245 porro
725 1160 757 1224 in
779 1159 926 1225 omnibus
952 1160 1020 1225 suis
1037 1160 1236 1226 orationibus
1252 1173 1286 1225 et
1302 1160 1486 1225 actionibus
1502 1182 1627 1250 prmp,

402 1281 498 1345 tatur,
514 1271 573 1334 sed
589 1282 622 1333 et
637 1270 669 1333 in
683 1270 754 1334 salis
770 1269 906 1354 publicis
922 1268 1162 1334 definitionibus
1179 1269 1300 1333 diserte
1315 1270 1423 1334 audit.
1436 1269 1495 1335 Sic
1508 1290 1537 1334 e.
1554 1302 1613 1371 g,

405 1378 625 1443 Concilium
643 1378 911 1442 Tridentinum
928 1379 1038 1453 docet,
1060 1381 1193 1443 tasum
1211 1377 1431 1453 Christum,
1447 1379 1564 1452 Deum
1582 1411 1605 1461 p

403 1486 578 1551 Dominum
611 1499 768 1562 nostrum,
798 1495 876 1551 etet
906 1490 1028 1549 semet
1056 1510 1097 1549 se
1127 1496 1253 1568 ipsum
1273 1495 1313 1550 tn
1340 1509 1415 1551 ura
1442 1503 1597 1577 crucia,

403 1606 529 1660 morte
544 1600 831 1671 intercedente,
848 1597 930 1657 Deo
948 1599 1071 1658 Patri
1087 1599 1303 1659 adlaturus
1319 1605 1425 1676 erat,
1444 1605 1598 1665 ataeter.

402 1727 480 1769 nam
495 1709 564 1768 itttc
580 1710 810 1769 redemtionem
826 1715 1036 1787 operaretur,
1054 1704 1086 1768 in
1103 1726 1205 1770 coena
1221 1704 1413 1780 novissimo,
1434 1718 1470 1769 ut
1483 1693 1606 1774 Eucte-

403 1814 471 1881 sine
495 1814 691 1901 relinqueret
713 1813 918 1889 sacrificium,
950 1838 1012 1899 quo
1040 1824 1242 1879 cruentam
1263 1818 1387 1895 titud,
1411 1820 1528 1881 semet
1544 1826 1617 1881 tm

406 2006 602 2017 uu--a-——v-u-
612 2008 615 2012 ⁴

402 2105 486 2168 aaut
501 2116 640 2169 creatura
650 2109 848 2187 pontificatus
865 2110 969 2191 officio
978 2099 1127 2189 fu'npens,
1146 2131 1183 2170 se
1198 2110 1318 2186 ipsum
1335 2109 1477 2171 obtulit.
1516 2111 1633 2168 nn

401 2198 561 2277 spirituali
576 2204 707 2276 quodam
722 2205 820 2275 ruodo,
837 2210 864 2262 et
878 2202 995 2280 inqenti
1016 2222 1085 2263 curn
1098 2202 1200 2279 picria
1216 2203 1387 2273 subvectus,
1410 2221 1476 2261 cnm
1495 2202 1635 2260 aaa

401 2289 454 2349 itio
480 2310 604 2365 corpore
625 2295 667 2352 ad
691 2293 800 2352 Patris
828 2296 984 2354 <tenuram
1005 2294 1153 2374 consedit,
1185 2291 1365 2353 constitutus
1388 2292 1421 2351 in
1443 2295 1636 2351 camunni

401 2381 559 2458 Pontifex,
592 2403 627 2442 ac
658 2386 798 2443 coelestes
828 2385 916 2444 orbes
939 2387 1030 2445 semet
1047 2403 1233 2462 permensus.
1277 2383 1320 2444 Et
1342 2386 1425 2443 iuer.
1449 2384 1497 2443 55.
1511 2402 1537 2444 a.
1550 2369 1633 2439 5·

401 2491 431 2553 p.
448 2469 513 2533 471
531 2494 555 2532 s.
572 2476 687 2545 Manet,
704 2476 817 2555 inquit,
839 2482 867 2535 et
880 2476 1007 2535 assidm
1021 2479 1101 2535 dona
1112 2495 1172 2551 pro
1188 2475 1276 2536 nobis
1297 2476 1394 2555 offert.
1433 2467 1633 2552 Imprimis

403 2562 514 2640 quippe
545 2566 779 2640 semetipsum
811 2566 959 2639 obtulit,
990 2573 1026 2625 nt
1046 2566 1230 2646 perfectiore
1259 2566 1389 2641 vivaque
1414 2584 1476 2641 pro
1499 2563 1632 2624 totirbA

401 2654 509 2714 mundi
529 2658 625 2715 salute
644 2661 806 2717 mactotd
832 2657 971 2731 tostii,
993 2658 1101 2718 neuris
1121 2658 1301 2717 Testamenti
1320 2655 1504 2733 sacrificinm
1518 2657 1629 2714 cir?-

298 2826 301 2837 .
389 2747 482 2807 ieret.
507 2749 548 2805 In
564 2766 623 2824 quo
639 2747 720 2808 idem
740 2748 806 2825 ipse
821 2748 973 2809 victima
982 2749 1064 2828 fuit,
1082 2750 1147 2828 ipse
1164 2748 1421 2828 sacrificium,
1444 2747 1507 2826 ipse
1524 2746 1628 2807 aaa·

402 2840 545 2911 cardos,
572 2843 638 2914 ipse
662 2843 797 2911 attare,
819 2839 886 2918 ipse
902 2843 997 2912 Deus,
1015 2841 1080 2917 ipse
1096 2843 1193 2915 homo,
1209 2840 1276 2918 ipsa
1290 2842 1368 2921 Rea,
1385 2839 1452 2915 ipse
1466 2828 1627 2899 Pau-25·

395 2929 481 3007 fea,
499 2929 566 3006 ipse
583 2930 675 3004 ovis,
692 2931 758 3006 ipsa
771 2952 904 3008 aquus,
922 2934 1055 3008 adeoque
1071 2931 1174 2992 amnia
1189 2932 1223 2991 in
1239 2931 1377 2991 omnibus
1394 2936 1518 3006 propter
1530 2936 1628 2988 not

401 3026 446 3081 ost
453 3019 571 3098 factus.

508 3129 666 3210 ¹)1dncrr.
688 3134 718 3195 2.
740 3130 774 3190 in
794 3134 1012 3196 Partus.
1046 3131 1126 3212 Opp.
1144 3129 1183 3194 T.
1199 3128 1231 3192 4.
1251 3152 1275 3192 c.
1297 3127 1371 3192 119.
1403 3132 1450 3190 Et
1472 3128 1629 3207 quidm

399 3222 483 3280 sotus
512 3221 566 3283 itte
596 3221 795 3293 Sacerdos,
822 3224 879 3297 ait,
902 3223 974 3282 tatis
990 3224 1124 3298 enstitit,
1140 3230 1175 3283 ut
1186 3223 1255 3298 ipse
1271 3230 1348 3282 essct
1363 3222 1454 3283 etiam
1467 3239 1548 3281 sacr
1562 3207 1627 3271 ’ἱ-

394 3311 544 3392 ficium.
577 3313 827 3391 Sacrificium
858 3313 995 3374 obtulit
1015 3317 1161 3374 Deonon
1181 3314 1276 3388 atiud,
1299 3334 1390 3390 quarn
1411 3313 1628 3389 seipsam
1665 3336 1667 3341 ·

399 3406 471 3465 Non
501 3404 580 3464 enim
610 3405 760 3464 inueniret
787 3413 908 3482 praeter
933 3426 966 3464 se
987 3405 1221 3466 mundissimam
1237 3405 1418 3465 rationalem
1432 3403 1628 3465 virricum,

400 3502 552 3571 tamquam
574 3515 689 3571 apnns
712 3495 978 3556 immaculatus
1004 3496 1099 3574 fuso
1119 3494 1587 3572 sanquinesoormtmem
1618 3495 1629 3533 ⁸

400 3605 479 3656 nos,
512 3604 737 3660 concorporans
761 3606 818 3646 nos
843 3587 920 3660 sibi,
942 3587 1068 3665 faciens
1083 3607 1139 3647 nos
1154 3589 1287 3648 membra
1303 3607 1379 3660 sua,
1400 3586 1483 3646 utin
1496 3585 1545 3645 itio
1571 3571 1631 3630 Α

400 3696 456 3735 nos
489 3676 632 3736 Christus
663 3697 803 3740 essemus.
836 3680 886 3738 Ad
915 3681 970 3742 Ps.
999 3682 1069 3739 132.
1094 3700 1124 3737 n.
1150 3683 1177 3746 7.
1209 3674 1256 3740 Ii).
1299 3699 1323 3737 c.
1363 3674 1461 3740 1488.
1494 3688 1522 3738 et
1547 3657 1629 3734 ὦ·

402 3765 488 3838 Quis
505 3775 548 3827 est
569 3767 737 3842 Sacerdos,
761 3769 825 3828 nisi
855 3789 934 3828 unus
965 3768 1164 3844 Sacerdos,
1191 3769 1246 3844 qui
1268 3769 1398 3842 iurauit
1418 3769 1453 3829 in
1478 3760 1629 3831 staff

401 3858 597 3920 sanderum?
624 3858 702 3929 Quis
717 3867 763 3919 est
778 3860 835 3919 iste
850 3860 1018 3933 Sacerdos,
1035 3861 1104 3921 nisi
1119 3861 1172 3937 qui
1181 3853 1251 3938 fuit
1266 3867 1302 3920 et
1314 3859 1352 3919 oi
1358 3859 1469 3920 etima
1484 3866 1517 3919 et
1529 3856 1626 3919 Sa

401 3950 556 4010 cardos?
586 3950 650 4010 nisi
670 3950 737 4032 itte,
754 3950 889 4026 quicum
903 3951 937 4010 in
952 3955 1065 4010 mundo
1091 3971 1152 4010 non
1167 3950 1316 4011 inueniret
1329 3953 1488 4023 mundum,
1511 3928 1626 4026 quwi

401 4042 531 4122 offerret,
563 4041 732 4118 seipsum
764 4042 926 4101 attulit?
958 4079 1000 4088 -
1033 4045 1060 4118 ²)
1084 4043 1135 4101 Aa
1160 4042 1292 4106 Trasim.
1309 4044 1328 4102 t.
1347 4045 1376 4102 1.
1394 4062 1422 4102 c.
1440 4046 1488 4104 12.
1514 4040 1621 4121 ΟΡΡΙ

400 4154 430 4215 p.
448 4128 500 4193 80.
538 4134 622 4193 Unus
648 4133 785 4208 idemque
816 4133 969 4193 Mediator
999 4133 1061 4192 Dei
1092 4141 1120 4193 et
1149 4133 1321 4214 dominnm,
1342 4135 1432 4194 nomo
1456 4130 1620 4197 carata-³

400 4226 510 4297 Jesus,·
527 4223 594 4299 ipse
604 4231 716 4299 pastor
732 4231 760 4283 et
775 4224 854 4302 ouis3
881 4225 948 4299 ipse
969 4244 1100 4299 sponsus
1117 4232 1144 4284 et
1158 4244 1291 4300 sponsa,·
1324 4223 1392 4300 ipse
1411 4224 1580 4286 Sacerdo
1592 4220 1616 4261 ³

402 4324 433 4377 et
457 4315 628 4390 victima·
660 4336 740 4375 unus
772 4315 910 4392 idemque
927 4322 959 4374 et
983 4317 1125 4375 oblator
1147 4315 1320 4375 muneris¹
1340 4321 1368 4374 et
1386 4334 1515 4376 munus
1527 4312 1611 4391 ἴθ’

401 4415 482 4469 ctus
505 4415 548 4467 est
566 4400 771 4468 oblatoris:
804 4414 838 4466 ut
855 4427 908 4466 nec
929 4408 1046 4466 oblator
1061 4428 1080 4465 a
1096 4407 1229 4467 muneris
1246 4406 1393 4482 qualitate
1410 4393 1606 4467 desciscere&

400 4518 454 4560 nec
469 4518 579 4558 munus
595 4501 632 4557 ab
649 4497 794 4558 oblatoris
809 4498 915 4557 merito
929 4498 1127 4574 discreparet.
1148 4533 1191 4544 —
1209 4504 1237 4577 ³)
1255 4497 1343 4558 Dici.
1362 4501 1392 4558 1.
1412 4496 1487 4579 Opp.
1502 4490 1534 4556 Τ.
1550 4478 1598 4543 4·
1661 4515 1667 4545 :

400 4613 429 4672 p.
449 4587 502 4654 19.
518 4590 559 4659 D,
590 4589 629 4650 Si
643 4609 713 4667 erpo
729 4589 926 4650 Sacerdotium
936 4589 1103 4666 proprium
1120 4597 1182 4664 est,
1206 4590 1317 4670 inquit,
1335 4590 1446 4669 offerre
1459 4592 1593 4649 naurdi
1652 4604 1667 4669 j,

402 4680 545 4743 Odristus
576 4686 675 4740 auum
704 4684 867 4741 secundum
898 4680 1115 4742 humanitatem
1136 4681 1323 4742 Sacerdos
1348 4680 1511 4756 appellator
1527 4666 1583 4731 wi
1647 4674 1667 4741 ts

402 4772 532 4833 hostiam
549 4790 647 4846 porro
667 4771 780 4846 aliam,
813 4793 904 4847 quarn
931 4792 1067 4850 corpus
1093 4792 1209 4844 suum,
1242 4792 1306 4833 non
1321 4771 1439 4847 obtolit,
1456 4763 1577 4845 sequtffl
1636 4816 1641 4859 :
1665 4772 1667 4781 '

403 4864 561 4939 purarum
577 4881 688 4944 corpus
703 4863 854 4928 tabuisse.
1652 4863 1663 4877 ”
