3775 5625
346 419 410 488 1OE

344 588 462 660 ualeat,
486 585 518 649 in
539 606 601 673 qua
620 597 724 650 minen
745 584 875 670 proprie
892 597 1058 670 peccatum
1088 585 1243 674 originale
1266 587 1429 654 consistit
1462 589 1538 656 On

344 695 428 762 enim
451 716 490 761 ea
515 716 576 760 nec
595 707 770 783 generetur
795 693 1038 779 aparentibus,
1063 716 1123 761 nec
1148 706 1313 785 tangatur,
1343 699 1404 784 sed
1426 718 1447 764 a
1471 699 1537 766 Deo

344 817 486 880 creetur,
509 804 639 890 corpori
656 803 807 878 unienda,
824 815 918 888 atque
934 824 952 867 e
969 824 1064 868 manu
1078 804 1139 869 Dei
1154 803 1231 869 nihil
1248 806 1395 892 corrupti
1410 820 1469 874 aut
1482 808 1536 874 im·

344 914 414 1001 puri
434 913 597 1001 proficisci
618 912 736 999 possit3
761 925 794 977 ct
815 935 887 978 cum
907 911 1039 997 iusuper
1059 912 1130 998 ipsa
1151 934 1171 979 a
1192 935 1331 999 corpore
1347 912 1467 982 natura
1485 915 1538 984 eal

343 1045 479 1110 prorsus
496 1022 624 1089 diversa
638 1023 695 1088 sit:
720 1021 864 1107 quaestio
885 1021 952 1096 illa,
977 1024 1139 1108 quomodo
1156 1023 1262 1090 anima
1278 1026 1442 1111 ejusmodi
1463 1048 1538 1113 pura

344 1156 383 1200 ac
397 1134 552 1199 innocens
568 1154 625 1218 per
641 1132 806 1217 physicam
823 1152 895 1195 cum
912 1151 1050 1216 corpore
1066 1131 1178 1196 vitiato
1189 1134 1453 1220 conjunctionem
1469 1157 1537 1224 pec·

344 1256 416 1309 cato
431 1241 600 1316 inficiatur,
616 1242 710 1307 itaut
726 1240 756 1306 ei
770 1252 880 1305 reatus
897 1251 929 1303 et
944 1241 1036 1325 culpa
1052 1239 1226 1318 inhaereat,
1244 1263 1286 1307 ex
1302 1245 1375 1309 sola
1390 1245 1454 1311 hac
1467 1267 1537 1312 con·

338 1352 505 1438 junctione
525 1353 609 1416 haud
625 1349 768 1416 solvitur.
799 1350 974 1413 Praeterea
995 1348 1023 1413 si
1044 1361 1213 1434 peccatum
1233 1353 1322 1418 Adae
1338 1374 1384 1418 ex
1397 1354 1474 1440 ipsa
1494 1356 1537 1422 Μ’

344 1473 458 1528 natura
483 1461 759 1527 transfunderetur
780 1459 812 1523 in
833 1470 1001 1545 posteros,
1033 1458 1106 1544 quia
1126 1480 1250 1526 summa
1279 1461 1430 1530 libertate
1454 1487 1536 1532 com·

345 1570 479 1637 missum
489 1583 554 1636 est:
571 1570 603 1635 in
619 1569 703 1635 filios
721 1590 845 1660 quoque
856 1568 1036 1635 nansfundi
1047 1570 1201 1635 deberent
1215 1586 1349 1656 peccata
1360 1587 1537 1659 pareutum,

345 1702 439 1767 quum
464 1679 511 1755 hi,
534 1679 579 1744 uti
600 1681 756 1754 Adamus,
778 1678 924 1744 libertate
946 1692 1099 1764 peccent;
1132 1679 1246 1745 falsum
1263 1680 1348 1745 enim
1369 1694 1437 1759 est,
1461 1686 1540 1771 qnod

320 1858 322 1861 ,
345 1789 515 1856 lansenius
531 1788 685 1863 asseruit,
701 1788 862 1852 hominem
878 1810 964 1853 nunc
978 1788 1106 1852 nonnisi
1122 1810 1165 1854 ex
1180 1788 1376 1857 necessitate
1392 1813 1538 1877 premen-

345 1901 389 1967 tis
406 1898 685 1986 concupiscentiae
701 1897 733 1962 in
750 1910 883 1983 peccata
899 1896 970 1962 labi.

453 2011 623 2093 Superest,
652 2019 686 2071 ut
720 2007 821 2071 adhuc
846 2005 1037 2071 sententiam
1065 2006 1165 2083 illam,
1194 2027 1275 2094 quae
1291 2011 1330 2074 ad
1352 2011 1542 2095 mysterium

345 2132 491 2197 nostrum
531 2116 671 2202 apertius
705 2118 928 2201 exponendum
966 2115 1050 2180 inter
1087 2116 1227 2203 reliquas
1263 2119 1541 2188 adcommodatior

345 2250 420 2294 esse
435 2226 570 2301 videtur,
587 2246 821 2312 proponamus.
844 2228 997 2292 Putamus
1014 2238 1119 2291 antem
1136 2226 1242 2302 ethic,
1265 2240 1363 2313 prout
1379 2251 1482 2317 supra
1496 2231 1539 2298 le·

347 2338 464 2413 draus,
495 2336 579 2400 inter
603 2348 769 2420 peccatum
795 2334 967 2423 originale,
996 2348 1153 2422 quatenus
1183 2349 1347 2422 spectatur
1379 2351 1541 2427 tamquam

346 2448 447 2522 actio,
471 2458 503 2511 et
518 2457 673 2531 quatenus
690 2443 914 2508 consideratur
930 2455 1091 2530 tamquam
1112 2443 1282 2511 habitualis
1310 2468 1329 2511 a
1355 2447 1427 2512 Deo
1450 2467 1540 2516 aven

347 2557 396 2623 sio
413 2557 565 2621 adcurate
580 2554 827 2619 discernendum
843 2572 927 2618 esse.

451 2662 556 2729 Priori
575 2665 644 2748 jam
671 2674 837 2747 respectu,
867 2662 906 2726 ad
931 2662 1153 2748 explicandum
1183 2662 1308 2729 scilieet
1338 2664 1429 2741 illud,
1459 2669 1542 2755 quod

347 2771 561 2842 inobedientia
581 2772 670 2840 Adae
694 2792 760 2836 non
786 2792 886 2857 penes
909 2771 1021 2857 ipsum
1044 2772 1251 2849 remanserit,
1276 2775 1334 2840 sed
1359 2776 1399 2840 ad
1429 2797 1543 2845 omnes

348 2888 417 2971 ejus
441 2895 594 2970 posteros
626 2882 799 2968 pertineat,
823 2895 912 2947 recte
939 2882 1103 2958 statuitur,
1127 2863 1245 2958 Deum,
1275 2886 1543 2971 quemadmodum

340 2997 408 3080 J'om
424 3013 523 3079 supra
537 2991 761 3077 exposuimus,
783 3013 879 3076 quum
893 2991 1053 3077 justitiam
1068 3013 1107 3058 ac
1123 2992 1327 3058 sanctitatem
1344 2993 1542 3083 'originalem

345 3102 629 3190 protoparentihus
651 3103 755 3177 daret,
784 3114 878 3187 atque
902 3103 1008 3189 legem
1030 3102 1069 3168 de
1100 3123 1164 3167 non
1185 3104 1406 3169 manducando
1437 3105 1543 3172 fructu

346 3212 475 3281 arboris
496 3210 650 3277 scientiae
672 3210 748 3275 boni
764 3223 797 3275 et
812 3211 886 3276 mali
901 3211 1016 3286 ferret,
1039 3214 1197 3277 ndamum
1213 3213 1311 3278 totius
1327 3214 1461 3302 generis
1487 3216 1542 3280 hu·

346 3322 444 3397 mani,
473 3324 565 3407 cujus
587 3332 682 3406 caput
697 3320 865 3406 physicum
880 3333 965 3396 erat,
991 3321 1088 3386 etiam
1103 3323 1225 3387 morale
1248 3323 1544 3400 constituisse,·ita

346 3446 380 3498 ut
399 3433 485 3498 velut
505 3431 646 3496 omnium
660 3430 790 3495 nornine
810 3442 1019 3515 praeceptum
1041 3430 1102 3495 Dei
1119 3445 1279 3507 servaret,
1302 3434 1353 3498 vel
1372 3447 1541 3522 transgre-

345 3544 489 3614 deretur,
512 3551 545 3604 et
559 3538 718 3624 justitiam
741 3537 931 3625 originalem
951 3538 1115 3614 omnibus,
1138 3539 1158 3604 i.
1180 3561 1208 3605 e.
1225 3554 1358 3607 naturae
1374 3543 1541 3619 humanae,

346 3659 555 3717 conservaret
575 3659 630 3711 aut
648 3648 809 3732 perderet.
832 3647 905 3711 Non
925 3659 1156 3732 potestantem
1180 3663 1294 3714 oonua
1310 3651 1421 3727 statui,
1446 3654 1541 3720 talem

344 3758 404 3824 Dei
425 3755 686 3822 constitutionem
712 3778 785 3822 cum
805 3757 875 3841 ejus
896 3755 1023 3841 justitia
1052 3758 1201 3843 componi
1222 3781 1286 3824 non
1316 3781 1428 3847 posse.
1462 3762 1540 3828 Nam

346 3869 430 3935 sicut
444 3866 595 3954 princepe
605 3878 715 3953 potest
724 3879 847 3931 sortem
860 3867 1060 3932 subditorum
1071 3867 1164 3933 alicui
1180 3867 1317 3955 sapienti
1329 3871 1540 3947 committere,

345 3991 438 4064 atque
453 3976 487 4042 in
503 3978 573 4061 ejus
589 3977 750 4043 voluntate
770 3976 898 4041 illorum
913 3978 1112 4052 voluntates,
1137 3980 1222 4064 quod
1245 3977 1358 4043 attinet
1381 3982 1422 4045 ad
1446 4002 1536 4068 quoe*

346 4089 417 4152 dam
438 4085 572 4152 effectus
589 4085 765 4171 juridicos,
789 4085 967 4151 includere:
998 4085 1043 4150 ita
1067 4086 1171 4170 potuit
1196 4107 1216 4150 a
1239 4086 1367 4151 fortiori
1395 4089 1486 4156 Deus
1509 4090 1536 4155 ie

344 4197 505 4263 voluntate
525 4195 620 4281 primi
639 4194 778 4260 hominis
805 4194 945 4259 omnium
969 4197 1039 4280 ejus
1061 4208 1268 4280 posterorum
1289 4199 1476 4266 voluntates
1496 4201 1533 4265 in·

346 4308 474 4372 cludere
490 4307 594 4390 quoad
610 4304 870 4369 observationem
884 4306 936 4369 vel
951 4304 1249 4392 transgressionem
1265 4308 1444 4393 praecepti,
1461 4309 1550 4374 unde-

345 4415 537 4503 eequehatur
554 4414 759 4480 conservatio
775 4416 826 4479 vel
843 4414 975 4479 amissio
987 4414 1131 4500 justitiae
1149 4414 1295 4502 originis,
1316 4429 1414 4500 prout
1431 4439 1473 4483 ea
1490 4421 1550 4482 do-

345 4547 420 4590 num
436 4535 506 4590 erat
520 4522 618 4588 totius
633 4524 789 4588 humanae
811 4535 953 4587 naturae.
978 4523 1065 4603 Quae
1087 4522 1273 4589 constitutio
1291 4545 1331 4589 eo
1347 4524 1457 4592 minus
1474 4537 1550 4615 pot·

345 4645 396 4700 est
421 4630 617 4720 impugnari,
641 4630 714 4718 quia
735 4644 805 4696 erat
823 4631 922 4707 facta,
944 4645 979 4696 ut
995 4631 1121 4717 justitia
1136 4645 1169 4698 et
1183 4632 1338 4698 sanctitas
1362 4634 1550 4723 originalis

345 4744 462 4807 donum
489 4743 746 4827 supernaturale,
768 4753 900 4807 naturae
923 4740 1079 4806 humanae
1111 4741 1243 4827 propria
1269 4755 1301 4806 et
1328 4743 1420 4831 quasi
1451 4759 1550 4813 natu

345 4850 422 4916 ralis
462 4850 661 4926 efficeretur,
695 4851 838 4936 adeoque
876 4850 969 4918 nobis
1000 4852 1082 4937 plus
1096 4852 1239 4926 favebat,
1261 4872 1354 4938 quarn
1389 4857 1550 4924 noceto
