3775 5625
1471 399 1537 499 too

384 594 407 628 ·'
456 599 496 659 A.
513 596 553 660 ad
569 600 603 661 S.
621 595 866 680 scripturam
883 588 1011 659 attinet:
1029 587 1190 680 pertinent
1204 593 1266 660 hnc
1282 595 1381 660 verha
1392 596 1538 681 Apostoli

344 703 471 768 Pauli:
496 708 601 784 Ipttnr
632 713 720 768 sicot
744 728 805 786 per
836 714 934 767 onina
966 707 1117 767 delictum
1150 704 1315 786 (delictum
1343 704 1482 789 trarrsiit)
1504 714 1538 769 in

346 836 460 877 omnes
474 821 620 878 nomines
635 824 669 877 in
690 818 1008 877 condemnationem:
1031 823 1079 876 stc
1096 837 1158 897 per
1179 822 1278 879 unios
1288 821 1458 894 joottttom
1475 816 1537 900 (jn-

345 921 435 986 stitia
447 922 574 1002 transit)
591 932 625 986 in
642 946 753 987 omnes
764 927 909 986 tornines
925 932 959 986 in
966 929 989 1002 j
996 928 1324 1003 notificationem
1340 932 1443 987 ottae
1461 922 1498 1001 (l.
1511 943 1538 988 e.

345 1054 428 1117 qnae
466 1045 515 1097 est
550 1032 615 1096 vita
651 1046 762 1097 nostra
799 1032 1002 1117 spiritualis).
1067 1032 1164 1095 Sicut
1202 1040 1286 1096 enirn
1323 1056 1384 1115 per
1420 1038 1536 1097 inote-

345 1145 502 1204 dlenttam
533 1151 632 1205 nnius
657 1149 795 1205 hominis
814 1152 1008 1223 peccatores
1024 1150 1192 1205 corratttutt
1217 1151 1297 1205 cont
1312 1145 1423 1219 rnoltt,·
1445 1150 1492 1205 tto
1508 1152 1540 1205 et

340 1273 403 1333 per
420 1258 520 1314 unius
536 1255 748 1314 obeditionem
754 1258 866 1330 justi
883 1260 1122 1314 constituentur
1138 1254 1232 1314 rnoltt
1243 1253 1277 1330 l).
1295 1250 1415 1329 Quibus
1430 1250 1538 1316 verhis

344 1361 523 1446 Apostolus
545 1360 664 1426 diserte
688 1361 798 1435 docet,
830 1363 964 1425 eandem
988 1381 1062 1425 osse
1078 1360 1236 1424 rationem
1252 1373 1383 1424 nostrae
1394 1359 1539 1445 justitiae

344 1490 404 1553 per
422 1469 585 1535 Christum
603 1469 790 1555 acquisitae,
814 1492 852 1535 ac
868 1482 1001 1534 nostrae
1023 1468 1296 1535 condemnationis
1313 1491 1370 1555 per
1385 1470 1539 1534 Adamnm

347 1591 552 1648 contractae:
586 1590 618 1642 et
639 1600 700 1643 nos
723 1580 837 1643 eodem
861 1581 958 1642 modo
981 1600 1055 1643 csse
1074 1580 1183 1663 justos
1214 1591 1346 1665 propter
1369 1577 1541 1654 Christum,

344 1709 409 1773 qno
428 1709 539 1751 sumus
557 1700 748 1772 peccatores
764 1699 898 1772 propter
914 1689 1080 1751 Adamum.
1120 1689 1190 1751 Jarn
1214 1686 1369 1752 evicimus
1390 1708 1487 1772 supra
1506 1687 1538 1752 in

345 1808 484 1861 tractatu
501 1798 539 1861 de
556 1810 691 1882 peccato
711 1796 870 1884 originali,
887 1819 947 1861 nos
965 1797 1104 1861 miseros
1121 1818 1194 1862 esse
1206 1798 1246 1861 ob
1262 1798 1349 1861 Adae
1362 1810 1538 1882 peccatum,

344 1929 409 1972 non
427 1906 575 1991 qnoniam
603 1906 698 1971 nohis
715 1919 881 1992 peccatum
903 1908 965 1971 hoc
980 1906 1168 1991 imputatur,
1191 1908 1248 1971 sed
1265 1906 1337 1992 qnia
1354 1905 1446 1971 nohis
1462 1927 1538 1971 vero

346 2037 385 2080 ac
401 2036 517 2100 reapse
533 2015 685 2080 inhaeret.
728 2016 814 2080 Unde
836 2015 864 2079 si
886 2016 957 2100 pari
969 2038 1109 2107 prorsus
1127 2017 1222 2080 modo
1239 2037 1297 2100 per
1314 2015 1476 2080 Christum
1486 2018 1537 2100 jn-

344 2124 531 2197 stifieamur,
549 2146 607 2188 seu
618 2124 699 2208 justi
716 2123 955 2188 constituimur:
975 2124 1101 2209 justitia
1117 2146 1253 2211 quoque,
1270 2146 1331 2210 qua
1341 2123 1421 2209 justi
1435 2115 1536 2188 reddi·¹

344 2256 432 2309 mur,
449 2233 544 2298 nohis
561 2233 726 2297 inhaereat
742 2255 800 2298 seu
817 2232 942 2297 interna
957 2255 996 2298 ac
1011 2256 1087 2298 vera
1104 2234 1144 2299 sit
1160 2255 1296 2298 necesse
1313 2245 1372 2298 est.
1395 2232 1537 2307 Accedit,

343 2345 477 2408 Paulum
498 2362 654 2427 expresse
676 2341 800 2416 dicere,
825 2364 886 2405 nos
904 2344 1014 2426 justos
1031 2341 1182 2406 constitui
1199 2364 1257 2427 per
1272 2322 1365 2406 unius
1383 2341 1536 2405 obeditio·

344 2474 430 2525 nem,
447 2453 531 2537 quod
547 2450 631 2515 idem
649 2464 709 2526 est,
726 2472 764 2515 ac
780 2453 890 2536 justos
911 2473 969 2535 per
993 2451 1198 2536 adoptionem
1208 2451 1353 2536 justitiae
1370 2451 1535 2540 inlmeren·

346 2561 388 2626 tis
410 2580 448 2625 ao
469 2560 631 2646 perfectae
654 2559 741 2635 lieri,
774 2583 972 2647 nequaqnam
994 2574 1099 2625 autern
1123 2574 1244 2626 tantum
1264 2560 1348 2625 idem
1372 2582 1411 2625 ac
1426 2562 1536 2644 justos

343 2669 472 2743 haberi,
498 2683 551 2734 eut
573 2672 670 2734 modo
693 2670 815 2736 lorensi
826 2673 935 2756 justos
952 2671 1160 2756 pronuntiari.
1194 2671 1395 2757 Quapropter
1411 2682 1444 2735 et
1458 2668 1536 2734 inle-

345 2778 413 2844 rius
437 2780 613 2865 Apostolus
636 2779 744 2855 tradit,
772 2802 832 2846 nos
848 2802 906 2867 per
922 2779 1188 2866 justificationem
1208 2792 1343 2866 peccato
1361 2800 1435 2846 esse
1452 2800 1536 2845 mor·

345 2901 419 2957 tuos
436 2888 456 2953 i.
471 2909 498 2953 e.
516 2909 535 2952 a
555 2888 710 2954 servitute
732 2890 858 2974 peccati
874 2890 1037 2955 liberatos.
1055 2892 1129 2952 Hoc
1144 2897 1297 2970 scienter,
1317 2888 1370 2964 ait,
1387 2897 1465 2973 quta
1480 2910 1538 2952 oe-

346 3008 403 3062 tua
424 3005 537 3079 homo,
561 2998 581 3063 i.
598 3020 625 3063 e.
644 3013 796 3085 corrupta
812 3013 924 3065 natura
941 3013 1069 3074 nostra,
1086 3021 1128 3064 cx
1144 3012 1278 3085 peccato
1293 3000 1382 3064 Adae
1400 3010 1486 3074 orta,
1508 3011 1540 3063 et

346 3119 460 3172 nostra
474 3108 615 3194 nequitia
630 3122 732 3184 ancta,
749 3109 842 3173 simul
860 3115 1041 3191 cructfirroo
1058 3119 1125 3188 est,
1149 3109 1167 3173 i.
1190 3130 1218 3173 e.
1242 3107 1358 3173 merito
1376 3121 1410 3173 et
1424 3107 1540 3173 virtute

345 3215 509 3304 passionis
527 3218 647 3283 Christi
663 3218 954 3304 concupiscientiae
971 3232 1102 3284 nostrae
1120 3218 1315 3284 constrictae
1332 3231 1364 3283 et
1380 3216 1541 3283 coercitae

346 3339 434 3402 sunt,
452 3340 487 3391 ut
501 3327 533 3392 in
551 3328 645 3392 nohis
662 3351 725 3392 non
743 3329 877 3415 amplius
894 3330 1095 3394 dominentur
1112 3343 1144 3394 ct
1160 3328 1314 3404 saeviant,
1330 3339 1369 3393 nt
1382 3334 1541 3391 destron-

347 3447 404 3501 tur
420 3459 542 3520 corpor
554 3446 694 3520 peccati,
712 3451 781 3502 tota
796 3452 1003 3522 peccatorum
1021 3459 1138 3515 massa,
1155 3458 1311 3523 omneque
1326 3436 1493 3522 imperinm
1510 3448 1542 3502 et
1575 3515 1578 3521 ι

347 3545 491 3633 potentia
507 3547 643 3631 peccati,
660 3557 694 3611 et
706 3552 798 3612 ultra
814 3572 882 3612 non
896 3557 1083 3612 serotomns
1099 3553 1157 3614 tttt.
1202 3551 1268 3625 ont
1290 3556 1374 3637 entm
1391 3556 1543 3611 mortuno

348 3665 409 3728 eat,
426 3655 550 3721 scilicet
566 3669 711 3742 peccato,
718 3664 926 3739 justificatus
942 3667 994 3722 est
1008 3682 1028 3721 o
1041 3668 1176 3740 peccato
1186 3663 1223 3738 ²).
1264 3656 1344 3737 Quid
1366 3669 1471 3721 autem
1492 3668 1542 3720 est

348 3765 539 3830 aservitute
556 3767 681 3851 peccati
698 3768 842 3842 litterari,
865 3767 927 3833 nisi
947 3768 1073 3832 interne
1095 3767 1260 3842 renovari,
1281 3766 1325 3831 ita
1340 3778 1375 3849 ut
1391 3764 1541 3849 concupi·

349 3873 487 3940 scientia
509 3875 604 3939 nohis
630 3876 766 3961 amplius
786 3879 875 3941 haud
892 3877 1083 3952 dominetur,
1110 3878 1253 3963 adeoque
1268 3887 1435 3960 peccatum
1452 3896 1471 3939 a
1486 3896 1541 3937 vo·

348 3985 489 4058 luntate,
506 3996 617 4048 sanata
644 3998 676 4048 et
697 3987 736 4050 ad
758 3987 860 4050 Deum
882 4008 1054 4058 conversa,
1075 4006 1211 4072 prorsus
1229 3984 1271 4049 sit
1287 3984 1461 4058 sublatum,
1478 4001 1542 4046 non

350 4105 471 4158 tantum
483 4115 591 4158 rasum
608 4107 662 4158 aut
679 4114 742 4159 non
758 4095 967 4181 imputatum?
979 4132 1022 4143 -—
1035 4095 1127 4161 Aliud
1143 4091 1360 4159 testimoninm
1377 4090 1541 4178 scripturi·

350 4201 468 4268 sticum
500 4203 594 4269 nohis
619 4218 750 4290 praesto
775 4218 825 4270 est
845 4205 878 4270 in
902 4206 956 4271 illo
979 4209 1063 4281 loco,
1095 4205 1126 4268 in
1144 4202 1543 4291 quoidemhpostolus

350 4313 516 4378 Romanos
540 4314 585 4378 ita
605 4314 788 4401 alloquitur:
834 4319 901 4378 Vos
922 4325 1047 4394 autem,
1074 4324 1108 4378 tn
1124 4337 1224 4377 carne
1240 4335 1304 4376 non
1320 4319 1411 4391 cotto,
1430 4315 1491 4374 sed
1504 4320 1543 4373 in
1603 4308 1605 4312 ⁴

351 4429 525 4505 optrito,
543 4422 563 4488 i.
581 4445 608 4488 ε.
626 4446 689 4488 non
707 4423 786 4489 estis
803 4426 960 4500 carnales,
977 4425 1035 4490 sed
1052 4423 1244 4508 spirituales,
1262 4443 1321 4487 nec
1338 4419 1476 4485 carnalia
1492 4442 1542 4483 se·

352 4529 495 4604 ctamini,
512 4553 569 4595 sen
586 4554 650 4596 non
665 4532 751 4597 inest
767 4532 858 4597 vohis
875 4553 974 4617 prava
984 4532 1120 4605 indoles,
1136 4529 1195 4595 sed
1205 4529 1348 4615 perlecta
1368 4542 1400 4595 et
1416 4541 1542 4594 sancta:

351 4647 513 4703 ettamen
540 4649 711 4723 spiritus
735 4643 807 4704 Der·
830 4646 1041 4706 habitatin
1056 4646 1183 4719 votis,
1202 4661 1262 4704 vos
1280 4639 1403 4704 scilieet
1426 4640 1541 4704 sancti&

463 4886 489 4968 ¹)
504 4885 589 4946 Rom.
608 4881 639 4962 5,
657 4882 709 4948 18.
728 4883 780 4948 19.
797 4873 839 4931 ἓ-
858 4884 885 4968 ¹)
900 4885 989 4950 Rom.
1005 4878 1036 4960 6,
1053 4879 1150 4951 6-7.
