3775 5625
1410 425 1478 511 405

286 608 432 682 tinentia,
464 627 544 693 quae
569 605 799 691 proculdubio
824 606 862 669 ad
888 606 992 693 legem
1025 608 1198 672 naturalem
1232 608 1386 693 pertinet,
1418 610 1476 675 ait:

284 718 391 799 Scici,
417 725 567 797 qnoniam
598 723 696 779 aliter
725 738 801 779 non
829 738 990 795 possunt
1021 739 1107 779 esse
1138 725 1361 795 continens,
1393 728 1477 784 nisi

282 829 392 888 Deus
414 832 527 907 det¹).
559 826 607 890 nd
631 846 711 910 quae
731 827 830 889 verba
847 826 977 888 adnotat
999 825 1258 912 Augustinus:
1283 832 1384 892 tutet
1398 851 1476 909 erqo

280 941 376 998 Deus
392 943 635 1016 contimticm,
654 948 688 997 et
700 943 766 997 dat
788 941 1089 1013 continentiam
1098 940 1194 1015 jactet
1204 958 1265 1015 per
1282 945 1395 1017 tegern,
1413 949 1480 1003 dat

277 1069 356 1123 per
375 1051 564 1124 qratiam,
581 1046 677 1123 jubet
686 1065 748 1122 per
764 1050 918 1124 litteram,
937 1051 1001 1107 dat
1021 1065 1093 1122 per
1116 1044 1363 1126 Spiritum²).

392 1153 515 1217 Deinde
538 1173 609 1214 curn
631 1149 741 1215 militia
765 1150 807 1215 sit
822 1150 886 1214 vita
901 1151 1039 1215 bominis
1057 1174 1155 1237 super
1173 1166 1307 1227 terram;
1332 1167 1365 1219 et
1379 1157 1476 1220 bomo

281 1264 355 1328 sine
379 1262 483 1350 gratia
507 1260 701 1325 tentationes
731 1261 843 1324 saltem
875 1260 1046 1347 graviores
1076 1262 1208 1327 vincere
1239 1263 1322 1327 haud
1361 1264 1476 1348 possit,

279 1386 378 1458 atque
400 1371 473 1435 ideo
497 1368 696 1455 impossibile
720 1368 764 1433 sit
787 1368 894 1433 omnia
917 1383 1089 1455 praecepta
1107 1370 1201 1434 etiam
1216 1371 1299 1459 legis
1323 1372 1476 1437 naturalis

279 1501 416 1546 servare
432 1479 500 1543 sine
519 1477 649 1563 speciali
666 1477 813 1542 interiori
835 1477 895 1541 [lei
911 1478 1030 1564 gratia:
1055 1479 1258 1543 manifestum
1274 1502 1399 1567 quoque
1416 1494 1476 1557 est,

278 1590 443 1654 bominem
476 1589 596 1673 absque
628 1588 738 1650 eadem
763 1608 827 1650 non
856 1608 952 1671 posse
970 1588 1008 1650 ab
1027 1588 1111 1651 omni
1136 1602 1286 1673 peccato,
1303 1603 1335 1655 et
1350 1592 1476 1676 quidem

279 1722 347 1763 non
364 1711 485 1763 tantum
500 1697 578 1769 levi,
603 1697 660 1760 sed
677 1708 709 1759 et
724 1694 817 1781 gravi
833 1715 908 1759 esse
923 1695 1105 1761 immunem.

393 1808 535 1871 Tandem
552 1805 700 1891 quoniam
718 1817 836 1868 tantum
852 1805 957 1891 gratia
968 1805 1150 1889 justificans
1168 1828 1239 1871 curn
1257 1808 1371 1872 actuali
1388 1808 1475 1873 auxi·

278 1922 339 1992 lio,
365 1917 393 1981 ei
410 1928 635 2000 attemperato,
654 1915 745 1998 justo
770 1914 923 2000 largiatur
948 1914 1033 1978 vires
1058 1916 1256 1980 sufficientes
1281 1918 1320 1979 ad
1344 1929 1477 2001 peccata

278 2026 408 2093 lethalia
423 2047 487 2089 non
505 2022 687 2111 singillatim
704 2035 841 2096 tantum,
859 2024 917 2086 sed
934 2035 966 2085 et
982 2023 1156 2087 universim
1184 2024 1380 2111 effugienda:
1406 2048 1474 2090 cer·

279 2151 348 2201 tum
373 2155 499 2220 quoque
523 2146 587 2206 est,
613 2154 694 2217 opus
719 2152 793 2195 esse.
818 2131 912 2195 nobis
937 2132 1068 2216 speciali
1093 2134 1194 2196 dono
1218 2155 1475 2219 perseveran-

281 2247 376 2318 tiae,
403 2264 459 2307 seu
483 2242 600 2307 auxilio
623 2241 696 2313 nei,
718 2261 780 2325 quo
797 2240 951 2314 efficitur,
968 2254 1002 2303 ut
1019 2243 1169 2305 mundum
1186 2264 1257 2307 cum
1275 2244 1342 2308 suis
1359 2245 1474 2307 amori·

281 2358 357 2429 bus,
384 2352 563 2417 terroribus
580 2363 612 2415 et
628 2350 794 2414 erroribus
826 2349 1006 2423 vincamus,
1030 2363 1061 2413 et
1083 2351 1115 2414 in
1127 2351 1253 2435 Justitia
1269 2353 1352 2417 diem
1369 2365 1474 2417 extre-

281 2486 370 2528 mum
394 2465 556 2527 obeamus.
583 2462 732 2525 Ceterum
756 2459 893 2545 gratiam
916 2461 1175 2544 perseverantiae
1197 2461 1300 2527 linalis
1317 2482 1382 2525 uon
1399 2483 1474 2527 con·

280 2588 370 2638 stare
394 2572 594 2635 solummodo
613 2570 643 2633 in
660 2569 813 2633 interiore
838 2568 971 2644 auxilio,
997 2572 1054 2633 sed
1079 2570 1174 2634 etiam
1194 2571 1227 2635 iu
1244 2583 1378 2635 externa
1402 2592 1474 2655 pro·

281 2682 423 2748 tectione
439 2680 514 2754 Dei,
540 2700 601 2764 quia
624 2677 778 2763 peccandi
801 2679 992 2742 occasiones
1009 2680 1137 2743 anobis
1161 2692 1422 2766 praevertuntur,
1444 2693 1477 2744 et

281 2790 474 2858 tentationes
497 2802 646 2854 arcentur
667 2800 721 2852 aut
737 2801 971 2874 temperantur,
995 2813 1088 2875 qurum
1104 2791 1193 2855 [leurs
1210 2813 1270 2855 nos
1287 2789 1412 2855 interne
1429 2802 1474 2854 at·
1555 2796 1572 2856 .“

279 2923 340 2989 que
364 2913 497 2966 externe
518 2900 557 2962 ad
578 2899 712 2962 salutem
746 2911 889 2961 nostram
914 2901 1023 2973 ducat,
1056 2919 1113 2983 per
1135 2921 1171 2964 se
1188 2899 1390 2964 manifestum
1415 2913 1474 2964 est.

278 3016 383 3076 Porro
407 3008 612 3095 distinguitur
636 3007 873 3091 perseverantia
895 3008 1026 3071 activa
1049 3021 1081 3072 et
1096 3009 1267 3092 passiva
1292 3010 1379 3074 llaec
1396 3031 1472 3074 con·
1535 3047 1537 3052 <

279 3121 366 3186 sistit
380 3119 413 3184 in
431 3118 656 3203 conjunctione
688 3115 802 3180 mortis
827 3139 898 3180 curn
923 3130 1006 3181 statu
1031 3118 1169 3204 gratiae3
1194 3118 1246 3182 illa
1267 3131 1371 3182 autern
1388 3118 1473 3193 lacit,

278 3244 312 3294 ut
327 3233 425 3294 bomo
444 3227 601 3312 justitiam
618 3246 719 3310 usque
736 3226 774 3288 ad
792 3225 958 3289 articulum
981 3226 1096 3290 mortis
1121 3240 1300 3291 conservet.
1333 3226 1473 3292 Gratiam

276 3337 536 3425 perseverantiae
569 3335 672 3399 finalis
704 3335 798 3398 nobis
830 3356 904 3400 esse
936 3337 1170 3410 necessariam,
1194 3338 1312 3401 docent
1343 3336 1472 3402 disertis

277 3470 404 3535 utroque
420 3446 527 3510 verbis
545 3449 604 3510 SS.
621 3444 806 3509 Litterae.
831 3445 887 3509 Sic
904 3445 1017 3509 scribit
1032 3448 1194 3510 Paulus:
1223 3448 1289 3523 Oui
1313 3453 1417 3525 coepit
1437 3453 1473 3509 iu

276 3565 460 3638 cobiaopus
474 3565 605 3636 bonum,
618 3559 816 3635 perficiet
830 3577 953 3636 usquc
970 3562 1011 3621 iu
1028 3562 1124 3618 diem
1143 3557 1305 3618 Christi
1320 3558 1471 3634 Jesui).

275 3673 380 3754 Atque
410 3669 568 3730 Petrus:
594 3668 684 3727 Deua
705 3679 811 3728 cotem
833 3671 937 3728 omnis
954 3671 1084 3744 cratiae
1117 3671 1245 3744 (auctor
1262 3677 1294 3728 et
1309 3663 1471 3751 largitor),

274 3785 332 3858 cui
348 3783 479 3841 cocucr't
499 3797 559 3838 uos
575 3782 609 3837 in
625 3788 789 3838 aeternam
813 3796 905 3837 suam
918 3781 1061 3854 ylariani
1077 3781 1112 3836 in
1132 3775 1265 3839 Obriato
1282 3778 1381 3846 Jcau,
1398 3795 1470 3837 mc-

272 3895 383 3950 uicum
411 3866 526 3966 passos
563 3892 646 3964 ipse
673 3889 891 3965 perficiet,
933 3888 1216 3961 confirmabit,
1258 3889 1470 3946 solidabit·

272 4019 348 4075 que
362 4000 400 4074 ⁴).
424 3996 511 4058 Deus
532 3993 638 4078 itaque
660 4005 725 4067 est,
750 3993 802 4078 qui
824 4014 905 4077 opus
928 3992 1136 4058 redemtionis
1159 4014 1218 4056 seu
1235 3989 1421 4056 salvationis
1437 3989 1469 4054 in

270 4104 370 4168 nobis
396 4102 533 4188 perlicit,
556 4102 607 4187 qui
623 4125 684 4165 nos
701 4104 832 4166 roborat
849 4115 942 4188 atque
967 4100 1086 4166 stabilit
1101 4101 1132 4163 in
1149 4099 1211 4164 fide
1229 4113 1322 4186 atque
1334 4098 1469 4183 justitia.

270 4217 309 4279 lu
324 4211 408 4276 locis
425 4211 515 4276 bisce
532 4211 638 4297 agitur
656 4213 694 4273 de
711 4210 952 4294 perseverantia
968 4210 1087 4283 activa,
1105 4230 1165 4295 qua
1181 4208 1306 4273 seilicet
1322 4210 1409 4274 Deus
1425 4209 1470 4273 ita

268 4320 436 4386 bominem
461 4342 518 4405 per
540 4319 781 4404 inspirationem
806 4320 970 4384 charitatis
994 4319 1117 4406 dirigit,
1135 4330 1249 4381 utnon
1266 4331 1395 4401 peccet,
1418 4319 1469 4382 vel

269 4431 302 4495 si
317 4431 515 4514 peccaverit,
533 4443 696 4515 resurgat,
720 4441 752 4492 et
768 4431 875 4513 lapsus
892 4429 952 4514 ipsi
972 4440 1166 4513 cooperetur
1183 4427 1213 4490 in
1231 4429 1359 4490 bonurn.
1384 4428 1468 4489 Esse

268 4552 380 4604 autern
403 4538 497 4602 etiam
522 4539 791 4623 perseuerantiam
809 4537 933 4602 furialem
951 4537 1111 4622 passivam
1129 4539 1245 4600 donum
1262 4536 1321 4599 Dei
1338 4537 1369 4599 in
1387 4534 1466 4598 libro

270 4696 492 4708 *-

382 4779 406 4858 ¹)
423 4779 493 4858 Sap,
513 4776 543 4850 8,
561 4777 614 4840 21.
631 4814 674 4825 -
692 4781 719 4855 ²)
737 4779 841 4857 Epist.
859 4779 932 4838 157:
946 4800 977 4840 rt.
996 4780 1024 4838 9.
1042 4779 1080 4843 T.
1097 4774 1127 4840 2.
1146 4798 1170 4840 c.
1187 4773 1264 4840 545.
1281 4811 1325 4822 --
1344 4773 1368 4855 ³)
1385 4773 1466 4839 Phil.

271 4869 304 4954 l,
322 4867 354 4932 6.
371 4869 417 4931 cf.
435 4868 465 4934 2.
482 4870 591 4934 Thaso.
609 4867 640 4942 2,
660 4866 803 4935 15-16.
822 4867 851 4932 1.
869 4868 940 4934 Cor.
959 4867 988 4944 l,
1005 4866 1035 4932 8.
1053 4905 1095 4918 --
1112 4867 1139 4947 ⁴)
1158 4867 1187 4932 1.
1204 4869 1288 4930 Patr.
1305 4863 1337 4940 5,
1356 4861 1408 4928 10.
