3775 5625
344 440 410 508 218

449 610 570 669 illenim
597 618 756 686 postquam
777 612 863 669 Deus
874 611 939 685 jam
956 613 1226 687 protoparentibus
1249 615 1459 689 promiserat,
1479 634 1529 691 per

344 738 449 781 semen
466 719 606 779 mulieris
624 729 716 796 caput
732 711 907 779 seductoris
924 721 1093 780 contritum
1117 721 1174 789 iri,
1197 731 1287 798 atque
1308 724 1428 785 hancce
1445 725 1529 784 tidem

344 831 375 889 iu
392 830 516 888 familiis
532 828 796 899 Patriarcbarum,
813 830 922 905 quibus
938 831 1080 906 patelieri
1097 831 1207 900 voluit,
1231 842 1479 893 conservaverat
1499 851 1529 894 ac

343 940 592 1009 instauraverat3
624 957 714 1015 quum
730 938 864 997 familiae
881 939 1034 1017 singulae,
1051 940 1160 1016 quibus
1177 939 1335 1018 hucusque
1353 961 1457 1020 genus
1473 942 1529 1002 bu·

344 1067 464 1108 manum
497 1047 702 1117 constiterat,
732 1048 773 1105 in‘
785 1048 926 1107 nationes
943 1049 1173 1112 coalescerent:
1199 1050 1366 1110 abrahami
1386 1052 1529 1127 posteris,

343 1159 453 1236 populo
469 1156 612 1227 ludaico,
629 1176 715 1234 quem
734 1158 886 1236 elegerat,
903 1159 1021 1235 Legem
1039 1158 1130 1227 dedit,
1148 1168 1238 1234 atque
1256 1178 1342 1235 spem
1360 1161 1460 1221 futuri
1475 1164 1529 1219 lte·

344 1266 490 1328 demtoris
522 1268 610 1325 novis
641 1267 802 1343 promissis
824 1286 879 1343 per
900 1269 1039 1345 Legatos
1062 1285 1136 1326 suos
1153 1267 1261 1338 factis,
1282 1287 1419 1329 necnon
1437 1269 1529 1329 variis

246 1459 248 1464 Ι
344 1377 472 1446 ritibus,
493 1377 659 1453 praecipue
676 1377 841 1437 sacrificiis
858 1395 894 1436 ac
912 1377 1010 1452 typis,
1028 1395 1045 1436 a
1063 1396 1097 1435 se
1115 1377 1275 1448 ordinatis,
1294 1379 1442 1438 coutiriuo
1460 1379 1529 1439 fovit

345 1497 435 1563 atque
456 1485 553 1544 anxit.
593 1488 737 1544 Attamen
764 1502 837 1562 spes
854 1485 974 1545 isthaec
993 1504 1052 1544 non
1070 1486 1284 1546 continebatur
1300 1487 1377 1545 solis
1395 1488 1529 1548 Judaeae

343 1595 471 1666 findas,
495 1595 551 1653 sed
571 1613 627 1671 per
644 1594 855 1654 'Proditionem
878 1595 1080 1674 originariam
1096 1595 1178 1654 inter
1195 1614 1300 1655 omnes
1316 1599 1447 1673 populos
1466 1616 1529 1658 oon·

344 1714 487 1775 servata,
504 1723 561 1764 neo
579 1722 637 1763 non
656 1705 842 1764 commercio
860 1723 929 1764 cum
947 1706 1056 1781 populo
1073 1705 1205 1766 Judaico
1222 1724 1278 1782 per
1293 1706 1443 1766 vaticinia
1459 1709 1529 1766 Pro·

344 1814 506 1890 phalarum
532 1822 638 1882 aucta,
670 1814 793 1873 lucebat
810 1832 927 1890 quoque
945 1815 975 1873 in
993 1814 1147 1881 tenebris,
1174 1825 1205 1874 et
1222 1816 1415 1874 illuminabat
1431 1835 1529 1876 omnes

343 1923 505 1981 venientes
520 1921 550 1980 in
567 1922 648 1981 bunc
665 1922 808 1981 mundum
819 1920 856 1994 ¹).

452 2034 484 2090 ln
503 2031 676 2109 gentilitate
692 2050 904 2090 vero-summa
920 2041 1048 2091 naturae
1065 2032 1214 2091 humanae
1233 2045 1393 2110 comparet
1409 2035 1529 2094 infirmi·

344 2150 403 2202 tas.
441 2140 518 2198 Nam
536 2127 629 2217 'quum
647 2140 788 2220 homines·
801 2159 856 2216 per
873 2149 1034 2216 peccatum
1051 2142 1180 2218 primum
1198 2142 1227 2200 in
1246 2143 1383 2201 deterius
1403 2162 1529 2203 commu·

344 2250 421 2321 tati,
453 2249 560 2325 pravis
593 2249 810 2325 cupiditatibus
831 2250 1035 2327 indulgendo,
1061 2269 1184 2326 semper
1216 2252 1317 2329 magis
1339 2254 1529 2336 magisquor

345 2363 412 2419 Deo
429 2359 625 2428 recederent,
641 2360 672 2417 in
689 2360 783 2417 rebus
802 2359 917 2419 creatis
935 2360 1068 2435 quietem
1090 2379 1125 2421 ac
1143 2361 1322 2421 felicitatem
1336 2373 1529 2439 quaerentes

346 2490 382 2530 eo
398 2468 500 2548 magis
518 2487 636 2545 quoque
654 2488 739 2552 mens
757 2488 862 2527 eorum
881 2470 1106 2529 obcaecabatur
1124 2489 1160 2530 ac
1178 2472 1424 2541 obscurabatur,
1448 2482 1529 2550 atqu.

319 2659 320 2662 Ἴ
345 2579 509 2638 inhabilior
527 2578 733 2649 efficiebatur,
751 2598 826 2655 quae
845 2578 999 2637 notionem
1015 2580 1086 2648 Dei,
1103 2580 1233 2656 spiritus
1258 2599 1314 2656 per
1332 2601 1366 2640 se
1385 2582 1529 2642 exsistet·

346 2687 388 2748 tis
410 2708 446 2748 ac
466 2688 586 2747 infinite
602 2688 747 2764 perlecti,
765 2698 795 2747 et
810 2689 878 2746 ideo
895 2688 988 2747 etiam
1005 2689 1063 2758 sui,
1082 2699 1235 2766 tamquam
1252 2691 1289 2748 ad
1306 2690 1475 2769 imaginem
1491 2697 1529 2750 e!

347 2798 433 2868 lecti,
450 2797 619 2866 retineret,
652 2806 742 2875 atque
770 2798 840 2859 bino
863 2817 922 2858 una
937 2817 1049 2857 rursus
1067 2798 1167 2857 minus
1186 2808 1266 2875 apta,
1285 2818 1361 2877 quac
1379 2798 1529 2859 libidinu-

345 2908 471 2985 impetui
487 2907 662 2967 resisteret.
688 2908 742 2968 Sic
760 2918 918 2984 peccatum
936 2907 1043 2986 genuit
1063 2908 1152 2967 varia
1163 2908 1220 2969 illa
1236 2909 1431 2968 idololatriae
1455 2927 1529 2969 mon

344 3027 428 3086 stra,
449 3017 625 3076 idololatria
657 3027 758 3075 autem
779 3017 891 3074 iterum
918 3016 1158 3076 foecundissimo
1183 3018 1304 3076 exstitit
1327 3020 1483 3078 scelerum
1499 3035 1529 3077 ε

343 3127 545 3206 flagitiorum,
555 3145 613 3186 nec
626 3146 684 3185 non
702 3125 884 3200 tyrannidis,
902 3125 1096 3186 crudelitatis
1106 3127 1136 3184 in
1153 3146 1264 3184 servos
1282 3146 1318 3187 ao
1336 3127 1397 3185 odii
1414 3129 1445 3185 in
1464 3127 1529 3186 ali-

344 3255 400 3296 nos
417 3255 523 3315 seges,
547 3236 590 3294 ita
607 3244 639 3294 ut
655 3237 753 3311 palam
771 3235 871 3304 fieret,
889 3245 1028 3293 naturam
1045 3235 1216 3306 humanam,
1234 3236 1293 3294 sibi
1310 3235 1466 3305 relictam,
1483 3255 1529 3296 n-

345 3347 486 3407 cessario
503 3346 541 3405 ad
557 3346 726 3420 perniciem
744 3363 854 3424 ruere,
875 3354 966 3421 atque
982 3345 1052 3405 bino
1069 3346 1252 3405 necessario
1270 3345 1443 3404 servatore
1460 3344 1529 3405 int!

343 3476 431 3534 gere.
445 3455 703 3530 Quemadmodum
720 3465 751 3513 et
766 3455 847 3513 inter
864 3455 1016 3524 Judaeos,
1034 3455 1085 3532 qui
1100 3454 1201 3514 omnia
1216 3455 1297 3533 Legi
1313 3455 1343 3511 in
1362 3473 1397 3512 se
1415 3465 1529 3532 spect.

343 3576 393 3625 tae
410 3566 606 3633 tribuebant,
633 3564 807 3623 Salvatoris
824 3564 922 3623 futuri
937 3565 1033 3644 obliti,
1050 3565 1149 3640 palam
1166 3565 1250 3622 illius
1267 3563 1481 3624 infirmitatem
1498 3588 1529 3619 ..-

342 3674 593 3734 insufficientiam
610 3674 735 3750 propria
751 3674 941 3750 experientia
959 3675 1050 3733 fateri
1068 3675 1168 3735 coacti
1185 3684 1267 3737 sunt.
1302 3657 1304 3667 ¹

452 3783 523 3842 'l'ali
545 3801 623 3861 ergo
648 3784 768 3843 ratione
785 3786 929 3843 effectum
947 3793 1006 3853 est,
1023 3795 1057 3844 ut
1074 3803 1191 3853 omnes,
1209 3784 1260 3860 qui
1276 3785 1375 3842 bonae
1393 3785 1529 3842 volunt:-

343 3894 384 3954 tis
400 3903 501 3961 erant,
518 3911 609 3970 quum
627 3893 803 3952 advenisset
827 3894 982 3969 plenitudo
1000 3895 1159 3971 temporis,
1177 3904 1240 3952 tum
1258 3893 1387 3953 miseria
1401 3893 1529 3952 bomin!

344 4004 404 4062 sibi
428 4001 531 4062 relicti
552 4003 700 4080 permoti,
723 4012 785 4062 tum
812 4003 976 4080 promissis
994 4002 1105 4063 divinis
1124 4005 1233 4072 erecti,
1251 4005 1360 4062 oculos
1377 4005 1416 4063 ad
1433 4003 1529 4063 coel¹

344 4114 532 4183 attollerent,
550 4131 586 4172 ao
603 4131 672 4172 curn
687 4112 844 4189 Propheta
860 4114 1045 4173 clamarent:
1085 4113 1211 4172 Rorate
1227 4112 1310 4170 coeli
1327 4113 1483 4190 desuper,

343 4224 446 4282 nubes
459 4222 733 4302 pluantjttatum:
752 4227 924 4301 aperiatur
941 4229 1047 4298 terra,
1066 4228 1099 4281 et
1110 4226 1269 4298 ‚peroninet
1282 4222 1482 4280 salvotorem
1519 4211 1529 4243 ²

346 4389 560 4411 -ᾁ--ιι-

451 4494 475 4573 ¹)
493 4492 539 4552 Of.
556 4493 648 4554 Joan
667 4489 696 4574 1,
713 4492 743 4554 9.
761 4490 792 4575 5,
810 4492 863 4555 17.
888 4495 1006 4555 Hilar.
1024 4498 1065 4555 Io
1080 4497 1134 4554 Pe.
1154 4498 1201 4554 67.
1220 4515 1250 4556 a.
1269 4498 1318 4555 27.
1350 4493 1427 4574 Opp.
1444 4491 1484 4550 Τ.

343 4607 368 4647 e.
385 4582 452 4648 232
469 4606 493 4646 ε.
511 4620 552 4629 -
571 4588 599 4663 ²)
616 4585 656 4645 Is.
674 4581 728 4665 45,
745 4583 777 4647 8.
