3775 5625
348 436 413 502 166

341 604 380 667 X.
409 599 530 675 floruit,
563 600 672 665 ltabet:
701 600 789 662 Caro
812 604 951 677 eirpinr's
972 620 1017 660 ec
1038 598 1145 660 Adam
1168 608 1327 671 assumta,
1358 602 1545 659 maculas

343 714 449 773 Adae
464 729 541 771 non
557 709 765 786 admisit¹).
792 746 834 755 —
850 708 897 770 lta
912 718 945 769 et
960 718 1036 790 post
1058 708 1118 769 SS.
1134 707 1284 783 Patres²)
1317 724 1420 789 usque
1437 704 1478 767 ad
1494 721 1543 766 re·

344 820 489 885 centiora
511 831 656 902 tempora
677 838 790 881 omnes
811 817 880 880 lere
904 814 1062 902 Theologi
1085 814 1276 879 sententiam
1298 826 1447 878 nostram
1469 833 1543 897 pro·

343 940 538 1015 pugnarunt,
561 927 642 991 adeo
664 939 699 990 ut
721 925 880 990 sententia
896 925 1059 989 contrmia
1081 924 1165 988 inter
1186 923 1385 1009 antiquiores
1403 924 1544 987 Theolo-

342 1059 406 1124 gos
437 1035 652 1122 paucissimos
674 1048 830 1120 patronos
854 1039 1044 1112 numeret³).
1076 1034 1145 1097 Nec
1171 1054 1236 1096 non
1259 1053 1373 1097 omnes
1398 1030 1573 1119 religiosi.

344 1146 528 1219 Ordines,
545 1144 663 1209 Ordine
681 1148 714 1208 S.
736 1143 938 1207 Dominici
960 1144 1032 1207 solo
1049 1155 1200 1227 excepto,
1216 1155 1310 1228 atque
1328 1161 1445 1206 omnes
1461 1142 1573 1205 cele·-

344 1256 471 1319 briores
481 1252 718 1318 Academiae
735 1252 925 1317 sententiam
938 1253 1021 1316 hanc
1034 1254 1221 1337 complexae
1233 1264 1335 1326 erant,
1352 1264 1386 1314 ut
1396 1250 1573 1315 Parisi-

343 1363 467 1438 ensis,
488 1361 1013 1448 coloniensisb'oguntina,
1028 1359 1573 1428 nostralsiennensisetaliaea

454 1473 485 1537 3.
509 1471 687 1537 Concilium
710 1472 948 1536 Basileense
971 1492 998 1536 a.
1024 1470 1120 1535 1439.
1149 1457 1313 1535 decretum
1341 1469 1457 1545 edidit,
1483 1490 1573 1555 qun

343 1580 522 1646 doctrinam
539 1579 769 1654 disserentem,
790 1586 972 1659 ploriosanr
993 1584 1159 1659 Virpinenr
1173 1582 1236 1643 Dei
1255 1586 1450 1658 pertimeant
1465 1582 1573 1642 Ma-.

346 1699 445 1767 riam,
465 1696 697 1771 praeveniente
712 1702 745 1753 et
767 1702 921 1772 operante
941 1696 1046 1752 diuini
1067 1695 1211 1752 numinis
1224 1695 1337 1768 qratia
1359 1693 1527 1768 simulari
1538 1697 1573 1752 ἶ-

344 1820 551 1880 nunquam
577 1804 804 1861 actualiter
834 1804 1092 1879 subjacuisse
1124 1804 1323 1877 oripinati
1349 1810 1523 1877 peccato
1561 1835 1573 1852 ·

345 1918 412 1973 sed
431 1916 631 1973 immunem
653 1930 801 1988 semper
824 1912 962 1984 fuisse
978 1914 1022 1971 ab
1040 1915 1146 1971 omui
1163 1911 1365 1987 oripinali
1381 1921 1419 1971 et
1434 1919 1573 1979 acta·

346 2026 405 2082 ali
432 2025 565 2097 culpa,
594 2032 849 2098 sanctamque
878 2031 915 2081 et
933 2025 1243 2098 immaculatam,
1273 2030 1439 2096 tamquam
1458 2023 1573 2097 pia-

345 2141 378 2191 et
391 2148 569 2192 consonam
586 2133 689 2190 cultui
704 2134 937 2210 ecclesiastico,
960 2132 1035 2205 fidet
1061 2130 1264 2208 Catholicae,
1282 2139 1392 2191 rectae
1407 2134 1573 2197 ratior-

459 2382 484 2461 ¹)
501 2383 596 2444 serm.
613 2387 663 2447 41.
685 2386 722 2442 de
737 2385 871 2444 Assumt.
888 2387 927 2446 B.
951 2386 983 2447 V.
991 2382 1071 2463 Opp.
1082 2381 1120 2449 T.
1128 2382 1198 2463 2.p.
1217 2381 1293 2445 113.
1312 2420 1355 2429 -
1370 2384 1394 2465 ²)
1409 2383 1500 2460 Quod
1555 2415 1573 2449 .-

346 2475 572 2535 Bernardnm
589 2476 714 2534 attinet:
731 2476 797 2553 ipse
808 2475 926 2556 quidem
943 2477 974 2534 in
986 2496 1041 2535 sua
1056 2476 1157 2550 Epist.
1175 2478 1217 2535 ad
1238 2475 1329 2550 capit.
1344 2478 1428 2541 Eccl.
1447 2478 1573 2553 Inep,

348 2571 418 2629 174.
436 2564 517 2645 Opp.
534 2562 574 2626 T.
600 2563 629 2627 1.
648 2586 675 2626 c.
694 2563 759 2627 169
776 2586 817 2629 ss.
844 2566 957 2626 cultum
981 2568 1188 2626 immaculatae
1213 2566 1429 2646 Conceptionis
1452 2567 1488 2631 B.
1544 2572 1573 2632 ‘l

347 2656 592 2732 superstitionem
604 2656 752 2735 adpellat‚
776 2666 866 2737 atque
881 2678 991 2716 novam
1012 2657 1234 2731 celebritatem,
1251 2678 1268 2717 a
1285 2657 1449 2717 (lenonicia
1466 2660 1573 2740 Lug

348 2747 533 2809 dunensibus
546 2748 673 2828 primum
688 2747 840 2808 inductam
852 2768 928 2822 esse,
940 2768 1032 2824 quam
1039 2748 1117 2809 ritus
1126 2749 1283 2809 Ecclesiae
1289 2748 1399 2829 nescit,
1409 2769 1471 2808 non
1473 2769 1497 2824 p
1504 2769 1573 2811 ro·

350 2844 401 2900 bat
415 2839 505 2911 retia
520 2860 581 2898 non
597 2843 783 2900 commendat
797 2840 922 2915 antiquo
935 2840 1074 2910 traditio,
1092 2861 1219 2900 necnon
1235 2841 1270 2902 B.
1279 2841 1318 2901 V.
1337 2862 1404 2899 cum
1421 2850 1568 2921 peccato

350 2939 526 3011 conceptam
541 2932 633 2990 fuisse
650 2930 736 2992 dicit:
753 2941 885 2990 attamen
900 2932 974 2991 illud
989 2932 1107 2990 nonnisi
1118 2933 1169 3003 ait,
1185 2941 1218 2990 nt
1235 2931 1386 3004 ostendat,
1403 2952 1464 2990 non
1480 2952 1563 2994 esse

350 3023 507 3082 Ecclesiae
523 3023 652 3100 alicujus
675 3020 737 3080 dies
754 3022 846 3081 festos
863 3023 1034 3095 instituere,
1060 3022 1188 3082 undeet
1211 3023 1313 3082 scribit
1334 3022 1555 3082 consulendam

349 3115 440 3173 fuisse
456 3113 539 3191 prins
556 3111 753 3191 Apostolicae
770 3113 857 3173 Sedis
873 3115 1099 3185 anctoritatem,
1124 3115 1171 3172 cni
1187 3121 1285 3172 totum
1306 3115 1384 3172 sicut
1400 3124 1430 3173 et
1447 3122 1550 3172 cetere

350 3203 520 3282 hujusmodi
536 3204 675 3264 universa
690 3214 837 3274 reservat,
854 3213 944 3284 atque
960 3205 1060 3264 verbis
1069 3205 1286 3284 posterioribus
1298 3204 1498 3275 solummodo,
1518 3213 1545 3262 ut

350 3297 455 3356 saltem
472 3304 632 3354 contextus
648 3295 772 3369 suadet,
790 3297 1013 3374 conceptionem
1029 3297 1171 3369 activam,
1188 3317 1250 3355 non
1266 3304 1368 3354 autem
1384 3296 1538 3376 passivam,

351 3384 569 3445 immaculatam
593 3386 683 3445 fuisse
698 3395 798 3462 negat.
833 3385 883 3445 Sic'
904 3387 982 3446 enim
1003 3386 1161 3466 epistolam
1182 3385 1309 3445 clandit:
1336 3385 1422 3456 Quae
1451 3390 1537 3445 auam

352 3476 428 3546 diui,
452 3477 563 3549 absque
578 3475 774 3554 praejudicio
796 3496 868 3535 sane
885 3477 967 3535 dicta
983 3476 1046 3535 sint
1069 3477 1177 3535 sanius
1203 3476 1362 3552 sapientis.
1395 3480 1533 3536 Romanae

347 3565 532 3643 praesertim
552 3567 706 3624 Ecclesiae
730 3561 917 3648 auctoritati,
941 3574 1028 3642 atque
1056 3568 1192 3628 examini
1213 3575 1305 3628 totum
1329 3571 1399 3640 boc,
1425 3569 1498 3628 sicut
1513 3567 1533 3620 cl

353 3664 464 3729 cetera,
488 3676 564 3730 quae
580 3657 727 3734 ejusmodi
742 3665 826 3730 suut,
855 3659 998 3717 universa
1014 3677 1150 3719 reservo.-
1174 3659 1289 3741 ipsius,
1310 3660 1340 3717 si
1365 3659 1439 3734 quid
1459 3655 1530 3716 aliter

353 3747 452 3823 sapio,
464 3754 597 3821 paratus
609 3747 732 3825 judicio
749 3752 916 3810 emundare.
949 3749 980 3810 S.
998 3749 1159 3809 Thomas
1185 3771 1257 3809 vero
1280 3750 1345 3809 aliis
1366 3751 1398 3808 in
1423 3750 1488 3808 loeis
1504 3749 1529 3800 ul

354 3841 373 3899 l.
390 3842 419 3898 1.
436 3838 519 3899 Sent.
536 3837 607 3898 dist.
623 3842 673 3899 44.
690 3858 719 3912 q.
736 3842 764 3898 1.
782 3846 839 3900 art.
856 3843 885 3900 3.
904 3838 983 3919 Opp.
1001 3841 1042 3901 tb.
1060 3841 1098 3901 T.
1115 3837 1145 3901 9.
1162 3862 1192 3920 p.
1209 3837 1285 3901 564.
1304 3862 1327 3901 e.
1345 3841 1461 3900 disertis
1478 3853 1526 3895 ver·

355 3929 402 3987 bis
418 3937 543 3987 matrem
560 3927 618 3986 Dei
641 3930 868 4003 capacitate
884 3929 1065 4000 nituisse,
1089 3950 1160 4004 qua
1175 3933 1297 4008 major
1313 3933 1377 3989 sub
1393 3935 1468 3991 Deo
1485 3941 1525 3983 nt·

355 4018 645 4094 quitintellipi‚
672 4030 761 4099 atque
778 4041 797 4078 a
818 4028 973 4097 peccato
996 4021 1186 4096 oripinali
1208 4028 1241 4080 et
1257 4022 1406 4080 actuali
1425 4022 1526 4081 tunn-

354 4130 449 4182 nem,
472 4109 621 4189 adpellat;
645 4113 674 4168 in
693 4111 758 4170 aliis
780 4120 892 4190 autem,
917 4122 950 4170 ut
972 4113 1002 4170 in
1024 4116 1053 4171 3.
1073 4131 1107 4186 p.
1131 4133 1159 4187 q.
1182 4115 1232 4171 27.
1257 4119 1315 4174 art.
1340 4117 1369 4174 2.
1393 4114 1430 4176 T.
1446 4107 1491 4172 24.
1505 4123 1525 4180 P·

357 4198 431 4262 166.
449 4202 565 4274 Eupos.
591 4199 624 4258 in
646 4201 743 4261 Sciat.
762 4202 865 4277 Anpel.
887 4203 925 4262 T.
943 4199 973 4262 8.
990 4225 1019 4281 p.
1035 4200 1089 4264 43.
1106 4224 1131 4263 c.
1151 4199 1179 4264 l.
1200 4204 1312 4276 Opusc.
1330 4207 1359 4264 3.
1379 4224 1403 4265 c.
1425 4203 1485 4263 224.
1498 4191 1524 4250 Τ·

357 4288 409 4352 19.
426 4311 457 4369 p.
476 4287 550 4353 133.
568 4301 596 4349 et
614 4291 653 4352 al.
669 4313 772 4351 rursus
788 4292 893 4364 habet,
918 4292 951 4353 S.
976 4295 1006 4354 V.
1030 4292 1069 4350 in
1080 4300 1240 4366 peccato
1257 4293 1450 4371 oripinali
1463 4301 1525 4351 col·

356 4389 494 4456 ceptam
510 4400 603 4442 esse.
630 4383 845 4442 Verumtamen
870 4383 927 4440 loci
942 4384 973 4441 hi
992 4385 1022 4442 in
1044 4384 1192 4463 prioribus
1221 4385 1407 4445 editionibus
1428 4388 1524 4463 opertm

357 4473 388 4532 S.
405 4471 526 4530 Thom
537 4491 581 4530 ae
597 4471 825 4545 desiderantur,
848 4473 891 4531 ita
906 4483 939 4531 ut
956 4483 1065 4553 postea
1081 4475 1119 4534 ab
1135 4476 1398 4554 impugnatoribus
1412 4478 1524 4535 immacu·

356 4562 437 4621 latae
458 4563 659 4640 conceptionis
686 4563 798 4640 adjecti
820 4584 886 4623 esse
912 4565 1082 4626 videantur.
1108 4563 1154 4628 Cf.
1181 4565 1231 4630 iii.
1262 4550 1524 4646 temeraretur

357 4651 448 4716 aare
466 4651 690 4728 trecasenae
708 4653 907 4732 captatae
925 4653 1041 4717 marta
1060 4654 1181 4737 mena.
1202 4653 1299 4718 1843.
1327 4657 1372 4723 e.
1390 4656 1429 4720 ιι
1453 4657 1480 4734 ιι.
1500 4639 1524 4701 0·

357 4743 571 4821 Passaglia,
586 4745 633 4801 De
649 4742 766 4806 immac.
791 4745 881 4818 Deip.
899 4764 991 4819 semp.
1023 4749 1053 4805 V.
1072 4753 1223 4824 conceptu.
1240 4749 1328 4810 Rom.
1348 4745 1443 4812 1855.
1459 4740 1492 4807 Τ.
1503 4728 1524 4794 3·

357 4854 389 4913 p.
411 4829 496 4894 1099
513 4853 553 4896 ss.
571 4868 612 4878 -
632 4829 657 4915 3)
674 4833 720 4898 of.
735 4834 834 4906 Idem,
850 4856 880 4914 p.
898 4832 1064 4896 81-110.
