3775 5625
410 363 479 430 284

410 533 514 594 sistat.
547 532 622 606 Quis
639 541 741 591 antem
758 548 817 589 non
834 529 953 598 videat,
977 528 1148 605 perfectius
1165 547 1247 597 csse,
1265 538 1408 588 naturam
1442 529 1501 589 hun

409 642 582 702 subsistere
600 643 687 700 modo
704 659 855 717 personae
873 640 994 699 divinae
1011 639 1147 716 proprio,
1165 657 1254 714 qnam
1271 657 1338 711 suo,
1356 639 1453 718 dirigi
1470 659 1501 701 at

409 752 487 828 pleri
504 770 522 810 a
538 769 672 828 persona
689 750 796 823 Verbi,
814 769 902 828 quam
920 769 938 808 a
954 767 1022 817 sua,
1038 749 1058 808 i.
1076 767 1102 807 e.
1119 748 1261 811 humana.
1277 752 1365 827 llrgo
1383 749 1501 810 christu

409 863 508 920 solum
519 853 678 937 perlectus
692 859 780 917 bomo
796 868 843 917 est
859 858 980 917 ratione
997 858 1140 934 integrae
1151 866 1280 915 naturae
1295 858 1457 930 humanae,
1470 877 1501 918 se

409 970 601 1030 lectissimus
623 955 752 1029 ratione
767 961 960 1033 ὑποστάσεως
977 986 1032 1026 seu
1050 967 1271 1025 subsistentiae
1289 967 1427 1036 divinae,
1446 987 1501 1045 qua

399 1082 527 1157 -pletur,
545 1079 670 1138 exsistit
686 1098 722 1139 ac
739 1079 874 1156 regitur.
898 1079 960 1135 Per
978 1076 1202 1152 hypostaticam
1225 1076 1372 1136 videlicet
1392 1077 1501 1137 unione

409 1199 478 1247 tura
494 1188 625 1246 hnmana
641 1188 678 1245 ad
694 1196 823 1245 naturae
846 1186 967 1244 divinae
999 1184 1183 1262 dignitatem
1214 1176 1419 1251 ὑποστατικῶς
1453 1204 1501 1245 evo

410 1308 499 1374 atque
516 1298 547 1355 in
564 1296 746 1356 societatem
763 1315 800 1355 ac
818 1294 1061 1356 communionem
1079 1294 1250 1352 divinarum
1278 1296 1501 1371 perfectionum

409 1404 555 1471 στατικῶς
571 1406 744 1466 adducitur.
770 1406 914 1465 Christus
931 1405 1035 1481 itaque
1054 1422 1147 1462 verus
1164 1403 1254 1461 homo
1271 1414 1334 1472 est,
1356 1405 1428 1481 quia
1444 1405 1501 1465 bnb

408 1526 509 1576 turam
526 1516 689 1575 humanum
706 1516 878 1593 integram,
901 1514 957 1572 sed
979 1532 1039 1571 non
1063 1522 1112 1571 est
1134 1531 1239 1571 merus
1256 1512 1362 1581 homo,
1380 1513 1453 1590 qnia
1469 1514 1498 1589 ej

408 1636 479 1685 tura
503 1625 634 1684 bumana
656 1643 715 1684 non
740 1625 771 1682 in
800 1624 947 1693 humana,
970 1624 1025 1681 sed
1042 1623 1144 1681 divina
1162 1622 1306 1681 subsistit
1321 1640 1466 1698 persona.
1492 1626 1501 1695 t,

410 1744 512 1794 autem
529 1734 673 1793 Christus
690 1753 784 1792 verus
809 1734 899 1792 bomo
921 1734 1139 1809 voluntateque
1170 1751 1245 1790 vere
1263 1732 1409 1804 humana,
1427 1732 1450 1796 i.
1468 1752 1497 1794 e.

409 1853 471 1903 tate
489 1844 621 1903 humana
637 1844 793 1920 praedita,
810 1852 859 1902 est
874 1842 1068 1902 instructus:
1089 1842 1253 1900 manifeste
1276 1841 1367 1900 ctiam
1386 1841 1501 1901 mercrl

408 1972 466 2030 qne
484 1953 637 2012 redimere
654 1962 766 2030 potest.
1386 2025 1388 2031 Ι

514 2058 545 2121 3.
567 2063 686 2120 Verum
709 2063 815 2122 dicunt
837 2063 903 2132 alii,
927 2063 955 2121 si
977 2064 1088 2122 amotis
1110 2062 1359 2139 philosophorum
1381 2062 1501 2121 subtilit

408 2190 461 2231 res
479 2172 677 2241 discutiatur,
696 2171 892 2248 perspicuum
918 2190 989 2231 esse
1006 2172 1121 2240 videri,
1141 2172 1177 2231 ad
1194 2170 1326 2230 hominis
1359 2171 1499 2231 constitu

408 2300 588 2359 personam,
621 2280 678 2340 hoc
711 2281 802 2340 unum
835 2282 969 2359 requiri,
991 2292 1127 2342 utmens
1145 2291 1175 2339 ct
1193 2300 1306 2357 corpus
1328 2299 1388 2339 una
1414 2280 1498 2360 jung

409 2392 544 2468 adeoque
561 2389 723 2449 humanam
739 2391 770 2448 in
788 2391 913 2450 Christo
931 2402 1072 2451 naturam
1089 2389 1314 2467 personalitate
1336 2389 1463 2466 propria
1479 2389 1499 2448 d

408 2500 488 2558 hand
505 2517 609 2576 posse,
627 2534 668 2542 -
686 2502 745 2559 Ast
762 2501 798 2559 ad
816 2520 982 2577 personam
1007 2501 1251 2562 constituendam
1270 2516 1462 2575 nequaqnam
1481 2517 1500 2557 s

408 2618 442 2667 ut
457 2617 569 2667 natura
591 2608 723 2668 bumana
741 2610 796 2670 sit
827 2611 984 2687 perlecta,
1017 2629 1072 2669 sen
1095 2630 1133 2669 ex
1150 2618 1251 2668 mente
1270 2619 1301 2667 ct
1318 2627 1451 2684 corpore
1468 2627 1501 2669 cc

409 2718 463 2776 sed
480 2718 649 2795 requiritur
666 2730 848 2797 practerea,
866 2729 900 2779 ut
915 2720 1057 2794 suijuris
1075 2719 1127 2789 dit,
1144 2720 1174 2778 in
1192 2737 1226 2777 se
1243 2719 1311 2795 ipsa
1327 2717 1492 2788 subsistat,

409 2838 535 2905 propter
568 2829 676 2897 aliam,
702 2839 733 2888 et
754 2830 822 2888 ideo
840 2829 933 2889 etiam
950 2831 1101 2907 perhanc
1133 2847 1298 2906 personam
1331 2829 1421 2888 aliam
1454 2838 1501 2888 rat

408 2938 611 3008 subsistendi,
645 2938 698 3000 bau
724 2936 914 3019 ffdtdmitiu,
947 2939 1073 3013 habeat,
1105 2949 1197 3017 prout
1220 2939 1250 2996 in
1277 2938 1410 2997 bumana
1443 2946 1501 2997 nab

408 3048 532 3108 christo
554 3050 655 3107 locum
683 3049 814 3120 obtinet,
840 3068 917 3126 qnae
934 3059 1061 3126 propter
1079 3069 1113 3108 se
1131 3069 1189 3108 non
1208 3048 1348 3116 exsistit,
1377 3057 1408 3107 et
1425 3048 1496 3109 binc

408 3176 463 3216 sua
479 3157 620 3238 propria,
636 3159 656 3217 i.
675 3179 702 3216 c.
720 3158 852 3218 humana
869 3159 1073 3218 subsistentia
1092 3169 1189 3219 caret.

513 3264 543 3327 4.
560 3268 640 3326 Dein
659 3268 828 3338 affirmant,
851 3270 999 3328 absonum
1018 3289 1104 3338 esse,
1121 3271 1220 3328 Deum
1239 3269 1364 3329 carnem
1382 3268 1499 3328 lactum

407 3396 464 3438 nec
482 3377 581 3436 minus
599 3379 775 3447 absurdum,
793 3379 820 3437 si
838 3379 905 3455 quis
923 3378 1016 3449 dicat,
1029 3382 1130 3438 Deum
1145 3398 1270 3439 carnem
1290 3377 1496 3448 assumsisse3

406 3489 437 3546 in
454 3497 586 3563 utroque
612 3504 686 3546 casu
708 3489 795 3546 Dens
817 3489 974 3547 immutari
1000 3489 1175 3558 debuisset;
1193 3489 1272 3564 quod
1290 3497 1391 3545 tamen
1411 3498 1501 3563 apert

407 3615 466 3655 non
483 3595 632 3673 possit¹).
651 3630 693 3648 -ι-
710 3597 800 3656 nollit
822 3609 923 3657 autem
941 3599 1075 3659 Socinus
1092 3598 1198 3675 phrasi
1214 3598 1287 3668 bac,
1306 3615 1397 3674 quum
1414 3597 1500 3674 loqui

406 3709 473 3765 Deo
490 3706 520 3763 in
538 3722 663 3765 carnem
681 3717 883 3777 commutato,
902 3709 980 3785 quod
998 3727 1087 3767 nemo
1106 3709 1236 3776 asserit,
1255 3717 1287 3766 et
1303 3716 1408 3776 certe,
1426 3707 1453 3764 si
1470 3726 1501 3784 qu

408 3825 545 3884 sereret,
572 3815 719 3873 absonum
748 3826 843 3877 esset.
867 3818 994 3876 Minime
1022 3827 1122 3877 autem
1150 3818 1315 3876 absurdum
1339 3826 1403 3885 est,
1421 3809 1501 3876 sidu

407 3927 507 3983 Deum
524 3942 649 3985 carnem
667 3925 873 3998 assumsisse3
899 3945 990 4004 quum
1011 3927 1081 3985 inde
1102 3926 1350 4004 haudquaquam,
1368 3935 1402 3984 ut
1418 3927 1501 3987 ubter

408 4043 632 4110 consequatur,
659 4036 759 4093 Deum
782 4054 854 4095 esse
877 4037 1080 4095 immutatum.
1105 4036 1238 4095 Mutatio
1261 4035 1341 4094 enim
1362 4035 1452 4095 unice
1476 4054 1501 4097 cr

408 4161 488 4213 rem,
511 4162 587 4220 quae
610 4153 662 4202 aut
684 4163 794 4204 novam
827 4146 959 4223 aliquam
992 4145 1215 4223 perlectionem
1247 4145 1394 4223 acquirit,
1417 4154 1501 4204 autc

407 4252 609 4330 perfectionis
630 4272 799 4331 possessae
823 4255 945 4319 amittit.
971 4254 1097 4331 Quando
1121 4264 1224 4314 autem
1240 4256 1379 4314 Verbum
1403 4272 1500 4315 carne¹

408 4363 570 4422 assumsit:
588 4363 662 4422 nihil
678 4364 737 4443 ipsi
755 4366 792 4424 ab
809 4363 998 4425 humanitate
1015 4366 1167 4438 accessit,
1184 4367 1263 4424 unde
1280 4365 1499 4442 perficeretur,

409 4491 466 4550 que
484 4474 650 4533 donativis
677 4474 921 4551 perfectionibus
948 4476 1088 4552 deperiit.
1113 4476 1252 4534 Verbum
1269 4475 1299 4533 in
1319 4474 1444 4534 Christo
1462 4493 1502 4535 na

408 4583 527 4659 quidem
560 4583 722 4642 humanam
756 4584 903 4660 complet,
937 4584 1084 4643 terminat
1105 4583 1296 4660 acperiicit,
1328 4584 1407 4642 mira
1422 4583 1501 4643 illan

408 4691 619 4768 hypostatica,
642 4701 733 4770 atque
759 4712 814 4770 per
839 4692 918 4754 hano
945 4693 1035 4754 bomo
1059 4694 1179 4771 quidem
1195 4695 1283 4753 Dens
1300 4693 1453 4764 eflicitur,
1471 4702 1501 4754 et

407 4805 677 4817 -n———n-——a

515 4850 541 4945 ¹)
558 4855 679 4918 Socin.
695 4854 870 4938 Eupalium
886 4876 911 4919 c.
928 4859 959 4918 1.
973 4857 1067 4920 Jouu.
