3775 5625
1469 429 1534 502 381

341 619 511 666 manans
527 596 677 685 adpellari
693 610 812 684 potest,
827 598 879 664 illa
894 619 973 662 vero
990 597 1207 663 transiens.
1233 596 1343 668 Gratia
1357 595 1534 662 immanens

343 729 428 797 ergo
446 730 465 773 a
480 708 688 795 benignitate,
704 707 901 784 liberalitate,
919 708 1096 783 clementia,
1113 721 1174 774 etc.
1190 709 1273 772 baud
1289 705 1403 772 differt.

454 818 511 882 lllo
529 815 645 901 duplici
660 838 758 881 sensu
774 816 897 905 gratiae
913 818 1103 882 vocabulum
1120 816 1214 881 etiam
1230 818 1269 879 de
1286 814 1468 881 bominibus
1481 818 1533 881 ad·

342 926 490 999 bibetur3
508 926 559 992 bic
575 926 638 991 loci
655 940 777 1002 tamen,
792 940 827 991 ut
843 948 901 1012 per
918 948 954 991 se
972 926 1064 991 l'acile
1080 925 1286 1013 intelligitur,
1302 946 1410 991 sermo
1427 937 1480 989 est
1496 927 1535 990 de

343 1036 465 1122 gratia,
483 1038 573 1121 cujus
596 1049 707 1100 auctor
723 1049 774 1101 est
790 1037 892 1111 Deus,
913 1049 945 1100 et
962 1058 1041 1122 quae
1058 1036 1142 1109 Deo,
1158 1034 1393 1123 benignissimo
1409 1056 1448 1099 ac
1462 1033 1533 1100 inii·

343 1144 409 1210 nite
432 1146 644 1221 misericordi,
675 1146 768 1212 inest.
797 1145 879 1210 Hinc
900 1145 1035 1233 gratia
1056 1144 1205 1219 divina,
1228 1144 1256 1208 si
1273 1157 1431 1230 tamquam
1449 1155 1533 1208 trau-

343 1254 434 1319 siens
455 1268 635 1342 spectatur,
657 1270 720 1320 est
740 1258 878 1320 donum
903 1277 922 1320 a
947 1256 1033 1320 Deo
1052 1256 1251 1329 collatum,
1268 1256 1380 1338 cujus
1399 1253 1532 1318 conle-

343 1364 458 1427 rendi
474 1364 576 1429 ratio
594 1365 630 1429 in
648 1367 732 1429 sola
747 1364 994 1452 benignitate
1011 1362 1140 1428 divina
1156 1362 1235 1428 sita
1251 1376 1330 1438 est,
1346 1384 1405 1427 sen
1421 1364 1531 1427 bene·

343 1472 479 1537 licium
496 1496 662 1558 prorsus
677 1474 900 1548 indebitum,
917 1473 1000 1538 sine
1017 1472 1192 1559 praeviis
1208 1485 1377 1558 exparte
1390 1484 1528 1536 nostra

343 1582 511 1658 meritiS,
535 1583 650 1648 nobis
674 1583 861 1648 divinitus
879 1605 1133 1655 concessum3
1166 1583 1217 1646 vel
1237 1604 1332 1657 vero,
1353 1582 1380 1647 si
1398 1602 1458 1647 ceu
1473 1581 1529 1645 im-

341 1713 476 1755 manens
494 1693 724 1767 consideratur,
742 1706 791 1758 est
807 1692 1036 1758 summaDei
1051 1691 1283 1779 benignitas
1300 1704 1339 1755 ct
1353 1712 1460 1756 amor
1477 1689 1528 1754 iu·

339 1800 498 1877 linitus,
515 1825 577 1889 qno
594 1817 724 1867 naturas
742 1817 867 1868 creatas
884 1803 1003 1891 diligit,
1019 1802 1122 1887 iisqne
1138 1801 1295 1868 benalicia
1311 1801 1416 1866 omnis
1433 1822 1530 1887 gene-

337 1910 388 1973 ris
404 1909 544 1975 indebita
560 1911 671 1998 largiri
686 1924 815 1997 paratus
831 1925 889 1977 est.
917 1911 1026 1974 Gratia
1040 1910 1215 1997 posterior,
1238 1910 1310 1996 quia
1330 1912 1368 1974 ab
1385 1911 1533 1976 absoluta

338 2031 373 2084 et
396 2031 528 2084 aeterna
546 2020 606 2083 Dei
628 2021 788 2084 uoluntate
804 2033 837 2085 et
853 2020 994 2085 essentia
1014 2021 1095 2083 lraud
1112 2019 1332 2106 distinguitur,
1356 2017 1532 2082 increata

337 2142 380 2193 et
405 2139 566 2195 aeterna
605 2131 793 2216 adpellatur;
833 2130 922 2215 prior
955 2151 1043 2204 vero,
1076 2128 1148 2214 prtia
1178 2151 1197 2192 a
1227 2128 1389 2193 liberrima
1420 2129 1529 2192 volun·

336 2251 406 2304 tate
440 2239 602 2323 procedit,
633 2252 666 2303 et
695 2240 728 2302 in
759 2251 903 2325 tempore
928 2239 1105 2313 conl'crtur,
1129 2251 1267 2303 creata
1289 2250 1529 2323 ettcmpora·

334 2347 388 2414 lis
405 2346 502 2411 audit

453 2476 584 2541 Gratia
600 2490 845 2563 creata,.qnae
862 2477 969 2541 omnia
986 2476 1116 2540 omnino
1133 2475 1290 2541 berrelicia
1305 2488 1339 2540 et
1354 2477 1454 2550 dona,
1470 2496 1529 2540 no·

332 2584 390 2649 bis
429 2584 561 2670 aliisque
582 2587 678 2651 rebus
702 2585 818 2651 creatis
846 2585 996 2651 divinitus
1017 2607 1190 2660 concessa,
1216 2584 1476 2669 comprehendit,
1497 2584 1529 2647 in

332 2693 480 2781 gratiam
518 2697 743 2760 naturalem
774 2708 806 2759 ct
836 2698 1181 2781 supernaturalem
1212 2694 1415 2780 dispescitur.
1462 2697 1528 2759 Sub

332 2803 474 2892 gratia
489 2789 655 2871 naturali
670 2806 890 2895 intelliguntur
908 2806 1014 2871 omnia
1030 2806 1201 2881 beneficia,
1222 2828 1302 2891 quae
1323 2807 1421 2870 rebus
1439 2827 1527 2870 crea·

332 2914 380 2979 tis
399 2935 463 3000 qua
477 2916 602 2992 talibus,
617 2917 720 3004 gratis
738 2917 875 3003 quidem,
892 2931 943 2984 ast
959 2919 1174 2983 secundum
1190 2915 1456 3003 indigentiam
1472 2937 1530 2980 na·

331 3037 454 3089 turae
476 3029 648 3090 earundem
668 3027 817 3092 divinitus
835 3030 1070 3101 conceduntur,
1091 3027 1136 3091 uti
1153 3038 1227 3090 sunt
1242 3025 1381 3090 bominis
1398 3024 1531 3101 creatio,

332 3136 564 3212 conservatio,
597 3137 729 3201 liberum
751 3138 926 3214 arbitrium,
944 3151 1016 3204 etc..
1056 3139 1123 3202 Sub
1146 3135 1275 3224 gratia
1291 3149 1529 3220 supernatu-

330 3244 416 3309 rali
449 3258 554 3310 autem
586 3250 898 3333 comprehenduntur
923 3249 975 3312 illa
997 3249 1099 3321 dona,
1131 3267 1211 3332 quae
1234 3244 1328 3309 nobis
1346 3266 1364 3309 a
1379 3246 1449 3309 lleo
1466 3267 1533 3309 nou

330 3366 464 3419 tantum
486 3356 554 3421 sine
576 3370 689 3422 nostro
711 3360 845 3435 merito,
872 3357 1092 3422 verumetiam
1113 3368 1269 3440 praeter
1286 3367 1450 3419 naturae
1467 3376 1529 3418 no·

332 3477 449 3530 strae
474 3466 712 3554 exigentiam
736 3491 779 3533 ac
800 3469 972 3533 debitum
998 3469 1334 3551 superadduntur,
1362 3477 1455 3551 atque
1483 3463 1530 3529 ad

332 3574 460 3639 finem
491 3589 667 3640 nostrum
699 3579 1046 3662 supernaturalem
1077 3576 1387 3660 promovendum
1427 3574 1527 3639 ordi-

333 3697 488 3749 nantur.
529 3687 636 3750 Gratia
667 3689 819 3753 naturalis
841 3690 880 3766 ad
904 3708 1016 3751 omnes
1038 3699 1169 3750 naturas
1191 3697 1318 3750 creatas
1335 3684 1528 3760 extenditur,

334 3815 437 3880 quum
452 3815 509 3859 eae
526 3797 602 3860 nihil
621 3799 773 3872 babeant,
805 3799 889 3884 quod
907 3795 1093 3883 benignitati
1110 3795 1233 3859 divinae
1249 3794 1281 3857 in
1299 3795 1441 3878 acceptis
1463 3816 1528 3858 non

334 3904 497 3976 referant3
530 3891 781 3991 supernaturalis
797 3928 894 3982 vero,
925 3928 1005 3992 quae
1021 3906 1118 3970 etiam
1133 3904 1237 3992 gratia
1259 3925 1357 3968 sensu
1374 3903 1528 3968 strictiori

336 4033 399 4078 seu
429 4014 535 4100 gratia
565 4016 752 4102 simpliciter
784 4018 889 4092 audit,
930 4029 1049 4082 tantum
1080 4017 1119 4080 ad
1150 4027 1280 4080 naturas
1311 4013 1527 4100 intelligentes

336 4122 521 4207 pertinet1).

451 4400 476 4480 ¹)
492 4399 625 4461 Huncin
642 4422 704 4462 rom
720 4402 845 4482 pulchre
862 4403 903 4462 ait
918 4401 1171 4480 Augustinus:
1204 4399 1274 4459 Eut
1295 4397 1374 4459 euim
1395 4401 1525 4474 quadam

340 4507 401 4548 uon
416 4489 618 4567 improbando
634 4491 751 4552 ratione
768 4493 881 4552 dicium
894 4493 999 4570 pratia
1013 4492 1085 4566 Dei,
1104 4512 1163 4567 quo
1179 4490 1273 4550 creati
1289 4510 1403 4563 assutus,
1419 4497 1453 4548 ut
1466 4510 1527 4548 nou

342 4579 421 4638 nibil
435 4600 576 4656 essemus,
592 4604 645 4643 uec
661 4584 704 4642 ito
721 4604 851 4644 essemus
865 4584 994 4666 aliquid,
1010 4591 1043 4642 ut
1057 4586 1195 4652 cadaver,
1213 4584 1292 4656 quod
1307 4601 1367 4640 uon
1376 4581 1458 4650 uiuit,
1475 4587 1529 4640 aut

344 4673 447 4743 arbor,
481 4693 556 4750 quae
571 4697 631 4735 uou
647 4675 752 4746 scutit,
775 4684 829 4734 aut
843 4696 947 4753 pecus,
971 4678 1050 4750 quod
1065 4694 1126 4733 nou
1141 4673 1296 4749 inrumpit,
1314 4676 1367 4731 sed
1382 4670 1526 4744 bom-lues,

345 4761 395 4836 qui
409 4771 437 4822 et
452 4783 598 4839 essemus,
620 4767 844 4838 statueremus,
861 4775 888 4826 et
904 4766 1153 4843 intelligeremus,
1175 4770 1202 4822 el
1223 4767 1258 4822 de
1275 4767 1329 4822 boo
1346 4768 1428 4822 lauto
1444 4765 1525 4822 deue-

344 4849 408 4927 fiu'o
426 4855 565 4918 Creatori
580 4865 683 4918 uestro
697 4858 817 4936 pretias
833 4878 921 4936 apere
935 4860 1106 4919 valeamus:
1121 4857 1200 4917 unde
1215 4854 1322 4918 merito
1338 4862 1365 4916 et
1379 4853 1440 4916 istu
1452 4873 1523 4934 pra·
