3775 5625
341 428 408 503 432

343 611 483 667 etitate
497 605 730 679 ceritatis¹).
747 598 850 686 Atque
863 599 1113 663 rursuszll'tcos
1130 622 1203 662 cnm
1220 608 1339 663 essetis
1356 607 1392 663 in
1400 603 1527 681 delictis,

342 750 386 760 —
403 717 703 792 convivificavit
724 733 796 773 cnm
812 713 883 789 illo,
903 713 1054 772 donans
1070 714 1160 772 cobis
1185 718 1318 772 omnia
1341 713 1529 791 deltoton.

329 820 564 887 ·Condonando
581 841 662 907 ergo
680 818 795 883 delicta
811 818 915 893 nobis,
932 820 1016 903 quod
1032 816 1069 881 fit
1084 839 1142 904 per
1153 817 1432 903 justificationem,
1443 820 1530 885 simul

344 928 574 1003 convivificati,
600 928 619 993 i.
644 950 670 993 e.
697 929 734 992 ad
760 928 856 992 vitam
872 949 989 1021 novam
1006 939 1038 992 et
1054 940 1198 992 sanctam
1215 928 1404 994 resuscitati
1420 951 1532 994 sumus.

343 1042 378 1104 ln
394 1038 634 1124 Apocalypsi
652 1038 783 1125 legitur:
803 1040 868 1114 Qut
878 1043 1023 1116 justus
1039 1046 1106 1117 est,
1120 1042 1397 1116 justificetur
1418 1041 1531 1103 adine

343 1159 376 1213 et
405 1157 590 1229 sanctus,
623 1152 914 1227 sanctificetur
948 1149 1099 1225 adhud).
1145 1149 1247 1232 Atque
1279 1148 1458 1231 Apostolus
1477 1149 1531 1212 Pe·

346 1270 430 1322 trus
455 1256 581 1320 scribit:
625 1257 689 1331 Qut
710 1259 890 1318 secundnm
914 1258 1178 1317 inisericordiam
1198 1278 1293 1318 snam
1310 1279 1463 1336 mannam
1478 1279 1532 1319 re·

341 1374 549 1447 qenerovit
577 1388 639 1427 nos
670 1373 704 1428 in
729 1387 819 1445 spem
840 1374 964 1443 nivern,
989 1362 1008 1426 i.
1040 1384 1067 1427 e.
1101 1368 1265 1446 certam4),
1298 1364 1532 1452 regenerationi

344 1497 434 1561 spem
451 1476 532 1539 vitae
548 1487 707 1549 aeternae,
724 1495 803 1559 quae
824 1494 896 1537 cum
907 1471 1139 1557 justificatione
1151 1473 1369 1561 conjungitur,
1385 1474 1532 1540 tribuens.

343 1586 386 1649 Et
405 1584 520 1649 iterum
553 1585 592 1647 de
614 1585 726 1648 eadem
748 1595 859 1646 nostra
881 1604 939 1666 per
958 1582 1121 1647 Christum
1137 1581 1369 1667 justificatione
1386 1586 1532 1671 loquens:

344 1698 414 1757 Per
430 1718 523 1778 quem
539 1699 706 1773 martine,
741 1690 856 1777 inquit,
879 1700 912 1753 et
927 1681 1079 1772 pretiose
1094 1696 1190 1754 nobis
1202 1702 1372 1774 promissa
1390 1698 1532 1757 donavit:

345 1813 384 1867 nt
393 1826 455 1885 per
470 1811 579 1866 haece
604 1809 749 1864 tctamint
766 1806 925 1863 divinae
942 1810 1155 1864 consortes
1171 1811 1367 1866 naturae:
1382 1810 1531 1883 septen·

346 1922 404 1975 tes
430 1918 534 1991 ejus,
569 1933 668 1994 qnae
692 1918 732 1971 tn
757 1913 990 1991 introducet,
1025 1919 1382 1993 concupiscentiae
1399 1935 1533 1976 corru-

342 2027 562 2103 ptionenm).
588 2018 771 2083 Secundum
795 2038 874 2103 quae
891 2017 1082 2102 justificatio
1104 2040 1168 2082 non
1192 2020 1344 2084 duntaxat
1360 2019 1531 2086 sanctifica·

348 2128 467 2194 tionem
501 2128 651 2193 comitem
672 2148 710 2190 ac
725 2125 930 2211 pedisequam
948 2127 1057 2202 habet,
1074 2127 1131 2191 sed
1149 2149 1220 2191 cum
1237 2149 1275 2192 ea
1290 2150 1431 2213 prorsus
1447 2152 1533 2194 unum

346 2238 491 2324 idemque
523 2250 582 2301 est.
631 2237 722 2315 Quod
752 2236 827 2300 item
858 2236 928 2320 ipse
956 2238 1140 2301 Salvator
1164 2238 1272 2302 verbis
1294 2237 1356 2303 illis
1383 2241 1532 2304 declarat:

346 2350 423 2411 Nisi
439 2356 513 2430 quis
530 2352 695 2409 renatus
709 2350 875 2425 fueritne
893 2367 993 2428 aqua,
1012 2354 1045 2407 et
1059 2346 1208 2427 Spiritus
1224 2347 1262 2409 S.
1280 2370 1348 2411 non
1360 2357 1475 2429 potest
1485 2357 1533 2411 in·

346 2464 449 2518 troire
465 2465 499 2519 in
516 2477 651 2534 repnnm
668 2455 739 2516 Dei.
783 2455 882 2529 Quod
900 2462 1014 2516 netum
1037 2463 1089 2516 est
1108 2478 1151 2518 en
1175 2478 1296 2536 carne,
1324 2479 1405 2520 caro
1425 2468 1489 2522 cst:
1509 2466 1536 2520 et

347 2570 436 2648 qnod
453 2574 567 2628 netum
587 2572 639 2625 est
658 2585 702 2624 ec
723 2570 861 2644 spiritu,
885 2570 1062 2643 spiritus
1085 2573 1137 2626 est
1145 2564 1181 2644 ⁶).
1222 2564 1344 2643 Quibus
1360 2587 1422 2650 per
1438 2566 1533 2651 Bapti-

349 2696 451 2738 smum
468 2671 650 2758 justificati,
681 2693 745 2734 non
769 2684 888 2735 tantum
910 2674 1050 2747 renati,
1072 2695 1130 2737 seu
1152 2695 1235 2738 nova
1258 2687 1411 2740 creatura
1428 2675 1535 2749 effecti,

349 2784 406 2848 sed
437 2783 532 2847 etiam
564 2782 682 2848 diserte
707 2803 723 2845 s
731 2780 890 2866 piritus‚
912 2804 970 2847 seu
993 2781 1188 2867 spirituales,
1206 2783 1226 2848 i.
1244 2804 1271 2852 e.
1288 2784 1394 2850 sancti
1418 2808 1456 2852 ac
1470 2806 1534 2872 per·

349 2894 422 2957 lecti
439 2895 649 2958 declarantur.

456 3008 675 3067 Protestantes
709 3016 818 3066 eontra
841 3006 933 3064 hosce
958 3014 1060 3064 textus
1084 3007 1202 3083 quidem
1220 3009 1395 3085 excipiunt,
1422 3022 1535 3072 conten·

349 3118 466 3185 dentes,
485 3115 627 3186 δικαιοῦν,
636 3117 842 3194 justificare,
863 3124 894 3174 ut
906 3107 1007 3174 'Hehn
1026 3117 1172 3236 ΡἾἿᾊΠ,
1191 3118 1347 3177 forensem
1365 3128 1486 3179 tantum
1501 3119 1534 3176 si·

350 3295 720 3373 gnificationemhabere,
739 3304 769 3352 et
785 3295 864 3352 idem
883 3313 954 3352 esse
979 3295 1142 3366 acinetum
1161 3297 1334 3364 declarare,
1352 3314 1535 3374 nequaquan

351 3414 450 3463 autem
467 3404 612 3478 injustum
630 3405 659 3462 in
671 3405 789 3479 justum
807 3423 918 3478 reapse
935 3413 1154 3465 transmutare.
1195 3408 1253 3464 Ast
1274 3406 1350 3466 licet
1366 3425 1478 3466 verum
1492 3407 1536 3474 sit,
1562 3410 1569 3421 ⁰

350 3513 532 3572 vocabulum
563 3512 636 3569 illud
668 3513 697 3570 in
726 3514 787 3571 SS.
812 3512 943 3571 Litteris
966 3530 1059 3569 sensu
1082 3513 1141 3573 hoc
1159 3532 1347 3585 ocerirrere,
1373 3525 1407 3575 et
1430 3515 1535 3593 quiden

352 3637 492 3695 semper,
514 3621 632 3696 quando
649 3621 685 3678 de
696 3621 853 3695 judicibus
871 3621 1044 3679 hominibus
1068 3622 1246 3691 adhibetur,
1268 3641 1404 3699 quorum
1429 3624 1536 3683 omnino

353 3746 410 3786 non
444 3738 507 3795 est,
541 3728 690 3788 hominem
724 3730 868 3804 injustum
888 3731 1007 3803 justum
1029 3750 1142 3806 reapse
1163 3731 1311 3800 reddere,
1344 3734 1405 3792 sed
1429 3732 1536 3793 nonnisi

346 3837 464 3909 justum
482 3840 698 3914 pronuntiare3
731 3858 823 3913 porro
847 3839 985 3915 quamvis
1003 3840 1094 3897 etiam
1111 3840 1223 3917 negari
1238 3850 1390 3917 nequeat,
1408 3844 1481 3902 illud
1496 3861 1536 3900 eo·

353 3946 418 4005 dem
437 3966 531 4007 sensu
552 3967 767 4025 nonnunquam
792 3948 828 4005 de
846 3951 912 4006 Deo
929 3949 1085 4023 usurpari,
1103 3950 1222 4025 quando
1239 3951 1368 4010 scilicet
1391 3953 1458 4028 ipse
1474 3951 1535 4010 dici·

353 4065 404 4113 tur
420 4056 572 4115 immerito
589 4075 644 4131 pro
661 4057 774 4130 injusto
794 4058 926 4115 habitum
943 4057 1139 4138 justificare,
1162 4077 1216 4117 seu
1240 4059 1308 4132 ejus
1331 4060 1535 4140 integritatem

354 4181 389 4223 ao
405 4164 612 4224 innocentiam
630 4166 844 4224 manifestare:
862 4176 964 4225 tamen
983 4185 1020 4224 ne
1038 4168 1147 4226 unicus
1165 4167 1285 4244 quidem
1304 4169 1341 4230 S.
1362 4171 1535 4249 Scripturas

354 4275 440 4332 locus
458 4275 626 4332 monstrari
641 4285 760 4350 potest,
781 4276 811 4332 in
829 4294 887 4350 quo
905 4277 1048 4344 vexilla,
1066 4277 1102 4334 de
1119 4279 1185 4335 Deo
1204 4276 1360 4346 adhibite,
1386 4282 1482 4340 solam
1501 4280 1536 4337 to·

354 4400 476 4440 rensem
495 4384 716 4442 absolutionem
738 4403 813 4442 vere
834 4386 881 4442 rei
903 4405 938 4445 ac
961 4385 1067 4459 injusti
1082 4386 1252 4463 significet.
1295 4387 1387 4461 Quod
1405 4409 1445 4451 eo
1460 4407 1536 4449 seen·

354 4492 420 4550 rius
437 4493 623 4573 asserimus,
645 4512 734 4570 quum
751 4493 862 4567 jamin
880 4513 926 4564 se,
943 4495 989 4553 uti
1004 4494 1230 4570 blasphemum,
1252 4495 1297 4554 ita
1315 4499 1485 4560 absurdum
1499 4507 1536 4555 est

464 4783 490 4863 ¹)
506 4781 619 4863 Ephes.
631 4779 662 4855 4,
672 4780 814 4845 23-24.
831 4817 874 4828 -
892 4785 918 4864 ²)
935 4782 1001 4844 ool.
1018 4782 1049 4858 2,
1069 4783 1121 4848 13.
1140 4819 1180 4831 -
1199 4788 1227 4863 ³)
1245 4784 1347 4866 Apoc.
1367 4786 1425 4863 22,
1443 4787 1489 4854 ll.
1504 4820 1536 4832 -

357 4872 382 4953 ⁴)
402 4871 430 4933 1.
448 4874 530 4935 Petr.
550 4871 579 4950 1,
598 4870 628 4936 3.
645 4910 689 4920 -
709 4873 734 4954 ⁵)
751 4872 780 4936 2.
799 4875 882 4935 Petr.
902 4873 931 4952 1,
948 4872 980 4942 4,
997 4912 1038 4922 ·-
1057 4877 1083 4958 ⁶)
1101 4875 1192 4938 Joan.
1210 4873 1242 4951 3,
1259 4875 1365 4944 5—6.
