3775 5625
1473 426 1537 494 397

349 593 466 673 tor¹),
482 591 711 671 Hilarius²),
727 590 961 678 Fulgentius
978 590 1246 675 liuspensjffl),
1263 591 1370 657 etalii.
1396 594 1539 678 Quapro-

348 714 421 786 pter
432 722 705 786 supervacaneum
724 701 809 764 soret
824 700 951 788 singula
968 701 1143 764 eorundem
1161 699 1343 765 testimonia
1353 700 1385 765 in
1402 703 1540 766 medium

347 810 507 896 prolerre.
525 810 671 876 Omnium
688 812 760 875 loco
772 809 916 876 audiatur
931 812 1103 894 Prosper
1120 808 1398 894 Aquitanicus,
1416 813 1465 874 vel
1483 834 1537 896 po·

347 918 411 984 tius
427 920 560 1008 ignotus
577 920 703 1006 quidam
719 919 912 1005 antiquitatis
930 919 1095 1003 scriptor,
1117 920 1169 1004 qui
1186 932 1356 1005 postquam
1377 922 1486 1004 plures
1504 925 1537 985 S.

348 1029 534 1113 Scripturas
555 1031 647 1093 locos
664 1051 723 1113 pro
741 1028 874 1093 veritate
898 1042 1011 1093 nostra
1027 1030 1202 1093 adduxerat
1218 1041 1250 1092 et
1266 1042 1479 1113 exposuerat,
1495 1030 1539 1094 ita

348 1138 533 1203 concludit:
557 1142 694 1201 Abunde
709 1148 866 1221 quantum
882 1142 1045 1217 arbitror,
1063 1145 1115 1200 tiis
1132 1145 1325 1201 testimoniis
1342 1175 1385 1185 —
1403 1143 1539 1203 demon·

346 1258 494 1313 stratum
510 1257 572 1329 est,
587 1252 727 1329 sidem,
746 1254 1099 1330 puaJ'ustisicatur
1115 1256 1278 1329 impius,
1302 1256 1382 1310 nisi
1403 1271 1454 1311 ec
1469 1252 1540 1312 Dei

347 1381 511 1421 inuuere
526 1380 601 1421 uon
618 1362 773 1437 treberi,
800 1380 962 1440 eamque
983 1360 1108 1420 nullis
1129 1366 1285 1421 meritis
1302 1362 1538 1440 praeceden-

351 1472 462 1531 tibus
479 1472 648 1547 tribuit).
681 1506 724 1514 -
757 1466 971 1531 Concilium
989 1465 1275 1531 Aransicanum
1293 1480 1397 1531 antem
1414 1467 1538 1532 definit:

347 1578 390 1640 St
407 1586 481 1661 quis
497 1587 609 1641 sicut
624 1586 882 1657 aupmeutum,
900 1586 955 1641 ita
972 1586 1089 1641 etiam
1105 1585 1260 1641 initium
1274 1582 1395 1658 fidei,
1413 1586 1540 1658 ipsum

348 1691 615 1750 credulitatis
637 1693 849 1768 affectum,
883 1710 945 1770 quo
964 1696 997 1749 in
1014 1710 1085 1749 eum
1104 1692 1283 1766 credimus,
1307 1695 1362 1770 qui
1373 1693 1542 1768 justificat

346 1804 492 1879 impiam,
510 1806 543 1860 et
558 1800 604 1860 ud
614 1806 857 1876 pancrationem
874 1796 912 1859 S.
922 1798 1141 1878 Baptismutis
1153 1805 1373 1879 pervenimus,
1391 1819 1457 1859 non
1469 1820 1541 1878 per

343 1914 510 1986 pratiae
542 1910 699 1987 donum,
726 1910 846 1985 idest,
871 1929 942 1987 per
963 1914 1269 1988 inspirationem
1302 1908 1483 1988 Spiritus
1500 1907 1538 1971 S.

347 2024 611 2095 corripeutem
642 2020 887 2080 satientatem
918 2026 1097 2080 nostram
1129 2021 1176 2079 al
1209 2018 1458 2097 infidelitate
1490 2020 1543 2079 ad

344 2131 471 2209 sidem
480 2174 492 2207 ,
512 2132 557 2190 ab
575 2135 777 2209 impietate
794 2130 844 2189 ud
853 2134 1057 2208 pietatem,
1076 2132 1148 2189 sed
1161 2130 1411 2190 naturaliter
1427 2130 1540 2188 nolis

347 2244 481 2314 inesse
497 2241 594 2311 dicit,
616 2238 807 2318 apostolicis
828 2238 1034 2314 dopmatilus
1055 2241 1270 2300 aduersarius
1287 2240 1539 2318 approbatur⁵).

347 2347 406 2411 Et:
419 2346 473 2409 -Si
487 2353 562 2429 quis
573 2368 634 2429 per
651 2354 793 2409 naturae
808 2352 948 2424 ciperem
966 2350 1084 2409 donum
1101 2349 1248 2429 aliquod,
1272 2349 1360 2428 quod
1383 2349 1428 2408 ud
1441 2348 1540 2408 salu·

349 2465 413 2519 tem
427 2464 571 2538 pertinet
584 2463 670 2520 ritae
686 2465 853 2537 aeternae,
872 2479 913 2518 co
918 2462 1068 2536 pltare,
1088 2460 1279 2538 utecpedit,
1304 2464 1364 2518 aut
1383 2458 1540 2534 elipere,

347 2573 418 2628 sire
434 2568 635 2645 salutari,
653 2568 689 2627 id
703 2574 764 2645 est,
784 2568 1035 2643 ecanpelicae
1048 2570 1351 2647 praedicationi
1372 2587 1539 2628 consan-

348 2684 430 2741 tire
457 2699 578 2757 posse
609 2681 796 2758 confirmat,
820 2680 968 2759 aisque
990 2679 1290 2739 illuminatione
1312 2684 1539 2760 etinspira-

348 2795 456 2851 tione
472 2787 657 2868 Spiritus
672 2786 723 2866 S,
742 2793 796 2869 qui
812 2790 871 2849 dat
885 2789 1035 2850 carnibus
1051 2793 1245 2851 suavitatem
1261 2794 1294 2850 in
1311 2788 1539 2850 consentiendo

348 2907 383 2961 et
396 2901 558 2959 credendo
574 2904 717 2977 ceritati,
735 2900 898 2986 haeretico
914 2898 1051 2977 fallitur
1066 2901 1228 2977 spiritut).

464 3008 500 3069 0.
517 3005 650 3071 Accedit
665 3026 781 3070 sensus
797 3004 965 3070 Ecclesiae
983 3004 1189 3080 universalis,
1206 3027 1285 3091 quae
1302 3027 1430 3091 semper
1447 3027 1541 3072 orare

349 3139 411 3204 pro
429 3116 521 3180 nobis
540 3115 721 3190 consuevit,
737 3128 771 3179 nt
787 3116 825 3179 ad
841 3114 938 3179 fidem
954 3137 973 3179 a
988 3115 1058 3181 Deo
1074 3117 1303 3201 perducamur,
1325 3128 1358 3181 et
1373 3115 1474 3179 inille
1490 3137 1540 3181 se·

349 3226 415 3292 mel
446 3238 579 3311 accepta
598 3246 853 3310 perseveremus.
892 3225 957 3287 Pro
987 3237 1076 3289 certo
1104 3245 1185 3312 ergo
1208 3225 1329 3303 habuit,
1362 3237 1425 3290 tam
1447 3224 1542 3290 fidem

350 3358 447 3424 quam
478 3337 547 3420 ejus
567 3335 691 3400 initium
708 3335 839 3400 totidem
867 3356 941 3401 esse
966 3337 1049 3399 dona
1064 3334 1133 3400 Dei.
1173 3336 1245 3399 Non
1262 3335 1356 3411 enim,
1373 3348 1407 3399 ut
1424 3334 1542 3419 optime

349 3446 460 3534 arguit
475 3445 730 3533 Augustinus,
747 3446 786 3509 ab
804 3444 865 3510 alio
881 3446 1096 3530 postulamus,
1118 3446 1202 3530 quod
1217 3443 1249 3508 in
1266 3457 1379 3510 nostra
1395 3465 1468 3510 esse
1485 3465 1541 3528 po·

465 3775 490 3853 ¹)
509 3777 686 3839 Commonit.
703 3781 770 3840 ado.
788 3780 901 3841 laceres.
918 3781 1024 3856 Pelap.
1042 3786 1069 3840 el
1085 3779 1208 3845 Coalesl.
1231 3776 1403 3844 Galland.
1419 3783 1458 3841 B.
1475 3780 1543 3841 ΡΡ.

351 3865 393 3930 Τ.
409 3865 440 3929 8.
456 3891 486 3948 p.
504 3867 570 3930 615
586 3890 626 3929 ss.
645 3906 685 3914 —
704 3870 729 3951 ²)
746 3869 847 3947 Epist.
866 3873 908 3930 ud
923 3871 1082 3948 Aupusta'n.
1101 3869 1181 3953 Opp.
1198 3873 1394 3952 Angustia.
1428 3867 1466 3931 Τ.
1492 3868 1542 3932 10.

351 3954 472 4023 c.'t83.
506 3996 546 4005 -
580 3960 605 4040 ³)
626 3962 690 4022 LL.
707 3963 754 4023 II.
772 3964 813 4020 od
828 3962 954 4022 Monim.
968 3959 1047 4042 Opp.
1066 3985 1094 4037 p.
1114 3961 1130 4023 1
1150 3985 1190 4028 ss.
1207 3966 1270 4024 LL.
1289 3965 1356 4022 ΙΙΙ.
1389 3964 1424 4019 de
1454 3962 1539 4025 verit.
1656 3962 1661 3973 “

350 4053 504 4130 praedest.
522 4058 549 4110 et
561 4057 639 4127 prat.
655 4073 686 4131 p.
703 4050 770 4113 434
786 4073 826 4114 ss.
843 4055 892 4111 De
907 4056 1033 4114 Incarn.
1050 4059 1078 4111 el
1089 4073 1137 4129 pr.
1154 4058 1242 4115 Dom.
1260 4075 1289 4115 n.
1307 4056 1347 4112 ad
1363 4055 1445 4112 Patr.
1464 4052 1542 4114 diac.

352 4131 415 4218 alq.
447 4165 477 4222 p.
503 4140 570 4204 286
592 4164 633 4204 ss.
667 4178 708 4186 —
743 4140 769 4228 4)
791 4147 838 4204 Dc
854 4151 948 4205 vocat.
963 4151 1040 4220 pent.
1059 4147 1077 4206 l.
1096 4149 1124 4206 1.
1143 4166 1167 4206 c.
1185 4149 1234 4207 24.
1267 4143 1346 4224 Opp.
1369 4145 1543 4222 Prosper.

354 4256 380 4296 c.
398 4230 475 4295 879.
493 4233 537 4296 cf.
551 4235 637 4299 Oont,
655 4235 763 4294 Oollat.
780 4256 810 4294 u.
827 4240 878 4297 36.
895 4239 945 4296 37.
960 4236 1040 4315 Opp.
1059 4237 1264 4315 Angustia.
1282 4237 1320 4294 Τ.
1339 4233 1391 4297 10.
1403 4255 1428 4296 e.
1449 4232 1544 4296 184⁸.

353 4327 448 4402 Resp.
471 4327 500 4386 8.
526 4328 568 4384 ad
590 4346 654 4401 cap.
690 4325 807 4389 Gallor.
825 4350 850 4394 c.
867 4325 943 4390 202.
976 4363 1016 4372 —
1053 4326 1078 4405 ⁵)
1098 4329 1329 4408 cananei,
1360 4327 1435 4387 Ooll.
1454 4327 1543 4386 Cone.

354 4417 393 4478 T.
412 4413 443 4476 8.
461 4437 485 4476 c.
504 4413 578 4477 713.
611 4452 654 4461 —
688 4415 711 4496 ⁸)
731 4418 764 4477 O.
784 4423 810 4481 7.
828 4419 873 4480 cf.
897 4440 921 4478 c.
943 4423 973 4478 8.
996 4440 1021 4478 c.
1046 4416 1120 4482 714.
1152 4454 1195 4464 —
1230 4419 1403 4495 ⁷)Dedon.
1428 4436 1543 4495 persev.

356 4528 381 4571 c.
398 4511 448 4569 23.
465 4527 494 4570 a.
513 4509 562 4567 64.
580 4508 618 4567 Τ.
639 4504 689 4569 10.
707 4528 731 4568 c.
749 4507 825 4572 856.
849 4513 929 4571 Nam
945 4510 975 4569 si
990 4511 1070 4590 haec,
1086 4511 1199 4591 inquit,
1217 4512 1254 4570 ab
1270 4509 1340 4587 ipso
1357 4508 1477 4585 quidem
1491 4528 1545 4585 po·
1649 4549 1652 4554 -

357 4615 418 4676 scit
432 4612 585 4684 Ecclesia,
602 4611 656 4669 sed
677 4629 696 4665 a
718 4624 749 4664 se
764 4601 836 4679 ipsa
852 4601 913 4662 sibi
929 4600 1001 4660 dari
1018 4608 1122 4677 putat:
1142 4621 1204 4660 nou
1224 4619 1324 4675 varas,
1347 4603 1400 4659 sed
1415 4600 1545 4676 perfun·

358 4707 471 4766 storias
498 4703 650 4763 orationes
673 4701 773 4765 lcabct;
786 4697 867 4769 quod
883 4694 964 4752 absit
978 4716 997 4752 a
1013 4693 1110 4753 uobis.
1146 4691 1226 4761 Quis
1243 4693 1321 4752 enim
1335 4690 1482 4750 ueraciter
1496 4711 1544 4766 pe-

357 4805 432 4870 mut,
449 4796 627 4855 desiderans
649 4790 798 4871 accipere,
821 4788 901 4871 quod
917 4793 994 4858 orat,
1011 4809 1030 4846 a
1047 4785 1195 4856 Domino,
1224 4785 1253 4843 si
1275 4787 1329 4845 noc
1345 4805 1365 4843 a
1380 4803 1410 4843 se
1432 4802 1548 4845 sumere

359 4889 518 4958 existimet,
534 4904 595 4944 aton
611 4887 648 4942 ab
664 4883 729 4943 illo.
