3775 5625
328 515 330 520 Ι
431 406 558 524 nra,

539 576 570 644 2.
587 580 687 641 Deum
704 578 872 640 secondum
890 577 1014 640 easdem
1032 576 1149 639 divinas
1170 577 1302 659 paginas
1318 576 1348 639 in
1365 576 1552 657 praeteritis
1568 597 1613 659 ge·

432 693 645 755 uacationibus
654 691 809 751 dimisisse
820 701 926 751 omnes
936 701 1048 769 gentos
1064 690 1190 769 ingredi
1205 691 1272 750 vias
1290 709 1376 762 suas,
1394 700 1426 752 ct
1443 690 1614 768 despexisse

431 815 571 881 tempora
586 804 655 873 illa,
679 821 757 879 quae
780 802 899 862 idcirco
921 783 1060 877 tempora
1087 801 1284 880 ignorantiae
1306 801 1505 861 nominentur
1518 795 1551 884 ¹).
1581 833 1613 847 -

431 916 653 973 Verumtamen
675 912 762 973 hisce
784 922 902 971 tantum
926 912 1030 970 dicere
1051 913 1117 970 volt
1139 912 1318 987 Scriptura,
1339 913 1443 971 Deum
1469 910 1615 970 dimisisse

432 1023 574 1084 Gentiles
596 1022 721 1105 ingredi
745 1022 813 1081 vias
836 1040 927 1089 suas,
955 1022 1106 1097 quianon
1129 1021 1215 1079 misit
1236 1021 1273 1079 ad
1295 1039 1351 1079 eos
1367 1020 1576 1081 Patriarchas
1594 1030 1615 1079 et

431 1132 615 1208 Prophetas,
632 1147 730 1206 neque
745 1131 865 1208 Legem
882 1130 1031 1205 scriptam
1049 1130 1095 1187 eis
1112 1129 1203 1189 dedit.
1228 1130 1293 1187 Non
1310 1140 1413 1189 tamen
1430 1129 1513 1203 ideo,
1528 1138 1562 1188 ut
1577 1147 1615 1187 eo·

432 1243 500 1301 dem
520 1242 588 1300 loco
617 1240 661 1299 ait
686 1240 870 1316 Apostolus,
893 1238 960 1296 sine
984 1238 1158 1297 testimonio
1183 1238 1382 1315 semetipsum
1405 1238 1470 1297 illis
1487 1239 1616 1317 reliquit3

432 1361 523 1427 atque
545 1350 615 1409 hinc
640 1350 784 1408 Gentiles
809 1348 1040 1408 inexcusabiles
1057 1367 1128 1407 esau
1146 1348 1302 1418 declarat,
1328 1348 1417 1425 quia,
1442 1365 1514 1407 cum
1531 1350 1616 1407 Deam

433 1458 667 1538 cognovissent,
684 1477 743 1517 non
760 1458 843 1518 sicut
859 1460 959 1517 Deum
976 1457 1278 1537 glorificavc1·unt²).
1372 1483 1378 1489 ·

499 1587 502 1592 ·
537 1563 568 1627 3.
585 1568 763 1627 Christus
779 1568 962 1626 Dominus
984 1568 1128 1647 affirmat,
1144 1567 1257 1642 Tyrios
1276 1576 1307 1625 ct
1324 1567 1472 1627 Sidonios
1498 1586 1535 1625 se
1557 1586 1616 1629 con·

432 1696 582 1738 versuros
603 1676 718 1746 fuisse,
739 1678 768 1735 si
786 1677 852 1754 ipse
875 1678 953 1753 apud
981 1696 1035 1736 eos
1056 1678 1206 1737 miracula
1222 1686 1348 1753 patrare
1365 1677 1538 1747 voluisset,
1557 1677 1614 1756 quin

434 1798 495 1847 tam
513 1788 590 1864 apud
606 1787 676 1845 illos
691 1788 753 1845 ulla
769 1786 861 1865 signa
878 1788 1001 1851 feccrit,
1037 1789 1167 1863 lnsuper
1185 1804 1336 1863 expresse
1353 1787 1474 1865 legitur
1492 1788 1524 1845 in
1542 1787 1615 1849 Scri·

432 1908 535 1978 ptura,
549 1898 678 1956 Paolum
695 1916 713 1956 a
730 1897 849 1972 Spiritu
868 1897 903 1958 S.
921 1897 1107 1973 prohibitum
1124 1896 1238 1965 luisse,
1255 1898 1440 1956 nevernum
1457 1897 1581 1956 Domini
1593 1898 1616 1954 in

433 2009 509 2067 Asia
524 2010 714 2084 loqueretur.
732 2038 775 2049 -
791 2006 888 2067 Hisce
905 2015 1007 2065 autem
1027 2006 1057 2065 id
1082 2006 1204 2067 unicum
1222 2006 1437 2084 significatur,
1455 2005 1615 2065 non'omni·

434 2117 491 2175 bus
517 2114 664 2194 gentibus
686 2132 722 2173 ac
748 2114 925 2173 civitatibus
948 2114 1053 2173 statim
1074 2114 1161 2174 initio
1185 2115 1357 2191 praedicati
1372 2116 1543 2194 Evangelii
1558 2132 1615 2194 grs-

435 2225 509 2283 tiam
525 2223 698 2284 vocationis
715 2232 862 2283 externae
878 2223 977 2283 fnisse
995 2242 1193 2293 concessam,
1210 2243 1402 2302 nequaquam
1419 2234 1540 2296 autem,
1556 2243 1616 2304 gra·

435 2334 509 2393 tiam
528 2333 620 2392 etiam
636 2334 801 2403 internam,
818 2352 877 2410 qua
893 2335 1035 2394 converti
1049 2335 1218 2411 potuerint,
1234 2334 1333 2394 fuisse
1351 2336 1550 2414 denegatam.

542 2436 574 2501 4.
590 2442 857 2501 Ecclesiastes
873 2442 981 2501 habet:
1007 2441 1192 2503 Considera
1209 2461 1310 2521 opera
1325 2442 1408 2521 Dei,
1432 2445 1526 2525 quod
1538 2461 1617 2505 nemo

432 2556 543 2631 possit
556 2556 734 2628 corrigere,
752 2572 845 2632 quom
860 2553 917 2613 e'lle
933 2554 1122 2632 desperarit
1137 2560 1168 2627 ⁸(
1171 2555 1260 2629 juxta
1286 2563 1404 2613 textum
1422 2556 1619 2634 originalem:

437 2668 566 2723 rectum
573 2665 704 2740 facere,
716 2662 806 2740 quod
818 2662 874 2722 itte
891 2664 1103 2739 incurrerit).
1119 2663 1161 2722 In
1176 2665 1227 2723 dle
1244 2664 1330 2723 bona
1344 2666 1467 2741 fraere
1484 2665 1585 2736 boam,
1597 2669 1622 2722 et

441 2773 563 2833 malam
579 2774 663 2832 diem
675 2790 837 2851 praecare
854 2772 1071 2851 senensem:
1098 2777 1185 2834 aiem
1204 2778 1288 2834 enim
1304 2777 1402 2850 donc,
1421 2779 1455 2835 et
1469 2774 1563 2835 illum
1574 2775 1621 2852 fe·

441 2887 487 2941 cit
499 2882 679 2958 Dominus,
702 2887 740 2942 ut
758 2900 824 2941 oon
839 2886 986 2942 inveniat
1004 2887 1098 2943 laomo
1116 2890 1233 2944 contra
1250 2903 1323 2942 eum
1330 2886 1452 2959 justas
1469 2889 1623 2964 querimo-

441 2996 515 3052 aias
523 2997 564 3066 ³).
596 3027 638 3036 -
672 2993 734 3051 Sed
750 2992 821 3050 istis
838 2993 942 3051 verbis
960 3003 1076 3052 tantum
1096 2996 1312 3062 admonemur,
1328 3003 1362 3052 ut
1378 3012 1567 3070 persuasum
1581 2994 1623 3052 ha·

443 3103 587 3170 beamus,
610 3101 711 3160 omnia
733 3121 751 3160 a
773 3103 841 3160 Deo
867 3102 1023 3178 sapienter
1045 3103 1182 3179 disponi3
1216 3120 1306 3180 quum
1328 3104 1407 3180 quod
1424 3104 1516 3163 Deus
1533 3105 1624 3164 decre·

441 3213 533 3283 verit,
551 3231 569 3270 a
585 3212 705 3271 nemine
727 3230 856 3288 prorsas
873 3213 1031 3272 immutari
1047 3214 1156 3289 possit.
1179 3215 1296 3284 Porro,
1312 3213 1468 3273 hominem
1495 3213 1623 3281 alternis,

442 3340 522 3381 nunc
539 3322 760 3398 prosperitate,
778 3339 858 3381 nune
876 3323 1064 3381 adversitate
1082 3323 1243 3392 exerceri,
1265 3323 1309 3382 ita
1325 3333 1358 3382 ut
1376 3341 1478 3400 neque
1497 3323 1529 3382 in
1546 3323 1624 3382 rebus

442 3432 587 3490 secundis
609 3431 733 3490 nimium
757 3433 941 3501 extollatur,
973 3451 1071 3509 neque
1097 3433 1128 3492 in
1151 3434 1245 3492 rebus
1269 3432 1413 3492 adversis
1435 3433 1564 3493 nimium
1583 3432 1622 3490 de·

442 3540 604 3616 primatur.

443 3763 469 3844 §.
490 3761 585 3831 tto.
602 3762 762 3835 Gratia
777 3766 1030 3836 monetator
1054 3781 1241 3852 semper
1263 3762 1486 3851 proxime
1513 3761 1626 3835 suld-

969 3874 1113 3944 ciens,

553 4066 639 4144 Quae
673 4081 776 4132 autem
810 4070 905 4132 modo
931 4068 1237 4143 domonstravimus,
1258 4064 1397 4156 gratiam
1420 4067 1551 4135 scilicet
1565 4088 1628 4132 vere

444 4172 655 4239 sufficientem
677 4177 795 4241 nemini
819 4179 951 4252 deesse,
976 4179 1102 4263 quando
1123 4178 1175 4241 illa
1198 4177 1396 4264 indigemus,
1418 4199 1489 4241 non
1511 4179 1554 4243 ita
1570 4189 1629 4244 suot

444 4279 668 4370 intelligenda,
689 4307 727 4350 ac
743 4287 771 4350 si
787 4288 892 4373 gratia
907 4287 938 4351 in
957 4288 1104 4352 omnibus
1121 4286 1289 4371 operibns,
1306 4285 1404 4350 ctiam
1420 4289 1630 4374 gravioribus,

444 4411 571 4476 semper
593 4395 739 4477 proxime
766 4395 930 4461 sufficiens
953 4398 1047 4462 nohis
1066 4399 1276 4471 concedatur,
1302 4395 1379 4460 licet
1401 4396 1632 4484 quamplurimi

445 4499 603 4588 Theologi
633 4503 713 4578 sint,
746 4505 850 4590 quiid
875 4519 1024 4572 statuant.
1067 4506 1243 4586 Quominus
1264 4519 1371 4584 tamen
1388 4506 1456 4574 illis
1475 4530 1632 4576 assensum

445 4674 660 4687 m

450 4843 466 4913 7
499 4845 539 4916 14
556 4759 668 4915 'ilict
689 4757 739 4836 14,
759 4759 809 4825 15.
830 4759 880 4832 lt.
898 4761 951 4828 30.
976 4799 1016 4809 —-
1042 4762 1069 4850 ²)
1088 4765 1176 4827 Rom.
1197 4763 1224 4842 l,
1242 4762 1391 4828 20-21.
1415 4803 1459 4813 -—
1488 4767 1515 4849 3)
1535 4769 1632 4830 Ecclos.

472 4893 479 4927 2
541 4867 638 4917 -ὓι
