3775 5625
353 442 419 507 aar
450 396 452 400 ⁵

351 607 499 672 ficantem
516 627 574 669 seu
591 604 777 670 charitatem
793 604 836 668 ait
852 623 924 667 esse
941 602 1108 690 Evangelii
1125 604 1333 691 margaritam
1354 605 1515 690 pretiosam,

352 718 420 783 sine
442 735 502 800 qua
523 714 598 778 nihil
620 714 713 779 nohis
728 712 842 799 prosit,
868 714 1077 798 quodcunque
1093 712 1312 788 habuerimus,
1333 736 1428 800 qnam
1442 713 1467 781 si
1479 738 1515 781 so·

351 829 412 891 lam
437 823 651 897 habuerimus,
683 822 831 887 sufficere
854 822 957 887 nobis.
989 825 1021 887 S.
1043 824 1220 907 Prosper
1240 845 1322 887 vero
1351 825 1403 888 vel
1432 825 1518 910 potins

351 934 533 1001 Julianus
564 934 770 997 Pomerius
791 932 917 1005 scribit,
941 931 1127 996 charitatem
1144 953 1202 997 seu
1212 932 1373 1017 justitiam
1391 933 1519 999 divinitus

351 1044 518 1109 nobiscrnn
540 1043 803 1107 communicatam
819 1063 903 1117 esse,
921 1041 990 1106 sine
1008 1063 1068 1128 qua
1084 1063 1177 1106 nemo
1194 1042 1299 1127 possit
1315 1043 1386 1107 Deo
1404 1042 1521 1127 plaeere,

351 1168 472 1219 etcum
493 1174 554 1239 qua
575 1174 669 1217 nemo
693 1165 788 1238 queat
804 1152 833 1216 ei
849 1151 1019 1236 displicere
1035 1165 1088 1216 aut
1103 1173 1254 1237 peccare,
1277 1152 1446 1237 ipsamque
1464 1173 1523 1216 esse

352 1262 444 1336 viam
460 1283 539 1347 quae
556 1264 651 1325 ducat
667 1263 706 1325 ad
723 1260 873 1345 patriam,
897 1273 989 1346 atque
1018 1260 1087 1324 sine
1110 1260 1181 1345 ipsa
1196 1260 1343 1325 homines
1360 1283 1426 1325 non
1442 1282 1525 1346 posse

351 1373 522 1446 ambrilare,
554 1373 610 1435 scd
642 1375 801 1449 errare¹).
839 1372 873 1434 ld
889 1370 994 1455 ipsum
1020 1392 1119 1454 porro
1144 1369 1364 1435 Concilium
1381 1370 1525 1435 Arausi-

352 1503 490 1547 canum
507 1481 578 1544 lla.
590 1478 666 1544 529.
684 1501 820 1544 assensn
837 1480 1090 1564 comprobatum,
1107 1478 1294 1544 clarissimis
1311 1479 1454 1544 enuntiat
1467 1502 1527 1544 ver·

271 1629 274 1634 -
352 1590 416 1655 bis:
441 1594 624 1653 Arbitrium
640 1592 818 1652 volontatis
837 1598 992 1670 imprimo
1014 1597 1141 1652 bomine
1156 1595 1357 1671 infirmatum
1373 1598 1456 1653 niai
1468 1612 1529 1672 par

350 1707 524 1779 pratiam
546 1700 749 1780 Baptiami
770 1722 847 1761 aaa
859 1706 1208 1781 pateatreparari.
1252 1700 1353 1775 (laod
1367 1707 1528 1778 amissam,

351 1809 434 1871 reici
456 1831 476 1869 a
501 1830 572 1891 pao
596 1816 731 1888 potuit
751 1812 863 1888 dari,
891 1831 967 1871 aaa
989 1817 1126 1889 potest
1154 1809 1311 1889 reddi²).
1336 1811 1456 1893 Atque:
1481 1808 1531 1870 Sic

352 1921 531 1980 secandam
563 1957 604 1965 —
638 1918 704 1980 SS.
737 1918 991 2000 Scripturaram
1022 1925 1215 1998 sententiaa,
1248 1920 1301 1980 aab
1330 1926 1531 2001 antiquaram

353 2030 496 2090 Patram
514 2031 726 2109 definitiones,
744 2035 805 2090 boa
820 2031 890 2089 Deo
904 2035 1114 2110 propitiante,
1133 2036 1166 2089 at
1175 2031 1374 2108 praedicare
1391 2031 1531 2090 debemur

353 2145 385 2197 et
408 2140 562 2214 aradera;
594 2140 683 2219 qaod
697 2159 757 2218 per
774 2146 945 2218 paccatum
963 2143 1063 2218 primi
1083 2142 1223 2199 bominis
1238 2142 1286 2198 ita
1301 2139 1493 2200 inclinatam
1506 2145 1532 2198 at

354 2254 558 2308 attenuatam
587 2250 696 2325 faerit
726 2249 864 2309 liberam
880 2249 1069 2328 arbitrium,
1102 2254 1141 2307 at
1160 2246 1532 2326 nallacpaataaaat

353 2357 526 2431 dilipare
556 2357 694 2436 Deum,
726 2362 985 2437 strutoporrmt,
1006 2359 1294 2417 autcredarein
1310 2357 1441 2435 Deam,
1475 2364 1532 2419 aut

354 2471 518 2543 operari
545 2472 713 2545 propter
736 2468 872 2538 Deam,
903 2469 1011 2548 qaod
1030 2468 1167 2527 bonum
1188 2473 1264 2544 eat,
1284 2474 1437 2546 poscit,
1465 2471 1532 2529 aiat

353 2595 436 2634 eam
450 2580 586 2650 pratia
602 2578 908 2637 misericordiae
925 2579 1084 2638 divinae
1096 2574 1399 2656 praevenerit³).

465 2683 501 2744 0.
520 2682 661 2746 Tandem
692 2683 723 2745 id
755 2683 848 2748 etiarn
875 2684 947 2769 ipsa
966 2684 1066 2758 ratio,
1097 2682 1159 2749 lide
1183 2684 1354 2758 illustrata,
1386 2682 1531 2771 intelligit

353 2791 434 2856 Nam
450 2813 507 2876 per
524 2805 704 2876 peccatum,
736 2817 797 2880 quo
814 2796 957 2880 perfecte
973 2817 992 2860 a
1007 2795 1077 2860 Deo
1095 2793 1282 2869 avertimur,
1300 2793 1370 2859 sive
1387 2793 1531 2882 originale
1571 2787 1573 2792 ’

356 2899 423 2964 sive
440 2913 553 2966 nostra
576 2924 674 2990 opera
697 2905 871 2988 adjectum,
902 2904 1108 2988 spiritualiter
1131 2903 1268 2978 mortui,
1301 2916 1396 2990 atque
1419 2925 1530 2990 poenae

356 3021 503 3074 aeternae
521 3011 651 3076 obnoxii
668 3035 795 3087 sumus,
827 3015 886 3078 snb
907 3013 1000 3101 gravi
1011 3014 1093 3100 jugo
1111 3011 1395 3096 concupiscentiae
1410 3013 1530 3102 ingemi·

356 3132 493 3185 scentes.
519 3123 570 3185 Ex
585 3124 648 3187 hoc
665 3136 748 3187 statu
765 3123 946 3188 miserrimo
964 3136 1084 3197 autem,
1108 3121 1336 3197 nobisrclicti,
1360 3123 1437 3188 licet
1452 3123 1531 3188 nobis

356 3228 398 3293 nil
414 3231 517 3317 magis
534 3245 737 3316 exoptatum,
759 3233 801 3296 nil
817 3233 921 3322 magis
939 3232 1157 3298 necessarium
1173 3254 1246 3297 esse
1262 3232 1389 3318 possit,
1413 3231 1531 3298 eluctari

355 3342 436 3404 hand
453 3342 604 3415 valemus,
621 3342 734 3426 partim
753 3342 906 3428 qrria'iita
921 3342 1173 3427 supernaturalis
1193 3340 1314 3406 viribus
1332 3354 1466 3406 naturae
1480 3354 1530 3406 un

355 3471 467 3534 parum
488 3453 681 3535 apprehendi
703 3465 827 3537 potest,
860 3474 951 3538 quarn
973 3474 1111 3536 corpore
1136 3465 1279 3516 mortuus
1297 3465 1416 3537 sponte
1434 3475 1489 3518 sua
1502 3450 1531 3514 ab
1571 3490 1573 3505 ι

356 3559 452 3622 vitam
468 3561 666 3636 resuscitari,
684 3563 757 3648 quin
774 3563 838 3626 imo
854 3563 959 3627 minus
976 3564 1092 3636 adhuc,
1117 3562 1265 3647 quoniam
1283 3561 1531 3647 concupiscentia
1570 3542 1573 3553 ⁴

356 3670 507 3733 voluntati
523 3683 654 3736 nostrae
676 3694 739 3736 non
763 3685 880 3737 tanturn
902 3672 1072 3746 obnititur,
1088 3693 1198 3736 verum
1216 3670 1326 3748 ctiam,
1351 3670 1530 3758 quamdiuin

466 3945 489 4029 ¹)
506 3947 620 4012 Dcait.
633 3952 786 4027 contempt.
797 3952 815 4011 t.
832 3953 861 4009 3.
880 3972 905 4012 c.
922 3953 972 4011 13.
991 3949 1068 4030 Opp.
1086 3939 1258 4030 Prosper.
1274 3948 1421 4030 Append.
1439 3945 1529 4010 obba

358 4044 434 4104 Oba
442 4043 541 4100 ritas
556 4045 602 4098 est
615 4076 658 4085 —
675 4048 756 4100 recta
771 4044 919 4116 voluntas,
935 4045 974 4100 ab
990 4041 1127 4100 amnibus
1143 4040 1271 4100 terrenis
1286 4061 1324 4100 ac
1335 4039 1530 4116 praumato

356 4153 485 4212 prorsas
517 4151 645 4213 auersa,
668 4135 779 4210 juncta
799 4135 865 4192 Deo
886 4133 1133 4208 inseparabiliter
1154 4131 1300 4212 abamita,
1322 4131 1393 4208 ipae
1418 4133 1529 4208 prodas

358 4226 389 4287 S.
407 4224 555 4304 Spiritum,
571 4244 590 4281 a
606 4243 664 4299 qao
681 4231 734 4302 est,
750 4230 779 4283 ct
793 4227 835 4283 ab
850 4244 935 4300 quaa
951 4224 1105 4304 refertur,
1121 4223 1254 4283 incensa.
1289 4258 1333 4268 —
1366 4222 1454 4283 Sine
1475 4237 1529 4297 qai

357 4318 486 4375 aulius
508 4318 582 4374 Deo
599 4317 765 4390 placuit,
786 4337 863 4375 cam
885 4337 955 4392 qua
975 4336 1038 4374 aaa
1062 4314 1190 4392 potnit
1210 4313 1359 4390 aliquis
1375 4331 1527 4389 peccora,

357 4428 421 4468 aec
435 4405 585 4486 poterit.
626 4410 710 4466 Haec
726 4415 770 4466 est
784 4408 920 4493 cbaritps
935 4427 1027 4476 aera,
1042 4426 1197 4483 permane,
1212 4405 1369 4484 perfeeto;
1387 4425 1472 4481 qoam
1490 4420 1526 4462 aa·
1571 4462 1573 4467 .

358 4497 556 4560 canebam
570 4496 651 4558 viam
665 4499 802 4558 nominat
817 4505 939 4558 sanatus
956 4499 1128 4574 Apostolus.
1149 4499 1196 4556 Et
1209 4516 1293 4556 aare
1308 4496 1395 4574 ipsa
1410 4502 1461 4555 est
1474 4492 1525 4561 oia

359 4612 450 4666 petae
466 4589 648 4662 daoitper
663 4611 699 4650 aa
714 4592 943 4650 ambulantes
965 4593 1012 4649 ad
1029 4588 1210 4664 patriam:
1236 4587 1328 4664 qaia
1350 4587 1447 4647 sicat
1463 4584 1524 4644 aim

358 4681 419 4743 aia
430 4678 607 4761 parvenit
619 4684 760 4755 mailros,
778 4702 844 4759 qno
863 4681 997 4754 tendit,
1013 4680 1069 4740 ita
1084 4679 1164 4739 siae
1179 4679 1381 4754 charitate,
1401 4696 1474 4755 qnae
1487 4672 1523 4733 bi·
1571 4670 1573 4675 ’

489 4770 579 4841 ,aim
599 4791 670 4832 aaa
695 4775 884 4832 ambolare
903 4770 1259 4847 possunttomines,
1277 4773 1333 4830 aad
1349 4787 1477 4831 errare
1492 4795 1523 4812 ψ

245 4762 653 5040 mansi,
670 4864 746 4928 aaa.
765 4863 857 4925 aona.
874 4865 912 4926 Τ.
930 4860 961 4925 8.
979 4884 1003 4924 c.
1023 4858 1098 4925 715.
1115 4898 1158 4908 -
1178 4861 1204 4940 ³)
1222 4863 1259 4924 0.
1276 4863 1327 4924 25.
1345 4882 1371 4923 c.
1389 4856 1458 4924 717.
