3775 5625
1511 421 1554 500 tl
1619 506 1623 513 ,

359 591 575 657 universalem
598 604 744 668 testatur,
767 592 842 657 illud
865 593 1037 679 antiquitus
1054 594 1220 658 Ecclesias
1239 595 1388 660 traditum
1404 598 1559 674 tenuisse,

358 712 454 788 atque
486 723 599 767 omnes
623 702 656 766 in
678 702 828 767 Ecclesia
844 704 960 767 doctos
991 703 1222 790 Ecclesiacque
1254 706 1407 771 doctores
1428 720 1501 771 ante
1523 727 1559 772 se

358 809 499 887 dixisse,
524 818 571 876 sic
596 825 750 875 naturam
774 816 914 875 ltonrtnis
945 819 1103 876 divinitus
1134 821 1328 897 institutam,
1362 828 1405 880 nt
1426 824 1459 880 si
1484 838 1560 881 non

355 934 588 1004 peccasset,
614 929 842 986 mariturus
865 944 945 986 non
968 929 1125 1003 esset¹).

473 1032 509 1095 0.
523 1029 583 1096 His
599 1032 756 1097 accedunt
773 1031 1049 1096 Consiliorum
1074 1032 1285 1098 definitiones.
1319 1034 1374 1099 Sic
1391 1035 1475 1099 enim
1492 1049 1555 1101 sta·

357 1139 422 1204 tuit
435 1139 552 1206 Cone.
568 1139 839 1205 Milevitanum
855 1142 892 1205 ll.
910 1161 937 1204 a.
955 1140 1050 1205 416.;
1067 1146 1203 1206 Placuit
1219 1149 1415 1207 constituere
1431 1171 1493 1208 —.·
1515 1148 1561 1210 Ut

357 1256 552 1331 quicuncque
566 1256 662 1332 dicit,
685 1254 788 1313 Adana
807 1258 950 1331 primum
966 1255 1127 1315 tonrtnem
1142 1262 1352 1317 mortalem
1382 1258 1556 1338 facturn,

356 1364 403 1423 ita
419 1372 460 1424 ut
475 1365 545 1423 siae
558 1372 707 1440 peccaret
722 1366 789 1423 siae
805 1382 870 1423 non
884 1373 1045 1443 peccaret,
1064 1375 1292 1426 moreretur
1309 1370 1349 1426 in
1365 1386 1556 1446 corpore,

358 1472 419 1533 baa
434 1482 504 1552 est,
528 1477 573 1531 de
594 1490 767 1550 corpore
782 1477 941 1553 sciret,
960 1479 1213 1551 nonpeccati
1228 1479 1389 1555 merito,
1409 1482 1477 1537 sed
1490 1495 1557 1537 ne-

357 1584 550 1642 cessitate
580 1591 775 1642 naturae:
799 1602 828 1642 a.
851 1584 923 1658 s.²).
950 1578 1205 1644 Similialrabcnt
1222 1581 1337 1646 Cone.
1353 1581 1556 1667 Diospoli-

358 1698 491 1752 lanum
507 1706 535 1751 a.
551 1685 681 1767 llos),
705 1688 823 1755 Cone.
849 1688 1176 1775 Carthaginiense
1193 1691 1244 1755 IV.
1262 1710 1289 1753 a.
1308 1688 1438 1771 418.⁴),
1457 1691 1557 1756 totius

357 1798 487 1864 Africae
508 1796 700 1883 plenarium,
724 1798 808 1883 qnod
823 1797 939 1862 iterum
957 1798 1152 1863 contrariam
1167 1799 1414 1886 Pelagianorum
1432 1800 1555 1885 opinio·

357 1927 429 1973 nem
446 1907 508 1972 sub
525 1908 725 1971 anathemate
741 1907 863 1992 rejecit,
880 1921 912 1972 et
929 1908 1008 1975 Con
1019 1930 1046 1973 c.
1063 1908 1352 1973 Arausicannm
1368 1910 1405 1973 ll.
1423 1930 1450 1974 a.
1467 1908 1556 1986 529„

356 2017 441 2104 qrrod
466 2014 593 2080 delinit:
630 2016 672 2079 Si
695 2024 768 2098 ouis
790 2023 853 2080 soli
875 2021 965 2081 Adae
983 2025 1299 2098 praevaricationem
1316 2041 1421 2100 stram,
1439 2041 1506 2082 non
1527 2031 1560 2083 et

351 2132 425 2208 eJ'us
444 2132 642 2208 propapini,
667 2133 787 2189 asserit
807 2134 977 2209 nocuisse,
1011 2140 1072 2191 ant
1092 2141 1178 2191 certe
1208 2141 1372 2191 mortem
1403 2141 1557 2193 tantuna

348 2241 521 2318 corpori
527 2258 543 2299 s
548 2283 563 2318 ,
587 2258 671 2315 puae
682 2258 790 2315 poena
802 2244 929 2317 peccati
945 2249 1005 2319 est,
1024 2259 1091 2300 non
1107 2250 1213 2301 autem
1229 2250 1262 2301 et
1272 2251 1454 2319 peccatum,
1471 2246 1559 2319 qnod

345 2367 443 2410 onore
460 2357 512 2410 eet
524 2351 665 2427 animae,
689 2369 762 2425 per
786 2367 904 2410 unnm
926 2351 1119 2410 nominent
1143 2353 1183 2409 in
1208 2368 1318 2409 omne
1338 2351 1555 2425 penneltu-

342 2476 513 2520 anannns
535 2461 756 2518 transiisse
787 2467 941 2537 testatur,
968 2460 1163 2533 injustitiam
1179 2459 1247 2518 Deo
1265 2462 1365 2538 tabit,
1384 2463 1555 2520 contradi·

346 2586 430 2630 aerae
445 2566 606 2643 Apostolo
623 2570 762 2629 dicenti:
779 2568 849 2627 Per
865 2587 966 2628 nnnm
981 2569 1142 2627 hominene
1158 2577 1215 2627 etc.
1226 2570 1263 2644 5).

462 2673 515 2736 Ex
538 2674 602 2738 hoc
625 2695 726 2758 porro
749 2674 998 2739 immortalitatis
1022 2676 1107 2738 dono
1130 2675 1226 2738 veluti
1241 2675 1384 2739 defluens
1395 2676 1463 2759 jarn
1479 2674 1555 2738 illud

345 2782 513 2871 sequitur,
530 2794 778 2869 protoparentes
795 2783 953 2849 immunes
970 2784 1070 2849 luisse
1088 2784 1126 2848 ab
1144 2785 1292 2849 omnibns
1309 2784 1485 2859 aerumnis,
1509 2784 1553 2850 al·

344 2893 550 2961 flictionibus
573 2915 612 2959 ac
632 2893 813 2968 doloribus,
845 2894 898 2980 qui
929 2895 1059 2959 nonnisi
1091 2908 1166 2960 sunt
1186 2894 1281 2982 signa
1302 2908 1335 2961 et
1351 2893 1555 2960 consectaria

349 3002 559 3069 mortalitatis
580 3024 620 3068 ac
640 3002 771 3078 mortis,
789 3023 847 3066 scu
863 3002 963 3067 l'uisse
980 3023 1054 3078 cos,
1076 3003 1120 3068 uti
1136 3004 1351 3079 immortales,
1372 3004 1416 3068 ita
1436 3003 1552 3088 impas-

350 3112 512 3194 sibiles‘).

461 3226 592 3286 Adnot.
617 3224 703 3300 Quod
721 3227 757 3284 ad
774 3226 986 3302 quaestionem
1003 3226 1130 3294 attinet,
1149 3226 1247 3302 qualis
1264 3226 1316 3284 illa
1333 3225 1552 3285 immortalitas

357 3336 466 3397 inerit:
490 3334 615 3394 illorum
643 3336 818 3393 sententiae
844 3335 1089 3410 adstipulandnm
1107 3353 1178 3392 esse
1196 3335 1335 3402 videtur,
1354 3335 1452 3409 ipsam
1470 3335 1552 3393 nullo

355 3453 500 3521 respectu
518 3444 691 3505 absolutam
709 3445 816 3525 luisse,
833 3464 923 3521 quum
942 3444 1001 3503 hoc
1017 3444 1258 3502 immortalitatis
1275 3462 1376 3521 genus
1393 3443 1551 3519 proprium

357 3553 395 3623 sit
411 3562 513 3629 status
531 3553 650 3632 gloriae
667 3564 738 3631 post
754 3555 1016 3613 resurrectionem
1023 3576 1031 3624 3
1057 3554 1110 3611 sed
1128 3555 1276 3613 Adamum
1293 3562 1410 3611 tantum
1429 3572 1464 3611 co
1482 3571 1551 3610 sen·

356 3674 391 3722 'su
406 3662 611 3723 immortalem
635 3663 749 3734 fuisse,
774 3664 852 3740 quod
868 3663 928 3722 Dei
945 3682 1072 3721 munere
1089 3672 1212 3740 poterat.
1229 3681 1287 3720 non
1306 3662 1393 3722 mori.
1420 3661 1457 3721 si
1472 3661 1551 3721 enim
1582 3655 1584 3663 ’

358 3771 504 3835 incilicia
530 3773 738 3853 perstitisset,
754 3771 934 3848 impedisset
951 3775 1050 3840 Dens,
1069 3773 1228 3849 quominus
1247 3771 1398 3848 quidpiam
1416 3772 1444 3830 ci
1462 3773 1551 3830 obas·

361 3892 416 3954 set,
434 3891 488 3941 ant
504 3892 648 3962 noceret,
666 3883 816 3959 simulque
834 3882 1007 3954 effecisset,
1025 3891 1058 3940 ut
1074 3882 1166 3961 vigor
1185 3881 1326 3957 corporis
1345 3900 1549 3940 conservare·

356 3998 403 4050 'tur
419 4002 511 4068 atque
530 3991 672 4051 continno
689 3993 931 4063 instauraretur,
943 3992 1084 4068 quamdiu
1101 3994 1168 4050 Deo
1186 3991 1367 4067 placuisset,
1386 4000 1416 4048 et
1432 4000 1466 4049 ut
1482 3992 1549 4048 sine

363 4139 630 4152 ...ιιι-υ*-

459 4222 487 4312 1)
506 4227 596 4305 Oper.
623 4228 746 4305 imperf.
772 4234 825 4288 ctr.
842 4228 964 4291 Julian.
991 4230 1010 4289 1.
1029 4231 1056 4288 6.
1075 4248 1099 4289 c.
1117 4229 1165 4288 25.
1184 4224 1265 4307 Opp.
1283 4227 1321 4288 T.
1340 4222 1391 4287 10.
1409 4247 1433 4288 c.
1453 4223 1550 4288 1341.

362 4312 399 4380 01.
413 4321 463 4378 De
480 4317 538 4380 cio.
554 4317 616 4379 Dei
632 4321 651 4380 l.
669 4321 718 4380 13.
736 4339 760 4379 c.
778 4321 827 4380 15.
845 4320 882 4378 Τ.
903 4316 931 4380 l.
950 4340 974 4379 e.
992 4316 1068 4380 335.
1086 4340 1110 4380 c.
1121 4323 1171 4378 20.
1190 4339 1214 4378 c.
1227 4314 1302 4379 341.
1319 4320 1365 4375 De
1380 4336 1461 4394 pecc.
1479 4337 1550 4379 mer.

355 4414 467 4471 stram.
485 4411 505 4469 l.
522 4412 552 4471 1.
570 4428 594 4469 c.
612 4413 640 4472 4.
658 4430 688 4471 n.
704 4413 734 4470 4.
752 4409 789 4471 Τ.
810 4406 860 4470 10.
878 4430 902 4470 e.
920 4406 951 4470 4.
972 4412 1020 4468 De
1038 4409 1114 4470 Gen.
1132 4411 1173 4468 acl
1189 4408 1244 4469 ltu.
1262 4410 1281 4470 1.
1300 4411 1327 4468 6.
1345 4428 1369 4468 o.
1386 4409 1435 4468 25.
1453 4428 1482 4469 n.
1500 4411 1549 4469 36.

361 4493 392 4562 Τ.
409 4497 440 4562 3.
456 4499 494 4562 Ρ.
514 4498 542 4561 l.
560 4519 585 4562 c.
602 4497 678 4562 210.
696 4536 739 4545 -
758 4500 783 4579 1)
802 4501 876 4561 Oen.
895 4503 923 4562 1.
950 4501 987 4559 In
1004 4501 1122 4559 Mansi
1148 4501 1266 4561 Oollect.
1286 4498 1400 4560 Ooncil.
1419 4499 1457 4559 T.
1475 4498 1507 4560 4.
1525 4519 1549 4560 c.
1639 4488 1647 4504 ’

361 4582 419 4652 326
429 4611 529 4656 ss.-
546 4590 577 4669 ³).
589 4590 634 4652 Ib.
650 4611 681 4652 n.
692 4594 720 4652 1.
738 4592 785 4651 Ib.
804 4612 828 4652 c.
846 4587 922 4652 311.
941 4591 987 4653 01.
1005 4591 1207 4669 Augustis.
1227 4590 1318 4667 Oper.
1334 4588 1456 4667 imperf.
1475 4596 1550 4651 cont.
1640 4582 1644 4589 ’

354 4678 474 4744 ,tottam
490 4684 510 4763 1.
529 4685 557 4742 1.
575 4700 599 4743 c.
617 4684 666 4743 96.
684 4683 721 4742 T.
741 4679 791 4743 10.
810 4702 834 4743 c.
853 4678 927 4744 929.
944 4684 992 4741 De
1006 4702 1086 4760 pecc.
1105 4680 1181 4757 arip.
1199 4701 1223 4743 c.
1241 4684 1289 4742 13.
1306 4683 1396 4742 nli.
1414 4700 1439 4741 c.
1449 4677 1516 4742 258
1526 4701 1550 4742 s.

362 4768 490 4852 -⁴)Ib.
501 4792 526 4832 c.
537 4769 604 4833 313
615 4793 654 4834 ss.
664 4808 705 4818 —
716 4773 742 4853 5)
757 4774 831 4849 Cup.
840 4777 868 4834 2.
886 4774 930 4834 Ib.
949 4773 987 4834 T.
1005 4769 1035 4833 8.
1054 4794 1079 4833 c.
1097 4769 1172 4834 112.
1185 4808 1226 4816 --
1240 4772 1266 4852 ⁶)
1279 4771 1324 4833 Cf.
1335 4771 1452 4833 ualeat.
1463 4774 1550 4834 Rom.

361 4860 403 4925 ed.
419 4863 507 4927 Vien.
527 4859 625 4926 1833.
640 4885 670 4944 p.
687 4860 741 4928 24.
