<?xml version="1.0" encoding="UTF-8"?>
<!DOCTYPE html PUBLIC "-//W3C//DTD XHTML 1.0 Transitional//EN"
    "http://www.w3.org/TR/xhtml1/DTD/xhtml1-transitional.dtd">
<html xmlns="http://www.w3.org/1999/xhtml" xml:lang="en" lang="en">
 <head>
  <title>
</title>
<meta http-equiv="Content-Type" content="text/html;charset=utf-8" />
  <meta name='ocr-system' content='tesseract 3.04.00' />
  <meta name='ocr-capabilities' content='ocr_page ocr_carea ocr_par ocr_line ocrx_word'/>
</head>
<body>
  <div class='ocr_page' id='page_1' title='image "./theologiadogmat00schwgoog/theologiadogmat00schwgoog_0144.png"; bbox 0 0 3775 5625; ppageno 0'>
   <div class='ocr_carea' id='block_1_1' title="bbox 363 413 428 479">
    <p class='ocr_par' dir='ltr' id='par_1_1' title="bbox 363 413 428 479">
     <span class='ocr_line' id='line_1_1' title="bbox 363 413 428 479; baseline 0 0"><span class='ocrx_word' id='word_1_1' title='bbox 363 413 428 479; x_wconf 82' lang='lat' dir='ltr'><strong>leo</strong></span> 
     </span>
    </p>
   </div>
   <div class='ocr_carea' id='block_1_2' title="bbox 329 574 1557 4629">
    <p class='ocr_par' dir='ltr' id='par_1_2' title="bbox 329 574 1557 4629">
     <span class='ocr_line' id='line_1_2' title="bbox 358 574 1545 667; baseline 0.008 -30"><span class='ocrx_word' id='word_1_2' title='bbox 358 575 528 659; x_wconf 76' lang='grc' dir='ltr'><strong><em>ἡβασιλεία</em></strong></span> <span class='ocrx_word' id='word_1_3' title='bbox 540 579 595 637; x_wconf 81' lang='lat' dir='ltr'><strong>aei</strong></span> <span class='ocrx_word' id='word_1_4' title='bbox 611 574 689 637; x_wconf 77' lang='grc' dir='ltr'><strong>Θεοῦ</strong></span> <span class='ocrx_word' id='word_1_5' title='bbox 703 578 942 667; x_wconf 83' lang='lat' dir='ltr'><strong>intelligendum</strong></span> <span class='ocrx_word' id='word_1_6' title='bbox 964 598 1054 654; x_wconf 87' lang='lat' dir='ltr'><strong>esse,</strong></span> <span class='ocrx_word' id='word_1_7' title='bbox 1076 600 1274 667; x_wconf 79' lang='lat' dir='ltr'><strong>nequaquam</strong></span> <span class='ocrx_word' id='word_1_8' title='bbox 1301 595 1409 651; x_wconf 80' lang='lat' dir='ltr'><strong>autent</strong></span> <span class='ocrx_word' id='word_1_9' title='bbox 1421 583 1495 647; x_wconf 82' lang='lat' dir='ltr'><strong>lore</strong></span> <span class='ocrx_word' id='word_1_10' title='bbox 1511 583 1545 647; x_wconf 90' lang='lat' dir='ltr'><strong>de</strong></span> 
     </span>
     <span class='ocr_line' id='line_1_3' title="bbox 329 681 1546 778; baseline 0 -21"><span class='ocrx_word' id='word_1_11' title='bbox 329 681 331 714; x_wconf 73' lang='lat'>²</span> <span class='ocrx_word' id='word_1_12' title='bbox 356 692 505 758; x_wconf 78' lang='lat' dir='ltr'><strong>Ecclesia</strong></span> <span class='ocrx_word' id='word_1_13' title='bbox 528 690 765 777; x_wconf 89' lang='lat' dir='ltr'><strong>accipiendum,</strong></span> <span class='ocrx_word' id='word_1_14' title='bbox 777 689 845 774; x_wconf 88' lang='lat' dir='ltr'><strong>jam</strong></span> <span class='ocrx_word' id='word_1_15' title='bbox 860 688 933 753; x_wconf 92' lang='lat' dir='ltr'><strong>inde</strong></span> <span class='ocrx_word' id='word_1_16' title='bbox 950 690 1091 773; x_wconf 76' lang='lat' dir='ltr'><strong>adparet,</strong></span> <span class='ocrx_word' id='word_1_17' title='bbox 1108 691 1257 776; x_wconf 92' lang='lat' dir='ltr'><strong>quoniam</strong></span> <span class='ocrx_word' id='word_1_18' title='bbox 1273 691 1475 777; x_wconf 80' lang='lat' dir='ltr'><strong>Baptismus,</strong></span> <span class='ocrx_word' id='word_1_19' title='bbox 1498 691 1546 778; x_wconf 91' lang='lat' dir='ltr'><strong>qui</strong></span> 
     </span>
     <span class='ocr_line' id='line_1_4' title="bbox 353 799 1545 890; baseline 0.003 -23"><span class='ocrx_word' id='word_1_20' title='bbox 353 805 452 888; x_wconf 86' lang='lat' dir='ltr'><strong>janua</strong></span> <span class='ocrx_word' id='word_1_21' title='bbox 467 802 498 866; x_wconf 91' lang='lat' dir='ltr'><strong>in</strong></span> <span class='ocrx_word' id='word_1_22' title='bbox 514 800 694 866; x_wconf 82' lang='lat' dir='ltr'><strong>Ecclesiam</strong></span> <span class='ocrx_word' id='word_1_23' title='bbox 709 800 781 885; x_wconf 91' lang='lat' dir='ltr'><strong>ipsa</strong></span> <span class='ocrx_word' id='word_1_24' title='bbox 797 812 856 873; x_wconf 88' lang='lat' dir='ltr'><strong>est,</strong></span> <span class='ocrx_word' id='word_1_25' title='bbox 873 800 912 864; x_wconf 90' lang='lat' dir='ltr'><strong>ab</strong></span> <span class='ocrx_word' id='word_1_26' title='bbox 929 799 1062 864; x_wconf 88' lang='lat' dir='ltr'><strong>introitu</strong></span> <span class='ocrx_word' id='word_1_27' title='bbox 1081 800 1115 864; x_wconf 92' lang='lat' dir='ltr'><strong>in</strong></span> <span class='ocrx_word' id='word_1_28' title='bbox 1130 823 1268 889; x_wconf 80' lang='lat' dir='ltr'><strong>regnum</strong></span> <span class='ocrx_word' id='word_1_29' title='bbox 1288 802 1348 868; x_wconf 82' lang='lat' dir='ltr'><strong>Ilei</strong></span> <span class='ocrx_word' id='word_1_30' title='bbox 1377 802 1545 890; x_wconf 69' lang='lat' dir='ltr'><strong>distinguu-</strong></span> 
     </span>
     <span class='ocr_line' id='line_1_5' title="bbox 358 908 1545 996; baseline -0.001 -19"><span class='ocrx_word' id='word_1_31' title='bbox 358 924 420 987; x_wconf 92' lang='lat' dir='ltr'><strong>tur,</strong></span> <span class='ocrx_word' id='word_1_32' title='bbox 448 931 487 976; x_wconf 87' lang='lat' dir='ltr'><strong>ac</strong></span> <span class='ocrx_word' id='word_1_33' title='bbox 506 910 678 996; x_wconf 87' lang='lat' dir='ltr'><strong>praecipue</strong></span> <span class='ocrx_word' id='word_1_34' title='bbox 703 908 775 995; x_wconf 89' lang='lat' dir='ltr'><strong>quia</strong></span> <span class='ocrx_word' id='word_1_35' title='bbox 794 908 928 973; x_wconf 86' lang='lat' dir='ltr'><strong>inferius</strong></span> <span class='ocrx_word' id='word_1_36' title='bbox 937 909 964 987; x_wconf 92' lang='lat'><strong>¹)</strong></span> <span class='ocrx_word' id='word_1_37' title='bbox 988 930 1144 994; x_wconf 86' lang='lat' dir='ltr'><strong>expresse</strong></span> <span class='ocrx_word' id='word_1_38' title='bbox 1162 933 1234 976; x_wconf 88' lang='lat' dir='ltr'><strong>cum</strong></span> <span class='ocrx_word' id='word_1_39' title='bbox 1249 920 1337 976; x_wconf 80' lang='lat' dir='ltr'><strong>aito</strong></span> <span class='ocrx_word' id='word_1_40' title='bbox 1353 921 1545 993; x_wconf 79' lang='lat' dir='ltr'><strong>aeterna,</strong></span> 
     </span>
     <span class='ocr_line' id='line_1_6' title="bbox 360 1010 1547 1107; baseline 0.005 -27"><span class='ocrx_word' id='word_1_41' title='bbox 360 1016 423 1101; x_wconf 81' lang='grc' dir='ltr'><strong>ζωὴ</strong></span> <span class='ocrx_word' id='word_1_42' title='bbox 444 1010 574 1096; x_wconf 79' lang='lat' dir='ltr'><strong>aiaa&#39;noe,</strong></span> <span class='ocrx_word' id='word_1_43' title='bbox 595 1032 808 1107; x_wconf 68' lang='lat' dir='ltr'><strong>permutatum</strong></span> <span class='ocrx_word' id='word_1_44' title='bbox 840 1030 873 1083; x_wconf 90' lang='lat' dir='ltr'><strong>et</strong></span> <span class='ocrx_word' id='word_1_45' title='bbox 898 1017 973 1082; x_wconf 89' lang='lat' dir='ltr'><strong>hinc</strong></span> <span class='ocrx_word' id='word_1_46' title='bbox 995 1020 1138 1104; x_wconf 88' lang='lat' dir='ltr'><strong>quemvis</strong></span> <span class='ocrx_word' id='word_1_47' title='bbox 1162 1021 1322 1087; x_wconf 90' lang='lat' dir='ltr'><strong>hominem</strong></span> <span class='ocrx_word' id='word_1_48' title='bbox 1348 1033 1422 1087; x_wconf 87' lang='lat' dir='ltr'><strong>ante</strong></span> <span class='ocrx_word' id='word_1_49' title='bbox 1444 1020 1547 1106; x_wconf 85' lang='lat' dir='ltr'><strong>Bapti-</strong></span> 
     </span>
     <span class='ocr_line' id='line_1_7' title="bbox 358 1129 1548 1218; baseline 0 -22"><span class='ocrx_word' id='word_1_50' title='bbox 358 1151 461 1196; x_wconf 92' lang='lat' dir='ltr'><strong>smum</strong></span> <span class='ocrx_word' id='word_1_51' title='bbox 474 1142 660 1215; x_wconf 84' lang='lat' dir='ltr'><strong>susceptum</strong></span> <span class='ocrx_word' id='word_1_52' title='bbox 671 1150 749 1193; x_wconf 89' lang='lat' dir='ltr'><strong>vero</strong></span> <span class='ocrx_word' id='word_1_53' title='bbox 761 1140 896 1212; x_wconf 88' lang='lat' dir='ltr'><strong>peccato</strong></span> <span class='ocrx_word' id='word_1_54' title='bbox 913 1129 1161 1194; x_wconf 88' lang='lat' dir='ltr'><strong>contaminatum</strong></span> <span class='ocrx_word' id='word_1_55' title='bbox 1178 1152 1252 1196; x_wconf 88' lang='lat' dir='ltr'><strong>esse</strong></span> <span class='ocrx_word' id='word_1_56' title='bbox 1269 1132 1379 1205; x_wconf 82' lang='lat' dir='ltr'><strong>tradit3</strong></span> <span class='ocrx_word' id='word_1_57' title='bbox 1397 1153 1496 1218; x_wconf 90' lang='lat' dir='ltr'><strong>quum</strong></span> <span class='ocrx_word' id='word_1_58' title='bbox 1511 1132 1548 1196; x_wconf 81' lang='lat' dir='ltr'><strong>alr</strong></span> 
     </span>
     <span class='ocr_line' id='line_1_8' title="bbox 355 1240 1547 1329; baseline 0 -25"><span class='ocrx_word' id='word_1_59' title='bbox 355 1240 509 1329; x_wconf 84' lang='lat' dir='ltr'><strong>ingressu</strong></span> <span class='ocrx_word' id='word_1_60' title='bbox 533 1240 565 1303; x_wconf 92' lang='lat' dir='ltr'><strong>in</strong></span> <span class='ocrx_word' id='word_1_61' title='bbox 590 1260 728 1327; x_wconf 74' lang='lat' dir='ltr'><strong>regnum</strong></span> <span class='ocrx_word' id='word_1_62' title='bbox 752 1240 918 1302; x_wconf 90' lang='lat' dir='ltr'><strong>coelorum</strong></span> <span class='ocrx_word' id='word_1_63' title='bbox 938 1260 1004 1303; x_wconf 93' lang='lat' dir='ltr'><strong>non</strong></span> <span class='ocrx_word' id='word_1_64' title='bbox 1021 1252 1188 1315; x_wconf 79' lang='lat' dir='ltr'><strong>arceatur,</strong></span> <span class='ocrx_word' id='word_1_65' title='bbox 1210 1240 1273 1305; x_wconf 82' lang='lat' dir='ltr'><strong>nisi</strong></span> <span class='ocrx_word' id='word_1_66' title='bbox 1288 1250 1547 1325; x_wconf 71' lang='lat' dir='ltr'><strong>coinquinatam,</strong></span> 
     </span>
     <span class='ocr_line' id='line_1_9' title="bbox 356 1350 1547 1437; baseline 0 -22"><span class='ocrx_word' id='word_1_67' title='bbox 356 1361 417 1415; x_wconf 87' lang='lat' dir='ltr'><strong>aat</strong></span> <span class='ocrx_word' id='word_1_68' title='bbox 431 1356 705 1415; x_wconf 73' lang='lat' dir='ltr'><strong>abominationem</strong></span> <span class='ocrx_word' id='word_1_69' title='bbox 718 1354 851 1429; x_wconf 76' lang='lat' dir='ltr'><strong>faciens</strong></span> <span class='ocrx_word' id='word_1_70' title='bbox 867 1358 900 1411; x_wconf 86' lang='lat' dir='ltr'><strong>et</strong></span> <span class='ocrx_word' id='word_1_71' title='bbox 914 1353 1162 1430; x_wconf 63' lang='lat' dir='ltr'><strong>mendacium).</strong></span> <span class='ocrx_word' id='word_1_72' title='bbox 1179 1353 1282 1436; x_wconf 85' lang='lat' dir='ltr'><strong>Atque</strong></span> <span class='ocrx_word' id='word_1_73' title='bbox 1299 1375 1325 1416; x_wconf 83' lang='lat' dir='ltr'><strong>e.</strong></span> <span class='ocrx_word' id='word_1_74' title='bbox 1342 1362 1409 1416; x_wconf 94' lang='lat' dir='ltr'><strong>tum</strong></span> <span class='ocrx_word' id='word_1_75' title='bbox 1425 1350 1459 1415; x_wconf 95' lang='lat' dir='ltr'><strong>id</strong></span> <span class='ocrx_word' id='word_1_76' title='bbox 1475 1372 1547 1437; x_wconf 91' lang='lat' dir='ltr'><strong>pro·</strong></span> 
     </span>
     <span class='ocr_line' id='line_1_10' title="bbox 354 1458 1548 1546; baseline 0 -20"><span class='ocrx_word' id='word_1_77' title='bbox 354 1473 466 1546; x_wconf 88' lang='lat' dir='ltr'><strong>pterea</strong></span> <span class='ocrx_word' id='word_1_78' title='bbox 483 1460 638 1535; x_wconf 88' lang='lat' dir='ltr'><strong>obtinere,</strong></span> <span class='ocrx_word' id='word_1_79' title='bbox 654 1458 728 1545; x_wconf 87' lang='lat' dir='ltr'><strong>quia</strong></span> <span class='ocrx_word' id='word_1_80' title='bbox 744 1481 857 1535; x_wconf 82' lang='lat' dir='ltr'><strong>omne,</strong></span> <span class='ocrx_word' id='word_1_81' title='bbox 873 1463 963 1542; x_wconf 87' lang='lat' dir='ltr'><strong>qaod</strong></span> <span class='ocrx_word' id='word_1_82' title='bbox 983 1469 1097 1523; x_wconf 85' lang='lat' dir='ltr'><strong>natam</strong></span> <span class='ocrx_word' id='word_1_83' title='bbox 1113 1469 1165 1523; x_wconf 82' lang='lat' dir='ltr'><strong>eet</strong></span> <span class='ocrx_word' id='word_1_84' title='bbox 1179 1483 1224 1523; x_wconf 81' lang='lat' dir='ltr'><strong>aa·</strong></span> <span class='ocrx_word' id='word_1_85' title='bbox 1239 1483 1351 1538; x_wconf 83' lang='lat' dir='ltr'><strong>earne,</strong></span> <span class='ocrx_word' id='word_1_86' title='bbox 1367 1460 1388 1526; x_wconf 90' lang='lat' dir='ltr'><strong>i.</strong></span> <span class='ocrx_word' id='word_1_87' title='bbox 1405 1482 1435 1526; x_wconf 86' lang='lat' dir='ltr'><strong>e.</strong></span> <span class='ocrx_word' id='word_1_88' title='bbox 1453 1462 1548 1543; x_wconf 84' lang='lat' dir='ltr'><strong>modo</strong></span> 
     </span>
     <span class='ocr_line' id='line_1_11' title="bbox 356 1566 1548 1657; baseline -0.001 -21"><span class='ocrx_word' id='word_1_89' title='bbox 356 1570 475 1636; x_wconf 86' lang='lat' dir='ltr'><strong>carnali</strong></span> <span class='ocrx_word' id='word_1_90' title='bbox 491 1592 549 1634; x_wconf 90' lang='lat' dir='ltr'><strong>seu</strong></span> <span class='ocrx_word' id='word_1_91' title='bbox 564 1567 710 1643; x_wconf 90' lang='lat' dir='ltr'><strong>naturali,</strong></span> <span class='ocrx_word' id='word_1_92' title='bbox 728 1591 806 1631; x_wconf 86' lang='lat' dir='ltr'><strong>earo</strong></span> <span class='ocrx_word' id='word_1_93' title='bbox 824 1577 883 1644; x_wconf 87' lang='lat' dir='ltr'><strong>eet,</strong></span> <span class='ocrx_word' id='word_1_94' title='bbox 899 1566 919 1632; x_wconf 91' lang='lat' dir='ltr'><strong>i.</strong></span> <span class='ocrx_word' id='word_1_95' title='bbox 937 1589 965 1633; x_wconf 90' lang='lat' dir='ltr'><strong>e.</strong></span> <span class='ocrx_word' id='word_1_96' title='bbox 982 1582 1117 1654; x_wconf 89' lang='lat' dir='ltr'><strong>peccato</strong></span> <span class='ocrx_word' id='word_1_97' title='bbox 1133 1568 1345 1655; x_wconf 66' lang='lat' dir='ltr'><strong>inquinatum</strong></span> <span class='ocrx_word' id='word_1_98' title='bbox 1362 1591 1436 1635; x_wconf 86' lang='lat' dir='ltr'><strong>narn</strong></span> <span class='ocrx_word' id='word_1_99' title='bbox 1454 1592 1548 1657; x_wconf 89' lang='lat' dir='ltr'><strong>quum</strong></span> 
     </span>
     <span class='ocr_line' id='line_1_12' title="bbox 353 1674 1549 1766; baseline 0.001 -24"><span class='ocrx_word' id='word_1_100' title='bbox 353 1684 476 1761; x_wconf 72' lang='lat' dir='ltr'><strong>antipa,</strong></span> <span class='ocrx_word' id='word_1_101' title='bbox 493 1679 545 1745; x_wconf 90' lang='lat' dir='ltr'><strong>cui</strong></span> <span class='ocrx_word' id='word_1_102' title='bbox 566 1674 644 1759; x_wconf 83' lang='grc' dir='ltr'><strong><em>σάρξ</em></strong></span> <span class='ocrx_word' id='word_1_103' title='bbox 668 1677 851 1764; x_wconf 91' lang='lat' dir='ltr'><strong>opponitur,</strong></span> <span class='ocrx_word' id='word_1_104' title='bbox 882 1700 942 1763; x_wconf 89' lang='lat' dir='ltr'><strong>pro</strong></span> <span class='ocrx_word' id='word_1_105' title='bbox 975 1678 1059 1744; x_wconf 90' lang='lat' dir='ltr'><strong>serie</strong></span> <span class='ocrx_word' id='word_1_106' title='bbox 1093 1692 1259 1755; x_wconf 90' lang='lat' dir='ltr'><strong>contexta,</strong></span> <span class='ocrx_word' id='word_1_107' title='bbox 1290 1692 1382 1766; x_wconf 91' lang='lat' dir='ltr'><strong>atque</strong></span> <span class='ocrx_word' id='word_1_108' title='bbox 1415 1678 1549 1744; x_wconf 65' lang='lat' dir='ltr'><strong>ramesia</strong></span> 
     </span>
     <span class='ocr_line' id='line_1_13' title="bbox 353 1786 1547 1874; baseline -0.003 -19"><span class='ocrx_word' id='word_1_109' title='bbox 353 1791 532 1865; x_wconf 88' lang='lat' dir='ltr'><strong>substrata,</strong></span> <span class='ocrx_word' id='word_1_110' title='bbox 549 1801 584 1853; x_wconf 92' lang='lat' dir='ltr'><strong>ut</strong></span> <span class='ocrx_word' id='word_1_111' title='bbox 599 1788 677 1853; x_wconf 86' lang='lat' dir='ltr'><strong>alias</strong></span> <span class='ocrx_word' id='word_1_112' title='bbox 695 1786 896 1872; x_wconf 80' lang='lat' dir='ltr'><strong>saepissime,</strong></span> <span class='ocrx_word' id='word_1_113' title='bbox 913 1808 1011 1853; x_wconf 86' lang='lat' dir='ltr'><strong>causa</strong></span> <span class='ocrx_word' id='word_1_114' title='bbox 1027 1810 1086 1872; x_wconf 90' lang='lat' dir='ltr'><strong>pro</strong></span> <span class='ocrx_word' id='word_1_115' title='bbox 1102 1788 1220 1854; x_wconf 85' lang='lat' dir='ltr'><strong>effectu</strong></span> <span class='ocrx_word' id='word_1_116' title='bbox 1240 1788 1365 1874; x_wconf 85' lang='lat' dir='ltr'><strong>posita,</strong></span> <span class='ocrx_word' id='word_1_117' title='bbox 1385 1788 1547 1854; x_wconf 81' lang='lat' dir='ltr'><strong>homiuem</strong></span> 
     </span>
     <span class='ocr_line' id='line_1_14' title="bbox 354 1894 1545 1985; baseline 0 -21"><span class='ocrx_word' id='word_1_118' title='bbox 354 1899 560 1985; x_wconf 90' lang='lat' dir='ltr'><strong>spiritualem,</strong></span> <span class='ocrx_word' id='word_1_119' title='bbox 577 1898 764 1984; x_wconf 87' lang='lat' dir='ltr'><strong>perlectum,</strong></span> <span class='ocrx_word' id='word_1_120' title='bbox 776 1899 901 1982; x_wconf 89' lang='lat' dir='ltr'><strong>justum</strong></span> <span class='ocrx_word' id='word_1_121' title='bbox 919 1898 1060 1973; x_wconf 85' lang='lat' dir='ltr'><strong>denotet,</strong></span> <span class='ocrx_word' id='word_1_122' title='bbox 1077 1894 1155 1978; x_wconf 81' lang='grc' dir='ltr'><em>σάρξ</em></span> <span class='ocrx_word' id='word_1_123' title='bbox 1170 1898 1358 1964; x_wconf 86' lang='lat' dir='ltr'><strong>necessario</strong></span> <span class='ocrx_word' id='word_1_124' title='bbox 1375 1898 1406 1962; x_wconf 90' lang='lat' dir='ltr'><strong>vi</strong></span> <span class='ocrx_word' id='word_1_125' title='bbox 1417 1896 1545 1984; x_wconf 85' lang='lat' dir='ltr'><strong>appesi-</strong></span> 
     </span>
     <span class='ocr_line' id='line_1_15' title="bbox 352 2007 1544 2093; baseline -0.002 -19"><span class='ocrx_word' id='word_1_126' title='bbox 352 2010 449 2074; x_wconf 89' lang='lat' dir='ltr'><strong>tionis</strong></span> <span class='ocrx_word' id='word_1_127' title='bbox 466 2010 594 2074; x_wconf 91' lang='lat' dir='ltr'><strong>nonnisi</strong></span> <span class='ocrx_word' id='word_1_128' title='bbox 609 2010 770 2075; x_wconf 88' lang='lat' dir='ltr'><strong>hominem</strong></span> <span class='ocrx_word' id='word_1_129' title='bbox 787 2010 958 2083; x_wconf 90' lang='lat' dir='ltr'><strong>carnalem,</strong></span> <span class='ocrx_word' id='word_1_130' title='bbox 974 2007 1206 2093; x_wconf 85' lang='lat' dir='ltr'><strong>imperfectum,</strong></span> <span class='ocrx_word' id='word_1_131' title='bbox 1222 2007 1386 2093; x_wconf 89' lang='lat' dir='ltr'><strong>injustum,</strong></span> <span class='ocrx_word' id='word_1_132' title='bbox 1402 2029 1464 2072; x_wconf 87' lang='lat' dir='ltr'><strong>seu</strong></span> <span class='ocrx_word' id='word_1_133' title='bbox 1473 2028 1544 2092; x_wconf 88' lang='lat' dir='ltr'><strong>pec·</strong></span> 
     </span>
     <span class='ocr_line' id='line_1_16' title="bbox 353 2116 1543 2206; baseline -0.001 -24"><span class='ocrx_word' id='word_1_134' title='bbox 353 2132 510 2194; x_wconf 87' lang='lat' dir='ltr'><strong>catorem,</strong></span> <span class='ocrx_word' id='word_1_135' title='bbox 534 2119 630 2185; x_wconf 92' lang='lat' dir='ltr'><strong>animi</strong></span> <span class='ocrx_word' id='word_1_136' title='bbox 650 2122 720 2185; x_wconf 84' lang='lat' dir='ltr'><strong>labe</strong></span> <span class='ocrx_word' id='word_1_137' title='bbox 746 2120 909 2194; x_wconf 85' lang='lat' dir='ltr'><strong>infectum,</strong></span> <span class='ocrx_word' id='word_1_138' title='bbox 926 2120 967 2183; x_wconf 88' lang='lat' dir='ltr'><strong>ob</strong></span> <span class='ocrx_word' id='word_1_139' title='bbox 985 2138 1078 2204; x_wconf 94' lang='lat' dir='ltr'><strong>quam</strong></span> <span class='ocrx_word' id='word_1_140' title='bbox 1094 2130 1183 2183; x_wconf 90' lang='lat' dir='ltr'><strong>recte</strong></span> <span class='ocrx_word' id='word_1_141' title='bbox 1199 2116 1451 2206; x_wconf 80' lang='lat' dir='ltr'><strong>regeneratione</strong></span> <span class='ocrx_word' id='word_1_142' title='bbox 1468 2116 1543 2182; x_wconf 89' lang='lat' dir='ltr'><strong>indi·</strong></span> 
     </span>
     <span class='ocr_line' id='line_1_17' title="bbox 351 2226 1546 2317; baseline -0.003 -25"><span class='ocrx_word' id='word_1_143' title='bbox 351 2241 418 2315; x_wconf 78' lang='lat' dir='ltr'><strong>get,</strong></span> <span class='ocrx_word' id='word_1_144' title='bbox 435 2229 606 2317; x_wconf 80' lang='lat' dir='ltr'><strong>designare</strong></span> <span class='ocrx_word' id='word_1_145' title='bbox 623 2242 740 2316; x_wconf 91' lang='lat' dir='ltr'><strong>potest.</strong></span> <span class='ocrx_word' id='word_1_146' title='bbox 773 2269 817 2278; x_wconf 80' lang='grc'><strong>-</strong></span> <span class='ocrx_word' id='word_1_147' title='bbox 850 2228 1004 2294; x_wconf 86' lang='lat' dir='ltr'><strong>Omnibus</strong></span> <span class='ocrx_word' id='word_1_148' title='bbox 1026 2227 1131 2313; x_wconf 91' lang='lat' dir='ltr'><strong>itaque</strong></span> <span class='ocrx_word' id='word_1_149' title='bbox 1154 2227 1349 2303; x_wconf 87' lang='lat' dir='ltr'><strong>hominibus,</strong></span> <span class='ocrx_word' id='word_1_150' title='bbox 1376 2226 1546 2292; x_wconf 80' lang='lat' dir='ltr'><strong>carnaliter</strong></span> 
     </span>
     <span class='ocr_line' id='line_1_18' title="bbox 351 2336 1544 2425; baseline 0.003 -25"><span class='ocrx_word' id='word_1_151' title='bbox 351 2337 445 2413; x_wconf 89' lang='lat' dir='ltr'><strong>natis,</strong></span> <span class='ocrx_word' id='word_1_152' title='bbox 462 2340 605 2425; x_wconf 85' lang='lat' dir='ltr'><strong>adeoque</strong></span> <span class='ocrx_word' id='word_1_153' title='bbox 622 2352 655 2404; x_wconf 91' lang='lat' dir='ltr'><strong>et</strong></span> <span class='ocrx_word' id='word_1_154' title='bbox 670 2339 843 2406; x_wconf 82' lang='lat' dir='ltr'><strong>infantibus</strong></span> <span class='ocrx_word' id='word_1_155' title='bbox 859 2339 945 2404; x_wconf 91' lang='lat' dir='ltr'><strong>inest</strong></span> <span class='ocrx_word' id='word_1_156' title='bbox 961 2338 1057 2403; x_wconf 90' lang='lat' dir='ltr'><strong>animi</strong></span> <span class='ocrx_word' id='word_1_157' title='bbox 1074 2338 1174 2413; x_wconf 85' lang='lat' dir='ltr'><strong>labes,</strong></span> <span class='ocrx_word' id='word_1_158' title='bbox 1191 2336 1260 2403; x_wconf 91' lang='lat' dir='ltr'><strong>veri</strong></span> <span class='ocrx_word' id='word_1_159' title='bbox 1275 2336 1416 2412; x_wconf 88' lang='lat' dir='ltr'><strong>nominis</strong></span> <span class='ocrx_word' id='word_1_160' title='bbox 1433 2358 1544 2422; x_wconf 87' lang='lat' dir='ltr'><strong>pecca·</strong></span> 
     </span>
     <span class='ocr_line' id='line_1_19' title="bbox 352 2426 1543 2536; baseline 0 -25"><span class='ocrx_word' id='word_1_161' title='bbox 352 2460 429 2522; x_wconf 90' lang='lat' dir='ltr'><strong>tum,</strong></span> <span class='ocrx_word' id='word_1_162' title='bbox 446 2426 620 2534; x_wconf 89' lang='lat' dir='ltr'><strong>etquidem</strong></span> <span class='ocrx_word' id='word_1_163' title='bbox 635 2449 707 2534; x_wconf 88' lang='lat' dir='ltr'><strong>ipsa</strong></span> <span class='ocrx_word' id='word_1_164' title='bbox 723 2448 895 2524; x_wconf 86' lang='lat' dir='ltr'><strong>nativitate,</strong></span> <span class='ocrx_word' id='word_1_165' title='bbox 913 2468 972 2514; x_wconf 86' lang='lat' dir='ltr'><strong>seu</strong></span> <span class='ocrx_word' id='word_1_166' title='bbox 989 2448 1107 2513; x_wconf 86' lang='lat' dir='ltr'><strong>carnali</strong></span> <span class='ocrx_word' id='word_1_167' title='bbox 1116 2447 1324 2536; x_wconf 81' lang='lat' dir='ltr'><strong>generatione</strong></span> <span class='ocrx_word' id='word_1_168' title='bbox 1335 2460 1543 2513; x_wconf 86' lang='lat' dir='ltr'><strong>contractum.</strong></span> 
     </span>
     <span class='ocr_line' id='line_1_20' title="bbox 353 2539 1542 2645; baseline 0.002 -25"><span class='ocrx_word' id='word_1_169' title='bbox 353 2558 456 2621; x_wconf 91' lang='lat' dir='ltr'><strong>Porro</strong></span> <span class='ocrx_word' id='word_1_170' title='bbox 478 2579 574 2644; x_wconf 94' lang='lat' dir='ltr'><strong>quum</strong></span> <span class='ocrx_word' id='word_1_171' title='bbox 594 2539 721 2634; x_wconf 87' lang='lat' dir='ltr'><strong>omnes,</strong></span> <span class='ocrx_word' id='word_1_172' title='bbox 753 2559 805 2645; x_wconf 95' lang='lat' dir='ltr'><strong>qui</strong></span> <span class='ocrx_word' id='word_1_173' title='bbox 822 2570 1012 2634; x_wconf 90' lang='lat' dir='ltr'><strong>nascuntur,</strong></span> <span class='ocrx_word' id='word_1_174' title='bbox 1028 2557 1191 2623; x_wconf 88' lang='lat' dir='ltr'><strong>nativitate</strong></span> <span class='ocrx_word' id='word_1_175' title='bbox 1209 2578 1268 2622; x_wconf 87' lang='lat' dir='ltr'><strong>sua</strong></span> <span class='ocrx_word' id='word_1_176' title='bbox 1282 2570 1452 2642; x_wconf 85' lang='lat' dir='ltr'><strong>peecatum</strong></span> <span class='ocrx_word' id='word_1_177' title='bbox 1470 2578 1542 2622; x_wconf 87' lang='lat' dir='ltr'><strong>coa·</strong></span> 
     </span>
     <span class='ocr_line' id='line_1_21' title="bbox 341 2650 1543 2755; baseline 0.001 -26"><span class='ocrx_word' id='word_1_178' title='bbox 341 2668 492 2731; x_wconf 86' lang='lat' dir='ltr'><strong>trahant:</strong></span> <span class='ocrx_word' id='word_1_179' title='bbox 519 2650 686 2754; x_wconf 90' lang='lat' dir='ltr'><strong>peccatum</strong></span> <span class='ocrx_word' id='word_1_180' title='bbox 707 2670 770 2734; x_wconf 91' lang='lat' dir='ltr'><strong>hoc</strong></span> <span class='ocrx_word' id='word_1_181' title='bbox 793 2668 934 2744; x_wconf 89' lang='lat' dir='ltr'><strong>aliunde,</strong></span> <span class='ocrx_word' id='word_1_182' title='bbox 957 2690 1049 2755; x_wconf 93' lang='lat' dir='ltr'><strong>quam</strong></span> <span class='ocrx_word' id='word_1_183' title='bbox 1065 2691 1084 2734; x_wconf 94' lang='lat' dir='ltr'><strong>a</strong></span> <span class='ocrx_word' id='word_1_184' title='bbox 1100 2667 1382 2754; x_wconf 88' lang='lat' dir='ltr'><strong>protoparentibus</strong></span> <span class='ocrx_word' id='word_1_185' title='bbox 1407 2666 1543 2744; x_wconf 77' lang='lat' dir='ltr'><strong>deriuari</strong></span> 
     </span>
     <span class='ocr_line' id='line_1_22' title="bbox 352 2776 1543 2865; baseline 0.002 -25"><span class='ocrx_word' id='word_1_186' title='bbox 352 2776 477 2864; x_wconf 89' lang='lat' dir='ltr'><strong>nequit;</strong></span> <span class='ocrx_word' id='word_1_187' title='bbox 510 2800 583 2844; x_wconf 87' lang='lat' dir='ltr'><strong>nam</strong></span> <span class='ocrx_word' id='word_1_188' title='bbox 604 2779 633 2845; x_wconf 91' lang='lat' dir='ltr'><strong>si</strong></span> <span class='ocrx_word' id='word_1_189' title='bbox 659 2780 698 2844; x_wconf 89' lang='lat' dir='ltr'><strong>ab</strong></span> <span class='ocrx_word' id='word_1_190' title='bbox 714 2779 804 2846; x_wconf 87' lang='lat' dir='ltr'><strong>hisce</strong></span> <span class='ocrx_word' id='word_1_191' title='bbox 824 2779 857 2844; x_wconf 92' lang='lat' dir='ltr'><strong>in</strong></span> <span class='ocrx_word' id='word_1_192' title='bbox 873 2800 988 2845; x_wconf 91' lang='lat' dir='ltr'><strong>eorum</strong></span> <span class='ocrx_word' id='word_1_193' title='bbox 1003 2792 1156 2865; x_wconf 85' lang='lat' dir='ltr'><strong>posteros</strong></span> <span class='ocrx_word' id='word_1_194' title='bbox 1173 2800 1237 2844; x_wconf 92' lang='lat' dir='ltr'><strong>non</strong></span> <span class='ocrx_word' id='word_1_195' title='bbox 1254 2778 1543 2852; x_wconf 82' lang='lat' dir='ltr'><strong>transfunderetur,</strong></span> 
     </span>
     <span class='ocr_line' id='line_1_23' title="bbox 351 2886 1420 2976; baseline 0.002 -26"><span class='ocrx_word' id='word_1_196' title='bbox 351 2886 441 2952; x_wconf 89' lang='lat' dir='ltr'><strong>Deus</strong></span> <span class='ocrx_word' id='word_1_197' title='bbox 457 2902 570 2954; x_wconf 90' lang='lat' dir='ltr'><strong>auctor</strong></span> <span class='ocrx_word' id='word_1_198' title='bbox 585 2892 730 2976; x_wconf 89' lang='lat' dir='ltr'><strong>ejusdem</strong></span> <span class='ocrx_word' id='word_1_199' title='bbox 747 2892 936 2956; x_wconf 90' lang='lat' dir='ltr'><strong>statuendus</strong></span> <span class='ocrx_word' id='word_1_200' title='bbox 953 2903 1052 2966; x_wconf 88' lang='lat' dir='ltr'><strong>esset,</strong></span> <span class='ocrx_word' id='word_1_201' title='bbox 1070 2892 1155 2976; x_wconf 92' lang='lat' dir='ltr'><strong>quod</strong></span> <span class='ocrx_word' id='word_1_202' title='bbox 1171 2902 1222 2955; x_wconf 84' lang='lat' dir='ltr'><strong>est</strong></span> <span class='ocrx_word' id='word_1_203' title='bbox 1237 2890 1420 2954; x_wconf 88' lang='lat' dir='ltr'><strong>absurdum.</strong></span> 
     </span>
     <span class='ocr_line' id='line_1_24' title="bbox 456 2997 1542 3085; baseline 0.001 -23"><span class='ocrx_word' id='word_1_204' title='bbox 456 2999 486 3063; x_wconf 83' lang='lat'><strong>2.</strong></span> <span class='ocrx_word' id='word_1_205' title='bbox 502 3000 674 3065; x_wconf 87' lang='lat' dir='ltr'><strong>Peccatum</strong></span> <span class='ocrx_word' id='word_1_206' title='bbox 690 3002 778 3066; x_wconf 82' lang='lat' dir='ltr'><strong>Adae</strong></span> <span class='ocrx_word' id='word_1_207' title='bbox 793 2999 827 3064; x_wconf 91' lang='lat' dir='ltr'><strong>in</strong></span> <span class='ocrx_word' id='word_1_208' title='bbox 843 3020 956 3066; x_wconf 90' lang='lat' dir='ltr'><strong>omnes</strong></span> <span class='ocrx_word' id='word_1_209' title='bbox 972 3002 1042 3085; x_wconf 88' lang='lat' dir='ltr'><strong>ejus</strong></span> <span class='ocrx_word' id='word_1_210' title='bbox 1059 3012 1211 3085; x_wconf 84' lang='lat' dir='ltr'><strong>posteros</strong></span> <span class='ocrx_word' id='word_1_211' title='bbox 1228 2997 1423 3084; x_wconf 82' lang='lat' dir='ltr'><strong>propagari,</strong></span> <span class='ocrx_word' id='word_1_212' title='bbox 1443 3018 1542 3084; x_wconf 89' lang='lat' dir='ltr'><strong>porro</strong></span> 
     </span>
     <span class='ocr_line' id='line_1_25' title="bbox 351 3107 1545 3196; baseline 0.002 -26"><span class='ocrx_word' id='word_1_213' title='bbox 351 3107 531 3172; x_wconf 87' lang='lat' dir='ltr'><strong>luculenter</strong></span> <span class='ocrx_word' id='word_1_214' title='bbox 565 3109 661 3174; x_wconf 90' lang='lat' dir='ltr'><strong>tradit</strong></span> <span class='ocrx_word' id='word_1_215' title='bbox 693 3109 784 3175; x_wconf 88' lang='lat' dir='ltr'><strong>divus</strong></span> <span class='ocrx_word' id='word_1_216' title='bbox 806 3112 963 3184; x_wconf 89' lang='lat' dir='ltr'><strong>Paulus,</strong></span> <span class='ocrx_word' id='word_1_217' title='bbox 995 3109 1101 3196; x_wconf 92' lang='lat' dir='ltr'><strong>quiin</strong></span> <span class='ocrx_word' id='word_1_218' title='bbox 1123 3108 1321 3194; x_wconf 90' lang='lat' dir='ltr'><strong>epistolaad</strong></span> <span class='ocrx_word' id='word_1_219' title='bbox 1345 3108 1545 3185; x_wconf 80' lang='lat' dir='ltr'><strong>Roma-nos</strong></span> 
     </span>
     <span class='ocr_line' id='line_1_26' title="bbox 351 3214 1550 3301; baseline 0.001 -21"><span class='ocrx_word' id='word_1_220' title='bbox 351 3214 478 3280; x_wconf 87' lang='lat' dir='ltr'><strong>scribit:</strong></span> <span class='ocrx_word' id='word_1_221' title='bbox 503 3221 691 3301; x_wconf 78' lang='lat' dir='ltr'><strong>Propterea</strong></span> <span class='ocrx_word' id='word_1_222' title='bbox 718 3228 807 3282; x_wconf 86' lang='lat' dir='ltr'><strong>eioat</strong></span> <span class='ocrx_word' id='word_1_223' title='bbox 821 3242 892 3301; x_wconf 88' lang='lat' dir='ltr'><strong>per</strong></span> <span class='ocrx_word' id='word_1_224' title='bbox 919 3241 1036 3284; x_wconf 88' lang='lat' dir='ltr'><strong>anam</strong></span> <span class='ocrx_word' id='word_1_225' title='bbox 1061 3225 1252 3281; x_wconf 76' lang='lat' dir='ltr'><strong>nerninem</strong></span> <span class='ocrx_word' id='word_1_226' title='bbox 1273 3226 1485 3299; x_wconf 80' lang='lat' dir='ltr'><strong>peccatam</strong></span> <span class='ocrx_word' id='word_1_227' title='bbox 1501 3224 1550 3281; x_wconf 71' lang='lat' dir='ltr'><strong>in</strong></span> 
     </span>
     <span class='ocr_line' id='line_1_27' title="bbox 350 3332 1556 3411; baseline 0.004 -24"><span class='ocrx_word' id='word_1_228' title='bbox 350 3332 650 3401; x_wconf 76' lang='lat' dir='ltr'><strong>annemundum</strong></span> <span class='ocrx_word' id='word_1_229' title='bbox 666 3337 856 3409; x_wconf 81' lang='lat' dir='ltr'><strong>intravit,</strong></span> <span class='ocrx_word' id='word_1_230' title='bbox 876 3337 914 3392; x_wconf 87' lang='lat' dir='ltr'><strong>et</strong></span> <span class='ocrx_word' id='word_1_231' title='bbox 924 3350 996 3411; x_wconf 85' lang='lat' dir='ltr'><strong>per</strong></span> <span class='ocrx_word' id='word_1_232' title='bbox 1009 3336 1215 3410; x_wconf 83' lang='lat' dir='ltr'><strong>peecatum</strong></span> <span class='ocrx_word' id='word_1_233' title='bbox 1232 3348 1360 3408; x_wconf 84' lang='lat' dir='ltr'><strong>more,</strong></span> <span class='ocrx_word' id='word_1_234' title='bbox 1378 3335 1492 3391; x_wconf 84' lang='lat' dir='ltr'><strong>etita</strong></span> <span class='ocrx_word' id='word_1_235' title='bbox 1506 3334 1556 3392; x_wconf 72' lang='lat' dir='ltr'><strong>ta</strong></span> 
     </span>
     <span class='ocr_line' id='line_1_28' title="bbox 353 3443 1547 3520; baseline 0.003 -23"><span class='ocrx_word' id='word_1_236' title='bbox 353 3456 488 3499; x_wconf 86' lang='lat' dir='ltr'><strong>omnee</strong></span> <span class='ocrx_word' id='word_1_237' title='bbox 503 3443 682 3501; x_wconf 76' lang='lat' dir='ltr'><strong>nominee</strong></span> <span class='ocrx_word' id='word_1_238' title='bbox 699 3444 1084 3520; x_wconf 81' lang='lat' dir='ltr'><strong>morepertraneiit,</strong></span> <span class='ocrx_word' id='word_1_239' title='bbox 1107 3443 1148 3500; x_wconf 87' lang='lat' dir='ltr'><strong>in</strong></span> <span class='ocrx_word' id='word_1_240' title='bbox 1169 3458 1241 3519; x_wconf 87' lang='lat' dir='ltr'><strong>qao</strong></span> <span class='ocrx_word' id='word_1_241' title='bbox 1260 3457 1394 3500; x_wconf 86' lang='lat' dir='ltr'><strong>omnee</strong></span> <span class='ocrx_word' id='word_1_242' title='bbox 1407 3458 1547 3519; x_wconf 75' lang='lat' dir='ltr'><strong>peace·</strong></span> 
     </span>
     <span class='ocr_line' id='line_1_29' title="bbox 349 3536 1555 3627; baseline 0.003 -21"><span class='ocrx_word' id='word_1_243' title='bbox 349 3553 506 3625; x_wconf 81' lang='lat' dir='ltr'><strong>verunt,</strong></span> <span class='ocrx_word' id='word_1_244' title='bbox 524 3536 605 3622; x_wconf 70' lang='lat' dir='ltr'><strong>iep&#39;qi</strong></span> <span class='ocrx_word' id='word_1_245' title='bbox 621 3544 727 3616; x_wconf 74' lang='grc' dir='ltr'><strong><em>πάντες</em></strong></span> <span class='ocrx_word' id='word_1_246' title='bbox 738 3537 878 3626; x_wconf 70' lang='grc' dir='ltr'><strong>ἥμαρτον.</strong></span> <span class='ocrx_word' id='word_1_247' title='bbox 895 3548 952 3610; x_wconf 83' lang='lat' dir='ltr'><strong>Et:</strong></span> <span class='ocrx_word' id='word_1_248' title='bbox 971 3549 1078 3625; x_wconf 78' lang='lat' dir='ltr'><strong>Ipitar</strong></span> <span class='ocrx_word' id='word_1_249' title='bbox 1093 3552 1184 3609; x_wconf 84' lang='lat' dir='ltr'><strong>eioat</strong></span> <span class='ocrx_word' id='word_1_250' title='bbox 1194 3569 1256 3627; x_wconf 86' lang='lat' dir='ltr'><strong>per</strong></span> <span class='ocrx_word' id='word_1_251' title='bbox 1271 3553 1371 3610; x_wconf 78' lang='lat' dir='ltr'><strong>anias</strong></span> <span class='ocrx_word' id='word_1_252' title='bbox 1387 3549 1555 3623; x_wconf 72' lang='lat' dir='ltr'><strong>delictam</strong></span> 
     </span>
     <span class='ocr_line' id='line_1_30' title="bbox 337 3661 1557 3737; baseline 0.003 -22"><span class='ocrx_word' id='word_1_253' title='bbox 337 3661 390 3716; x_wconf 81' lang='lat' dir='ltr'><strong>in</strong></span> <span class='ocrx_word' id='word_1_254' title='bbox 411 3675 545 3718; x_wconf 79' lang='lat' dir='ltr'><strong>omnes</strong></span> <span class='ocrx_word' id='word_1_255' title='bbox 569 3662 748 3719; x_wconf 76' lang='lat' dir='ltr'><strong>nominee</strong></span> <span class='ocrx_word' id='word_1_256' title='bbox 770 3663 809 3718; x_wconf 90' lang='lat' dir='ltr'><strong>in</strong></span> <span class='ocrx_word' id='word_1_257' title='bbox 832 3661 1222 3719; x_wconf 78' lang='lat' dir='ltr'><strong>condemnationem:</strong></span> <span class='ocrx_word' id='word_1_258' title='bbox 1243 3664 1294 3720; x_wconf 85' lang='lat' dir='ltr'><strong>eia</strong></span> <span class='ocrx_word' id='word_1_259' title='bbox 1314 3664 1346 3720; x_wconf 89' lang='lat' dir='ltr'><strong>et</strong></span> <span class='ocrx_word' id='word_1_260' title='bbox 1364 3679 1428 3737; x_wconf 83' lang='lat' dir='ltr'><strong>per</strong></span> <span class='ocrx_word' id='word_1_261' title='bbox 1444 3665 1557 3731; x_wconf 58' lang='lat' dir='ltr'><strong>uniti?</strong></span> 
     </span>
     <span class='ocr_line' id='line_1_31' title="bbox 340 3765 1557 3847; baseline 0.004 -22"><span class='ocrx_word' id='word_1_262' title='bbox 340 3769 510 3841; x_wconf 76' lang='lat' dir='ltr'><strong>justitiam</strong></span> <span class='ocrx_word' id='word_1_263' title='bbox 526 3772 561 3828; x_wconf 87' lang='lat' dir='ltr'><strong>in</strong></span> <span class='ocrx_word' id='word_1_264' title='bbox 576 3766 688 3829; x_wconf 81' lang='lat' dir='ltr'><strong>amnes</strong></span> <span class='ocrx_word' id='word_1_265' title='bbox 704 3771 849 3829; x_wconf 75' lang='lat' dir='ltr'><strong>tornines</strong></span> <span class='ocrx_word' id='word_1_266' title='bbox 865 3771 1180 3847; x_wconf 73' lang='lat' dir='ltr'><strong>tnjaeastoattoaem</strong></span> <span class='ocrx_word' id='word_1_267' title='bbox 1206 3773 1299 3829; x_wconf 82' lang='lat' dir='ltr'><strong>citae.</strong></span> <span class='ocrx_word' id='word_1_268' title='bbox 1339 3765 1441 3830; x_wconf 69' lang='lat' dir='ltr'><strong>Siout</strong></span> <span class='ocrx_word' id='word_1_269' title='bbox 1458 3775 1557 3840; x_wconf 65' lang='lat' dir='ltr'><strong>antae</strong></span> 
     </span>
     <span class='ocr_line' id='line_1_32' title="bbox 345 3879 1557 3957; baseline 0.003 -21"><span class='ocrx_word' id='word_1_270' title='bbox 345 3895 407 3954; x_wconf 85' lang='lat' dir='ltr'><strong>per</strong></span> <span class='ocrx_word' id='word_1_271' title='bbox 438 3879 690 3940; x_wconf 79' lang='lat' dir='ltr'><strong>inobedientiam</strong></span> <span class='ocrx_word' id='word_1_272' title='bbox 720 3884 820 3940; x_wconf 77' lang='lat' dir='ltr'><strong>antae</strong></span> <span class='ocrx_word' id='word_1_273' title='bbox 850 3883 1015 3956; x_wconf 78' lang='lat' dir='ltr'><strong>noaninis,</strong></span> <span class='ocrx_word' id='word_1_274' title='bbox 1045 3886 1286 3957; x_wconf 80' lang='lat' dir='ltr'><strong>peecatoree</strong></span> <span class='ocrx_word' id='word_1_275' title='bbox 1327 3882 1557 3943; x_wconf 72' lang='lat' dir='ltr'><strong>constituta</strong></span> 
     </span>
     <span class='ocr_line' id='line_1_33' title="bbox 349 3988 1557 4069; baseline 0.006 -24"><span class='ocrx_word' id='word_1_276' title='bbox 349 3992 447 4046; x_wconf 86' lang='lat' dir='ltr'><strong>eant</strong></span> <span class='ocrx_word' id='word_1_277' title='bbox 465 3988 597 4061; x_wconf 86' lang='lat' dir='ltr'><strong>malti,·</strong></span> <span class='ocrx_word' id='word_1_278' title='bbox 628 3993 677 4049; x_wconf 86' lang='lat' dir='ltr'><strong>ita</strong></span> <span class='ocrx_word' id='word_1_279' title='bbox 700 3997 733 4049; x_wconf 87' lang='lat' dir='ltr'><strong>et</strong></span> <span class='ocrx_word' id='word_1_280' title='bbox 752 4010 813 4069; x_wconf 86' lang='lat' dir='ltr'><strong>per</strong></span> <span class='ocrx_word' id='word_1_281' title='bbox 835 3994 935 4050; x_wconf 83' lang='lat' dir='ltr'><strong>anina</strong></span> <span class='ocrx_word' id='word_1_282' title='bbox 952 3990 1166 4049; x_wconf 84' lang='lat' dir='ltr'><strong>obeditionem</strong></span> <span class='ocrx_word' id='word_1_283' title='bbox 1187 3992 1279 4064; x_wconf 77' lang='lat' dir='ltr'><strong>jacti</strong></span> <span class='ocrx_word' id='word_1_284' title='bbox 1295 3994 1557 4052; x_wconf 26' lang='lat' dir='ltr'><strong>*comminentur</strong></span> 
     </span>
     <span class='ocr_line' id='line_1_34' title="bbox 349 4095 1555 4182; baseline 0.005 -27"><span class='ocrx_word' id='word_1_285' title='bbox 349 4097 509 4173; x_wconf 62' lang='lat' dir='ltr'><strong>malm).</strong></span> <span class='ocrx_word' id='word_1_286' title='bbox 534 4096 569 4158; x_wconf 95' lang='lat' dir='ltr'><strong>ln</strong></span> <span class='ocrx_word' id='word_1_287' title='bbox 587 4107 723 4181; x_wconf 91' lang='lat' dir='ltr'><strong>utroque</strong></span> <span class='ocrx_word' id='word_1_288' title='bbox 738 4097 891 4169; x_wconf 89' lang='lat' dir='ltr'><strong>hocloco</strong></span> <span class='ocrx_word' id='word_1_289' title='bbox 905 4097 1033 4171; x_wconf 87' lang='lat' dir='ltr'><strong>Paulus,</strong></span> <span class='ocrx_word' id='word_1_290' title='bbox 1051 4095 1151 4182; x_wconf 91' lang='lat' dir='ltr'><strong>quiin</strong></span> <span class='ocrx_word' id='word_1_291' title='bbox 1168 4095 1304 4182; x_wconf 91' lang='lat' dir='ltr'><strong>epistola</strong></span> <span class='ocrx_word' id='word_1_292' title='bbox 1320 4097 1359 4160; x_wconf 90' lang='lat' dir='ltr'><strong>ad</strong></span> <span class='ocrx_word' id='word_1_293' title='bbox 1374 4098 1555 4171; x_wconf 72' lang='lat' dir='ltr'><strong>Romanos</strong></span> 
     </span>
     <span class='ocr_line' id='line_1_35' title="bbox 350 4202 1555 4291; baseline 0.004 -26"><span class='ocrx_word' id='word_1_294' title='bbox 350 4203 581 4267; x_wconf 84' lang='lat' dir='ltr'><strong>ostendendum</strong></span> <span class='ocrx_word' id='word_1_295' title='bbox 598 4202 660 4268; x_wconf 88' lang='lat' dir='ltr'><strong>sibi</strong></span> <span class='ocrx_word' id='word_1_296' title='bbox 676 4217 899 4291; x_wconf 89' lang='lat' dir='ltr'><strong>proposuerat,</strong></span> <span class='ocrx_word' id='word_1_297' title='bbox 916 4206 1058 4269; x_wconf 85' lang='lat' dir='ltr'><strong>ludaeos</strong></span> <span class='ocrx_word' id='word_1_298' title='bbox 1076 4225 1175 4290; x_wconf 88' lang='lat' dir='ltr'><strong>aeque</strong></span> <span class='ocrx_word' id='word_1_299' title='bbox 1192 4226 1231 4270; x_wconf 88' lang='lat' dir='ltr'><strong>ac</strong></span> <span class='ocrx_word' id='word_1_300' title='bbox 1248 4205 1406 4282; x_wconf 80' lang='lat' dir='ltr'><strong>Gentiles,</strong></span> <span class='ocrx_word' id='word_1_301' title='bbox 1428 4218 1464 4270; x_wconf 89' lang='lat' dir='ltr'><strong>et</strong></span> <span class='ocrx_word' id='word_1_302' title='bbox 1484 4207 1555 4281; x_wconf 75' lang='lat' dir='ltr'><strong>laos</strong></span> 
     </span>
     <span class='ocr_line' id='line_1_36' title="bbox 348 4314 1545 4401; baseline 0.002 -24"><span class='ocrx_word' id='word_1_303' title='bbox 348 4334 447 4398; x_wconf 90' lang='lat' dir='ltr'><strong>aeque</strong></span> <span class='ocrx_word' id='word_1_304' title='bbox 459 4326 551 4399; x_wconf 90' lang='lat' dir='ltr'><strong>atque</strong></span> <span class='ocrx_word' id='word_1_305' title='bbox 567 4314 649 4388; x_wconf 89' lang='lat' dir='ltr'><strong>illos,</strong></span> <span class='ocrx_word' id='word_1_306' title='bbox 660 4315 863 4398; x_wconf 85' lang='lat' dir='ltr'><strong>quodludaei</strong></span> <span class='ocrx_word' id='word_1_307' title='bbox 880 4314 1046 4379; x_wconf 88' lang='lat' dir='ltr'><strong>admittere</strong></span> <span class='ocrx_word' id='word_1_308' title='bbox 1064 4316 1222 4389; x_wconf 90' lang='lat' dir='ltr'><strong>nolebant,</strong></span> <span class='ocrx_word' id='word_1_309' title='bbox 1239 4314 1367 4380; x_wconf 89' lang='lat' dir='ltr'><strong>nonnisi</strong></span> <span class='ocrx_word' id='word_1_310' title='bbox 1383 4336 1443 4401; x_wconf 92' lang='lat' dir='ltr'><strong>per</strong></span> <span class='ocrx_word' id='word_1_311' title='bbox 1451 4315 1545 4381; x_wconf 87' lang='lat' dir='ltr'><strong>Chri·</strong></span> 
     </span>
     <span class='ocr_line' id='line_1_37' title="bbox 348 4424 1544 4511; baseline 0.002 -23"><span class='ocrx_word' id='word_1_312' title='bbox 348 4436 434 4488; x_wconf 91' lang='lat' dir='ltr'><strong>stum</strong></span> <span class='ocrx_word' id='word_1_313' title='bbox 449 4425 489 4488; x_wconf 90' lang='lat' dir='ltr'><strong>ad</strong></span> <span class='ocrx_word' id='word_1_314' title='bbox 511 4425 645 4488; x_wconf 89' lang='lat' dir='ltr'><strong>salutem</strong></span> <span class='ocrx_word' id='word_1_315' title='bbox 669 4424 837 4508; x_wconf 90' lang='lat' dir='ltr'><strong>pervenire</strong></span> <span class='ocrx_word' id='word_1_316' title='bbox 854 4446 964 4508; x_wconf 91' lang='lat' dir='ltr'><strong>posse,</strong></span> <span class='ocrx_word' id='word_1_317' title='bbox 981 4424 1170 4489; x_wconf 85' lang='lat' dir='ltr'><strong>sententiam</strong></span> <span class='ocrx_word' id='word_1_318' title='bbox 1181 4446 1394 4511; x_wconf 86' lang='lat' dir='ltr'><strong>prosequens,</strong></span> <span class='ocrx_word' id='word_1_319' title='bbox 1411 4445 1544 4511; x_wconf 87' lang='lat' dir='ltr'><strong>compa·</strong></span> 
     </span>
     <span class='ocr_line' id='line_1_38' title="bbox 348 4531 1539 4629; baseline 0.003 -34"><span class='ocrx_word' id='word_1_320' title='bbox 348 4533 505 4597; x_wconf 89' lang='lat' dir='ltr'><strong>rationem</strong></span> <span class='ocrx_word' id='word_1_321' title='bbox 521 4533 608 4629; x_wconf 84' lang='lat' dir='ltr'><strong>inter‘</strong></span> <span class='ocrx_word' id='word_1_322' title='bbox 633 4531 794 4598; x_wconf 87' lang='lat' dir='ltr'><strong>Christum</strong></span> <span class='ocrx_word' id='word_1_323' title='bbox 817 4545 910 4618; x_wconf 89' lang='lat' dir='ltr'><strong>atque</strong></span> <span class='ocrx_word' id='word_1_324' title='bbox 926 4533 1080 4597; x_wconf 82' lang='lat' dir='ltr'><strong>Adamunr</strong></span> <span class='ocrx_word' id='word_1_325' title='bbox 1103 4533 1253 4609; x_wconf 88' lang='lat' dir='ltr'><strong>instituit,</strong></span> <span class='ocrx_word' id='word_1_326' title='bbox 1279 4534 1411 4610; x_wconf 88' lang='lat' dir='ltr'><strong>doeens,</strong></span> <span class='ocrx_word' id='word_1_327' title='bbox 1436 4552 1539 4622; x_wconf 80' lang='lat' dir='ltr'><strong>genus</strong></span> 
     </span>
    </p>
   </div>
   <div class='ocr_carea' id='block_1_3' title="bbox 350 4742 1536 4925">
    <p class='ocr_par' dir='ltr' id='par_1_3' title="bbox 350 4742 1536 4925">
     <span class='ocr_line' id='line_1_39' title="bbox 350 4742 1536 4925; baseline 0.002 -90"><span class='ocrx_word' id='word_1_328' title='bbox 350 4859 390 4925; x_wconf 64' lang='grc'><strong>18</strong></span> <span class='ocrx_word' id='word_1_329' title='bbox 440 4776 483 4925; x_wconf 65' lang='lat'>1¹9)</span> <span class='ocrx_word' id='word_1_330' title='bbox 499 4775 567 4836; x_wconf 84' lang='lat' dir='ltr'><strong>vv.</strong></span> <span class='ocrx_word' id='word_1_331' title='bbox 584 4834 586 4839; x_wconf 85' lang='grc'>,</span> <span class='ocrx_word' id='word_1_332' title='bbox 602 4768 643 4834; x_wconf 87' lang='lat'><strong>15</strong></span> <span class='ocrx_word' id='word_1_333' title='bbox 665 4780 695 4833; x_wconf 73' lang='lat' dir='ltr'><strong>a</strong></span> <span class='ocrx_word' id='word_1_334' title='bbox 714 4769 764 4833; x_wconf 79' lang='lat' dir='ltr'><strong>ne.</strong></span> <span class='ocrx_word' id='word_1_335' title='bbox 799 4807 841 4819; x_wconf 83' lang='grc'>-</span> <span class='ocrx_word' id='word_1_336' title='bbox 874 4773 900 4853; x_wconf 77' lang='lat'><strong>2)</strong></span> <span class='ocrx_word' id='word_1_337' title='bbox 916 4770 1013 4854; x_wconf 67' lang='lat' dir='ltr'><strong>apoc.</strong></span> <span class='ocrx_word' id='word_1_338' title='bbox 1037 4771 1091 4846; x_wconf 80' lang='lat'><strong>21,</strong></span> <span class='ocrx_word' id='word_1_339' title='bbox 1108 4771 1160 4836; x_wconf 76' lang='lat'><strong>27.</strong></span> <span class='ocrx_word' id='word_1_340' title='bbox 1194 4810 1235 4819; x_wconf 90' lang='lat'><em>-</em></span> <span class='ocrx_word' id='word_1_341' title='bbox 1270 4776 1298 4852; x_wconf 73' lang='grc'><strong>3)</strong></span> <span class='ocrx_word' id='word_1_342' title='bbox 1319 4775 1408 4836; x_wconf 75' lang='lat' dir='ltr'><strong>eom.</strong></span> <span class='ocrx_word' id='word_1_343' title='bbox 1431 4771 1466 4848; x_wconf 80' lang='lat' dir='ltr'><strong>e,</strong></span> <span class='ocrx_word' id='word_1_344' title='bbox 1488 4742 1536 4841; x_wconf 78' lang='lat'><strong>12&#39;.</strong></span> 
     </span>
    </p>
   </div>
   <div class='ocr_carea' id='block_1_4' title="bbox 0 0 1892 5625">
    <p class='ocr_par' dir='ltr' id='par_1_4' title="bbox 0 0 1892 5625">
     <span class='ocr_line' id='line_1_40' title="bbox 0 0 1892 5625; baseline 0 2"><span class='ocrx_word' id='word_1_345' title='bbox 0 0 1892 5625; x_wconf 95' lang='lat' dir='ltr'><strong> </strong></span> 
     </span>
    </p>
   </div>
  </div>
 </body>
</html>
