3775 5625
341 423 408 500 ott

344 620 430 661 suam
455 597 579 678 operari
602 596 739 677 possint,
763 616 823 659 uon
848 593 1007 678 denegari.
1041 594 1137 673 Quam
1162 595 1346 658 senteutiam
1365 601 1398 658 et
1415 617 1468 658 nos
1484 597 1526 659 ad·

345 721 495 789 optamus.
519 711 561 769 Ut
576 720 679 769 autern
695 711 842 770 adcurate
858 711 1076 786 procedamus,
1093 708 1191 785 primo
1208 710 1397 768 sententiam
1415 710 1527 788 dogma·

344 823 406 882 tioe
424 830 552 889 tertam,
569 820 692 881 seilicet
702 820 799 893 justis
817 838 950 895 semper,
966 827 1098 896 urgente
1114 827 1292 894 praecepto,
1311 819 1449 896 gratiam
1464 836 1527 877 vore

244 983 246 988 .
346 931 566 1001 sufficientem,
591 948 668 1006 quae
685 948 792 1006 nempe
809 948 913 987 veram
931 947 968 989 ao
986 930 1168 1005 completam
1184 929 1283 986 relate
1302 929 1338 986 ad
1357 938 1528 1004 praesentes

349 1041 482 1115 subjecti
506 1039 757 1101 circumstantias
782 1058 838 1097 seu
855 1040 891 1097 ad
907 1047 1103 1115 praesentem
1128 1037 1299 1113 oppositam
1318 1037 1528 1113 oonoupisoeu·

346 1152 419 1210 tiam
434 1151 512 1209 bene
529 1150 674 1226 operandi
691 1142 871 1208 facultatem
888 1142 1024 1218 tribuat,
1042 1158 1073 1206 et
1089 1149 1196 1207 deiude
1214 1150 1356 1217 alteram,
1375 1165 1452 1223 quae
1468 1147 1528 1205 libo·

347 1280 382 1319 ra
398 1270 462 1329 est,
479 1260 614 1338 gratiam
630 1259 775 1319 videlieet
790 1260 873 1317 illam
891 1259 1031 1318 omuibus
1049 1258 1139 1317 etiam
1157 1257 1285 1335 reliquis
1302 1257 1479 1315 hominibus
1494 1258 1528 1315 in·

341 1370 437 1445 Justis
455 1388 491 1429 ao
507 1369 678 1427 infidelibus
696 1368 839 1434 concedi,
856 1368 1108 1426 monstrabimus·

455 1476 478 1539 l.
504 1473 606 1538 iustis
622 1474 743 1559 itaque,
767 1474 892 1558 quarido
909 1485 1006 1559 urget
1020 1485 1241 1557 praeceptum,
1258 1492 1277 1535 a
1293 1472 1365 1535 Deo
1383 1491 1461 1534 vere
1476 1470 1529 1534 sul·

347 1582 507 1648 lioientem
523 1582 661 1670 gratiam
678 1581 833 1656 conferri,
1099 1596 1104 1602 '

455 1696 494 1756 A.
518 1691 655 1756 definitis
671 1691 779 1756 verbis
796 1692 925 1755 uadunt
941 1694 1001 1755 SS.
1018 1690 1201 1755 Litterae.
1227 1691 1262 1753 ld
1286 1691 1384 1755 docet
1407 1693 1531 1755 Eccle-

349 1801 562 1867 siasticus:
603 1804 644 1865 Si
667 1808 812 1865 uolueris
833 1808 986 1864 mundato
1006 1821 1162 1881 seroo1·e,·
1177 1808 1421 1865 conservabunt
1436 1814 1476 1864 te.
1499 1838 1531 1848 -

348 1915 508 1992 Apposuit
522 1916 581 1974 tibi
596 1932 714 1990 apuam
731 1923 765 1975 et
776 1917 900 1990 ipsam:
916 1915 958 1971 ool
974 1918 1060 1990 quod
1075 1916 1231 1992 volueris,
1254 1917 1394 1990 porripe
1417 1923 1532 1974 monum

350 2033 448 2087 tuom
474 2023 558 2083 Arete
582 2024 741 2083 bominem
764 2026 832 2083 vito
847 2032 993 2102 oculoru,
1020 2026 1136 2082 bouum
1152 2027 1336 2083 et‘molum:
1364 2029 1452 2100 quod
1470 2013 1531 2100 pio-

283 2118 288 2129 ’
350 2136 457 2193 ruerit
478 2135 526 2211 ei,
553 2135 682 2193 dubitur
703 2131 755 2191 ilii
767 2134 804 2208 ¹).
835 2131 940 2192 Porro
966 2127 1166 2193 Christus:
1191 2128 1316 2208 Jupum
1340 2136 1429 2193 enim
1445 2150 1532 2192 meum

350 2260 451 2302 suove
466 2250 526 2320 eat,
544 2251 577 2302 et
592 2259 675 2301 onus
690 2258 793 2301 utrum
810 2243 926 2317 teoe‘).
951 2240 1054 2323 Atque
1071 2238 1262 2301 loannes:
1289 2239 1380 2300 Haeo
1397 2252 1447 2302 eat
1463 2245 1532 2301 euim

351 2352 495 2411 ebaritas
510 2349 586 2429 Dei,
605 2359 643 2410 ut
655 2349 807 2410 mandatu
822 2352 892 2426 ejus
908 2353 1145 2410 custodiamus:
1163 2358 1197 2409 et
1209 2353 1362 2409 mundata
1377 2352 1451 2426 ojus
1463 2369 1532 2427 pro·

351 2463 405 2519 viu
420 2477 486 2518 nou
502 2468 579 2519 auoit
589 2456 625 2534 ³).
656 2455 784 2518 Etenim
808 2455 836 2519 si
861 2457 899 2518 ad
920 2456 1006 2541 quud
1025 2455 1237 2530 voluerimus,
1254 2456 1322 2519 sive
1339 2457 1463 2519 bouum
1479 2457 1533 2521 siue

351 2566 482 2639 malum,
502 2585 630 2628 manum
650 2564 822 2651 porrigere
842 2585 1032 2649 possumus,
1048 2564 1076 2632 si
1092 2566 1241 2629 mandata
1262 2565 1369 2629 diviua
1391 2566 1534 2629 suaviaet

323 2741 326 2748 ,
352 2673 432 2737 lenia
449 2685 538 2748 suut,
555 2675 668 2737 saltem
683 2673 829 2738 fidelibus
846 2696 884 2738 ao
894 2674 1007 2759 justis:
1030 2673 1151 2737 eisdem
1167 2674 1272 2761 gratia
1288 2676 1478 2740 necessaria
1493 2678 1533 2739 do·

354 2802 428 2846 esse
452 2781 574 2868 nequit,
599 2804 694 2868 quum
718 2783 778 2849 hac
801 2782 894 2848 uobis
918 2804 982 2846 nou
1008 2782 1180 2866 opitulante
1202 2782 1253 2848 illa
1269 2786 1452 2849 uon‘modo
1468 2784 1536 2850 leuia

354 2913 417 2955 nou
435 2905 560 2968 esseut,
576 2895 634 2958 sed
649 2914 785 2977 prorsus
801 2893 1011 2977 impossibilia
1022 2894 1117 2976 juxta
1130 2892 1223 2977 ipsos
1240 2894 1458 2959 adversarios.
1482 2896 1536 2960 Neo

354 3023 418 3065 non
442 3004 597 3078 Paulus,
622 3003 674 3087 qui
700 3002 757 3066 aits
785 3004 851 3079 Qut
874 3025 908 3065 se
931 3009 1103 3067 existimat
1125 3015 1226 3085 sture,
1245 3010 1367 3087 oitieut7
1387 3026 1431 3066 ne
1447 3014 1536 3069 caoot.

358 3115 504 3174 Tentotio
521 3133 579 3174 ooo
594 3133 661 3175 non
676 3116 899 3191 apprehendat
921 3105 1080 3192 (εἴληφεν),
1105 3118 1171 3174 uisi
1186 3117 1347 3176 humanu:
1363 3117 1472 3190 fidelis
1487 3136 1537 3176 uu·

355 3234 417 3285 tem
431 3223 522 3283 Deus
541 3233 600 3303 eat,
627 3227 684 3300 qui
704 3242 771 3282 nou
790 3227 936 3299 patietur
956 3243 1014 3283 ooo
1036 3228 1155 3284 tentori
1171 3243 1272 3302 supra
1288 3230 1335 3305 io)
1355 3235 1447 3302 quod
1458 3237 1538 3304 pote·

355 3337 426 3413 otia,
445 3339 503 3393 aad
512 3335 618 3406 faciet
631 3336 726 3394 etiam
743 3350 815 3392 oum
831 3337 1007 3393 tentatione
1019 3343 1224 3412 proventum,
1243 3343 1281 3394 ut
1292 3340 1435 3411 possitis
1451 3339 1539 3397 susti·

354 3439 480 3518 norff).
513 3440 633 3518 Quibus
655 3439 765 3503 verbis
789 3438 910 3503 diserte
941 3440 1136 3514 declaratur,
1160 3438 1285 3503 fidelem
1308 3463 1474 3528 nunquam
1488 3462 1540 3506 uou

355 3549 582 3613 tentationibus
599 3570 698 3633 posse
715 3548 886 3622 resistere,
903 3561 935 3612 et
950 3548 1039 3623 ideo,
1061 3548 1209 3633 quoniam
1224 3549 1256 3612 id
1273 3549 1345 3613 siue
1362 3553 1471 3638 gratia
1485 3549 1540 3616 lieri

356 3656 478 3740 nequit,
499 3658 581 3721 banc
604 3658 633 3721 ei
656 3664 783 3743 semper
816 3659 940 3721 adesse.
973 3657 1043 3721 Nisi
1067 3658 1151 3721 entim
1171 3658 1282 3722 fideles
1299 3659 1429 3726 viribus
1446 3682 1541 3747 parem

356 3764 524 3828 tentationi
547 3770 759 3850 superandae,
777 3780 831 3831 arnt
847 3768 960 3831 saltem
976 3766 1176 3851 impetrando
1193 3767 1338 3831 uberiori
1355 3770 1419 3834 Dei
1436 3769 1540 3836 auxiio

357 3873 494 3961 gratiam
510 3875 677 3952 habereut,
701 3877 908 3941 tentationem
925 3876 1086 3940 sustinere
1104 3878 1185 3940 haud
1201 3891 1348 3961 possent.
1373 3883 1481 3966 Atque
1495 3880 1540 3943 ite·

358 4006 443 4048 rum:
471 3986 537 4061 Qui
568 3989 699 4067 (Deua)
730 3992 991 4061 confirmabit
1015 4007 1083 4048 ooo
1107 4009 1226 4066 usque
1250 3993 1288 4048 in
1311 3993 1443 4061 finem
1475 3996 1545 4052 siae

358 4101 536 4168 erimine,
566 4095 797 4180 suppeditando
820 4095 943 4158 scilicet
964 4095 1057 4159 vobis
1080 4095 1264 4159 necessaria
1286 4097 1426 4173 auxilia,
1444 4099 1543 4184 quibus

359 4223 454 4266 omne
473 4217 638 4287 peecatum
661 4205 781 4268 evitare
803 4216 836 4268 et
849 4203 881 4266 iu
900 4217 1032 4287 accepta
1043 4203 1168 4287 justitia
1189 4205 1338 4288 usquein
1357 4205 1459 4270 linem
1474 4207 1545 4270 ritae

358 4333 567 4397 perseverare
584 4314 728 4398 possitis,
745 4321 780 4376 iu
796 4321 847 4375 die
864 4322 1021 4376 aduentus
1036 4316 1169 4376 Domini
1184 4321 1289 4377 nostri
1306 4318 1394 4379 Jesu
1421 4319 1545 4380 Christi.

358 4425 486 4485 Fidelis
509 4426 612 4506 Deus,
638 4446 698 4504 per
722 4445 815 4502 quem
838 4429 946 4486 ooooti
962 4429 1039 4487 estis
1055 4429 1089 4486 iu
1106 4429 1288 4488 societatem
1302 4428 1366 4500 filii
1384 4432 1459 4506 ejus
1475 4430 1547 4490 Jesu

363 4523 489 4596 cirtica·
505 4536 638 4596 Domini
652 4539 759 4598 nostri
775 4534 811 4613 ⁵).

364 4683 626 4700 Q

465 4775 492 4854 ¹)
510 4771 602 4833 Eooli.
622 4769 673 4855 15,
692 4770 834 4838 16-18.
852 4807 894 4818 -
914 4772 937 4848 ²)
954 4771 1063 4835 Matth.
1083 4770 1133 4844 11,
1152 4770 1204 4834 30.
1223 4810 1264 4818 —-
1283 4775 1310 4855 ³)
1333 4772 1361 4837 1.
1380 4775 1477 4838 Joan.
1487 4772 1514 4850 5,
1524 4772 1548 4838 3.

362 4893 406 4914 -···
422 4859 449 4938 ⁴)
468 4863 497 4928 1.
515 4864 586 4928 (ior.
605 4863 658 4941 10,
677 4862 817 4929 12-13.
837 4895 878 4912 -
898 4864 922 4948 ⁵)
941 4863 970 4928 1.
987 4864 1058 4928 (ior.
1078 4863 1107 4942 1,
1125 4861 1222 4928 8-9·.
1240 4864 1288 4928 Of.
1307 4867 1362 4931 Ps.
1381 4865 1506 4947 33,16.
