3775 5625
360 399 428 470 aot

361 568 477 643 eliciat,
492 568 550 633 sed
566 563 746 632 necessitas
761 563 905 651 quamvis
920 563 1036 650 placita
1051 575 1258 649 extorqueat,
1283 562 1417 650 proprie
1434 566 1549 632 donnini

359 700 423 743 non
440 699 561 744 sumus
599 679 634 742 ln
660 687 835 759 systemate
856 673 1116 739 adversariorum
1132 694 1213 761 ergo
1231 685 1298 738 tota
1313 673 1510 742 moralitatis
1522 689 1549 744 tl

360 787 527 877 religionis
543 786 626 852 ratio
642 784 833 859 destruitur,
854 805 927 848 cum
948 784 1037 849 notio
1058 783 1135 847 boni
1150 796 1184 848 et
1198 783 1273 848 mali
1290 806 1364 851 cum
1380 784 1486 852 libera
1499 809 1549 852 vo·

359 901 478 964 luntatc
497 910 562 964 stet
583 909 615 961 et
631 897 743 967 cadat;
776 907 830 958 ant
845 914 941 968 vcro,
958 894 987 959 si
1002 895 1100 959 homo
1116 893 1312 960 necessitate
1327 896 1467 962 adactus
1481 918 1549 983 peu·

360 1030 435 1076 care
450 1006 636 1081 adstruitur,
652 1006 741 1070 Deus
757 1016 870 1074 auctor
886 1003 1011 1089 peccati
1027 1003 1188 1069 statuitur.

464 1143 491 1183 ο.
506 1118 610 1181 Porro
625 1115 709 1180 idem
727 1126 863 1179 testatur
879 1135 1005 1199 quoque
1022 1113 1214 1179 universalis
1231 1114 1374 1179 omnium
1388 1114 1550 1188 hominum

358 1230 389 1294 in
407 1228 553 1293 libertate
569 1223 693 1291 arbitrii
708 1224 813 1290 nostri
829 1224 1038 1311 agnoscenda
1053 1223 1238 1289 consensio.
1278 1225 1380 1304 Quam
1396 1227 1469 1311 jam
1488 1228 1550 1312 pul-

357 1340 435 1432 clue
451 1337 601 1422 exposuit
617 1335 879 1423 Augustinus,
896 1336 970 1398 dum
986 1333 1046 1399 ait:
1061 1338 1182 1398 Nonne
1196 1342 1264 1398 iata
1280 1335 1461 1416 (nemiuem
1474 1336 1550 1416 vitu·

359 1446 525 1534 peratione
542 1444 742 1533 suppliciove
758 1443 901 1531 dignum,
917 1443 970 1529 qui
992 1482 1037 1492 -
1058 1465 1123 1508 non
1139 1444 1246 1519 faciat,
1261 1446 1348 1531 quod
1363 1445 1475 1512 iacere
1490 1467 1550 1512 nou

356 1565 492 1645 μοιραί.)
505 1565 644 1620 cantant
657 1565 691 1618 et
704 1563 737 1618 itt
754 1558 919 1617 monulus
930 1565 1101 1637 posterea,
1119 1564 1152 1618 el
1165 1562 1201 1618 a‘n
1217 1561 1359 1619 thesim
1369 1565 1506 1638 poetae,
1521 1565 1550 1622 sl

356 1673 479 1731 indocta·
495 1675 528 1729 in
545 1668 692 1747 circulis,
710 1675 744 1728 et
758 1668 845 1727 docti
860 1673 895 1727 in
912 1668 1132 1745 bibliothecis,
1150 1675 1185 1728 et
1196 1673 1348 1745 saepiam·
1362 1674 1399 1730 in
1414 1669 1547 1747 amba,

356 1788 390 1842 at
415 1781 590 1840 Atalialitea
610 1783 645 1839 in
667 1782 816 1837 sacratis
840 1777 940 1853 loeis,
959 1784 994 1837 et
1006 1782 1039 1837 itt
1066 1778 1147 1837 orbe
1167 1784 1337 1838 tenuram
1361 1799 1471 1854 pertua
1488 1784 1549 1842 ba·

357 1911 488 1952 menuae
498 1888 552 1966 ¹)?

462 1999 492 2061 d.
522 1996 558 2058 ld
579 1994 684 2079 ipsum
709 1993 931 2058 demonstrant
952 1993 1061 2080 leges,
1086 1993 1230 2079 praemia
1249 2015 1289 2058 uc
1309 2015 1457 2079 poenae,
1473 2017 1551 2082 quae

357 2126 494 2192 prorsus
510 2102 638 2167 inutiles
653 2123 692 2168 ac
708 2121 968 2188 supervacaneae
983 2101 1106 2178 forent,
1131 2103 1194 2168 uisi
1210 2104 1340 2169 adesset
1354 2125 1435 2170 vera
1448 2105 1482 2169 in
1496 2106 1551 2170 ho·

357 2216 441 2282 nuine
457 2214 607 2279 libertas:
624 2225 655 2277 et
673 2224 778 2276 tamen
795 2211 895 2286 bisce,
911 2213 1034 2276 Solone
1050 2224 1145 2288 teste,
1161 2226 1195 2279 ut
1211 2212 1254 2279 ait
1271 2213 1432 2291 Cicero,
1449 2214 1551 2280 omnis

356 2328 493 2390 bumana
506 2322 690 2408 respublica
705 2321 896 2386 continetur.
921 2321 1066 2386 Tandem

464 2458 491 2498 e.
506 2432 570 2518 ipsi
584 2431 742 2497 libertatis
757 2430 1014 2518 impugnatores,
1029 2430 1082 2517 qui
1098 2431 1161 2496 etsi
1177 2454 1236 2496 ore
1252 2445 1284 2497 et
1305 2433 1442 2520 scriptis
1458 2434 1548 2500 liber

356 2558 453 2611 tatem
474 2542 672 2616 inficiantur,
692 2541 737 2604 ita
752 2561 790 2605 se
805 2552 939 2627 gerunt,
963 2561 1004 2605 ac
1019 2539 1065 2615 si,
1079 2542 1174 2626 plena
1189 2563 1228 2606 se
1244 2554 1276 2606 et
1292 2543 1377 2608 alios
1393 2544 1441 2607 uti
1456 2544 1551 2609 liber·

357 2670 432 2724 tate.
446 2655 528 2743 ipsis
543 2674 735 2739 persuasum
755 2664 858 2717 esset:
875 2671 949 2715 uam
964 2651 1039 2737 quid
1055 2652 1118 2716 sibi
1134 2652 1317 2717 iaciendum
1331 2666 1388 2718 aut
1405 2654 1552 2719 omittet·

355 2770 430 2833 dum
445 2785 586 2851 semper,
602 2777 633 2829 et
651 2784 714 2828 non
733 2783 808 2828 raro
824 2762 878 2827 diu
894 2783 934 2851 ac
950 2763 1082 2827 multum
1104 2763 1298 2858 deliberant,
1315 2765 1355 2829 de
1371 2764 1469 2830 iactis
1485 2763 1552 2832 sui

356 2898 454 2962 saepe
470 2876 588 2941 dolent.
603 2887 697 2960 atque
714 2872 850 2938 consilia
865 2872 1005 2957 capiunt,
1020 2894 1121 2957 porro
1136 2894 1234 2948 suos,
1248 2895 1404 2949 uxorem,
1419 2877 1552 2960 prolem:

356 2984 565 3052 dermestieos.
580 2996 614 3047 ut
631 2984 832 3047 honestatem
848 2983 966 3055 colant,
981 2982 1160 3055 hortantur,
1170 2982 1283 3069 eisque
1297 2984 1512 3072 praecipiunt,
1521 3006 1552 3051 ε

353 3097 427 3184 quid
443 3093 631 3180 deliquerint
645 3142 655 3159 .
681 3113 740 3156 eos
756 3091 899 3176 puniunt.
915 3090 1050 3175 injurias
1065 3090 1279 3156 inserentibus
1293 3092 1499 3171 irascuntur,
1517 3114 1552 3159 ε

353 3206 504 3271 ultionem
535 3216 664 3289 parant.
694 3201 817 3286 aliaque
834 3200 994 3285 ejusmodi
1009 3213 1189 3285 praestent,
1210 3223 1291 3288 quae
1313 3224 1389 3268 cum
1404 3203 1553 3290 ipsoruz

352 3316 500 3381 doctrina
516 3312 665 3399 componi
682 3312 768 3375 nullo
784 3311 881 3374 modo
898 3323 1046 3394 possunt.

456 3425 530 3490 Non
551 3434 658 3508 potest
681 3420 788 3506 itaque
811 3419 903 3484 facile
919 3419 1037 3504 aliquid
1051 3441 1128 3485 esse
1144 3420 1266 3485 certius
1288 3435 1385 3509 atque
1402 3426 1553 3511 explora

351 3536 429 3601 tius.
453 3552 547 3620 quam
568 3530 637 3595 dari
659 3530 755 3594 etiam
773 3528 807 3592 in
828 3541 914 3593 statu
936 3541 1069 3594 naturae
1090 3531 1201 3615 lapsae
1216 3531 1355 3596 liberum
1371 3534 1553 3599 arbitrium

350 3658 444 3731 atque
467 3642 542 3706 illud
559 3662 616 3727 per
632 3641 769 3725 primunr
785 3641 873 3704 Adae
894 3652 1063 3725 peecatum
1085 3641 1169 3705 baud
1189 3662 1265 3706 esse
1281 3643 1482 3709 exstinctum
1495 3661 1553 3710 ut·

352 3752 479 3839 penitus
497 3751 655 3815 sublatum
666 3751 703 3814 ²t.

455 3865 585 3924 adnot.
616 3863 662 3921 Ad
689 3880 736 3923 ea.
759 3880 836 3938 quae
853 3871 964 3921 eontra
979 3862 1152 3922 doctrinan
1172 3864 1368 3925 catholicam
1385 3868 1424 3926 ab
1440 3869 1554 3927 adven

350 3976 443 4036 sariis
465 3972 690 4051 antiquioribus
707 3990 744 4031 ae
760 3971 990 4031 recentioribus
1006 3971 1204 4046 ubjieiuntur,
1220 3992 1259 4034 ae
1274 3976 1304 4033 si
1319 3976 1445 4038 seilicet
1461 3969 1554 4036 boni

349 4086 405 4148 tati
436 4105 473 4145 ae
499 4082 641 4159 justitiae
669 4091 881 4160 repugnaret,
913 4081 1065 4140 hominen
1089 4092 1152 4142 tam
1168 4085 1275 4143 multis
1292 4088 1386 4146 malis
1402 4096 1554 4147 πονιτ(

346 4388 479 4451 mult»,
501 4390 687 4459 cameratio,
700 4398 891 4467 pamphi-tta
907 4398 934 4449 et
944 4392 1089 4466 punitio.
1110 4393 1181 4452 laus
1198 4401 1227 4453 et
1241 4394 1441 4474 vituperem,
1461 4398 1554 4458 ciro«

347 4500 423 4557 quate
439 4481 565 4541 serratis
575 4482 774 4559 praetemptat
790 4482 939 4542 certeseia
957 4483 996 4543 T.
1016 4481 1068 4543 15.
1084 4504 1115 4563 p.
1134 4482 1209 4547 131.
1230 4484 1296 4548 133
1312 4509 1339 4548 a.

460 4570 485 4637 'l
514 4574 559 4631 lle
579 4576 696 4634 duabus
717 4574 812 4637 usin.
828 4594 853 4635 e.
874 4578 921 4635 ll.
939 4595 968 4635 a.
987 4577 1036 4635 15.
1068 4572 1150 4655 Opp.
1167 4578 1208 4636 Τ.
1224 4575 1258 4639 8.
1275 4598 1302 4641 c,
1319 4576 1374 4643 86.
1391 4615 1435 4626 -
1450 4583 1476 4653 ’)
1490 4567 1555 4635 Cf·

350 4660 565 4724 llellarmiu.
604 4666 654 4725 De
672 4672 752 4742 prot,
775 4672 803 4725 et
824 4666 876 4725 lib.
897 4667 963 4725 urb.
978 4666 999 4725 l.
1016 4668 1046 4725 5.
1062 4685 1088 4725 e.
1106 4670 1125 4725 t
1140 4687 1183 4728 sa.
1214 4668 1345 4748 Disput.
1361 4675 1398 4731 de
1412 4676 1553 4731 σπίνω·

349 4752 423 4813 (Ἂν.
438 4752 496 4831 ,tiel
518 4752 566 4816 ed.
591 4754 682 4835 Ρη.
707 4753 803 4819 1121.
826 4757 864 4818 Τ.
880 4754 911 4817 4.
928 4778 961 4836 p.
976 4752 1044 4818 326
1059 4778 1101 4815 ss.
1119 4794 1161 4805 -
1177 4760 1372 4828 Tournelt
1396 4762 1442 4825 De
1458 4764 1543 4822 Dav·

347 4842 485 4925 δηθὰ
503 4846 594 4910 (butu
612 4849 697 4911 band
714 4848 782 4909 cot.
798 4848 931 4929 Agripp.
948 4847 989 4909 Τ.
1007 4847 1037 4908 1.
1051 4868 1085 4929 p.
