3775 5625
1514 386 1557 472 51

363 556 596 617 Melchisedcco
621 556 741 615 obviam
763 556 839 625 iret,
865 556 972 614 luisse.
1014 559 1060 613 llx
1085 564 1214 632 utroque
1240 556 1309 615 loco
1331 555 1433 632 itaque
1451 555 1561 614 saltem

363 666 526 744 probabile
550 666 651 733 reddi,
674 684 732 724 non
755 675 871 724 tantum
890 684 1019 742 corpus,
1036 666 1091 724 sed
1109 675 1139 724 et
1155 665 1288 728 animum
1311 665 1460 750 generari
1476 684 1494 725 a
1509 684 1562 744 pa·

364 776 516 836 rentibus.

472 904 502 965 d.
519 904 669 963 Homines
692 922 731 961 ex
753 905 820 961 Deo
838 903 982 973 renasci,
1004 902 1087 964 sicut
1111 922 1150 961 ex
1170 904 1350 979 parentibus
1373 912 1563 974 nascuntur3

366 1025 502 1075 attamen
519 1022 728 1073 renascuntur
745 1012 844 1072 animo
863 1031 901 1071 ex
917 1014 997 1081 Deo,
1015 1031 1093 1090 ergo
1111 1013 1202 1071 etiam
1221 1013 1321 1071 animo
1338 1021 1509 1073 nascuntur
1526 1030 1565 1070 ex

365 1124 561 1203 parentibus.

473 1273 500 1312 e.
525 1250 688 1326 Quodlibet
714 1269 769 1310 ens
796 1251 979 1329 organicum
1007 1269 1061 1309 ens
1078 1249 1138 1309 sibi
1155 1249 1314 1310 consimile
1332 1270 1504 1329 generare,
1530 1271 1564 1311 se

366 1363 468 1439 ipsum
486 1353 641 1430 οὐσιωδῶς
657 1360 843 1436 exprimere,
860 1360 880 1419 i.
899 1378 925 1418 e.
944 1360 1005 1419 tale
1023 1359 1173 1428 animans,
1199 1360 1286 1436 quale
1303 1360 1401 1436 ipsum
1420 1372 1478 1444 est,
1496 1381 1565 1439 pro·

366 1490 501 1548 creare3
518 1470 589 1529 binc
606 1470 697 1529 etiam
714 1469 867 1528 bominem
884 1479 1043 1529 auctorem
1060 1469 1191 1527 hominis
1208 1468 1268 1528 sibi
1284 1470 1405 1542 similis,
1423 1491 1500 1551 ergo
1511 1491 1567 1550 per

367 1582 504 1640 animum
520 1580 655 1639 viventis
672 1597 754 1642 esse.
783 1582 832 1638 lix
857 1578 1078 1639 creationismo
1095 1588 1241 1655 parentes
1263 1598 1322 1638 non
1340 1591 1447 1641 essent
1462 1591 1567 1643 aucto·

365 1710 421 1750 res
437 1689 585 1759 bominis,
603 1690 658 1747 sed
675 1698 793 1748 tantum
811 1688 970 1765 corporis,
988 1706 1111 1746 massae
1128 1688 1254 1758 brutae,
1276 1690 1341 1749 vita
1357 1700 1388 1749 et
1404 1708 1499 1749 sensu
1517 1711 1567 1752 ca·

364 1801 492 1870 rantis,
515 1818 606 1878 quum
628 1800 797 1859 secundum
813 1799 986 1859 doctrinam
1003 1798 1167 1857 Ecclesiae
1186 1798 1364 1859 Catholicae
1382 1801 1501 1859 animus
1518 1820 1567 1860 ra·

365 1911 496 1972 tionalis
507 1910 544 1969 ab
556 1910 657 1968 anima
672 1909 759 1968 vitali
775 1909 855 1968 haud
873 1909 1012 1977 differat;
1031 1917 1062 1967 et
1077 1909 1158 1966 ratio
1174 1908 1343 1968 liberorum
1362 1928 1441 1989 erga
1457 1928 1567 1987 paren·

360 2031 428 2091 tes,
448 2030 480 2079 et
496 2027 657 2097 parentum
676 2038 756 2097 erga
773 2019 889 2078 liberos
908 2037 1022 2078 revera
1038 2019 1139 2077 lucum
1157 2035 1216 2075 non
1233 2018 1398 2078 obtineret.

483 2148 513 2207 d.
531 2150 664 2206 'l'antnm
682 2165 728 2227 eo,
746 2147 823 2223 quod
842 2146 942 2205 anima
961 2164 1029 2205 cum
1047 2163 1179 2221 corpore
1196 2163 1255 2204 una
1272 2157 1460 2224 generetur,
1478 2165 1570 2224 posse

361 2257 526 2333 explicari
542 2275 578 2316 ac
595 2256 728 2334 intelligi
745 2258 918 2315 naturalem
949 2256 1072 2314 illorum
1095 2273 1232 2313 amorem
1250 2265 1401 2326 mutuum,
1420 2266 1451 2316 et
1468 2267 1570 2316 trans·

358 2367 520 2426 lationem
537 2366 630 2425 animi
646 2366 869 2443 proprietatnm
888 2366 924 2425 ab
942 2365 1004 2424 illis
1022 2366 1058 2424 ad
1075 2364 1142 2423 hos.

482 2514 509 2554 e.
527 2493 626 2569 Quum
649 2503 810 2571 peceatum
835 2493 1009 2572 originale,
1036 2494 1115 2570 quod
1133 2493 1232 2552 animo
1249 2493 1394 2562 insideat,
1411 2513 1450 2552 cx
1466 2494 1571 2553 defini·
1607 2555 1616 2571 κ

352 2608 455 2666 tione
479 2604 610 2665 Consilii
632 2604 814 2663 Tridentini
835 2604 1077 2682 propagatione,
1100 2602 1119 2662 i.
1145 2622 1172 2665 e,
1193 2603 1397 2681 generatione
1415 2604 1445 2661 in
1464 2605 1573 2663 Adami

345 2725 518 2794 posteros
535 2714 783 2773 transfundatur:
800 2713 982 2773 necessario
999 2713 1097 2789 sequi,
1115 2712 1247 2771 animum
1265 2731 1383 2790 quoque
1401 2732 1419 2773 a
1435 2714 1571 2790 parenti·

342 2825 425 2886 ltus
452 2825 659 2904 generatione
683 2825 837 2903 originem
862 2823 1004 2894 trahere3
1031 2842 1123 2883 secus
1147 2823 1227 2882 enim
1258 2834 1421 2900 peccatum
1439 2844 1571 2903 genera·

342 2938 457 2996 tione
476 2934 668 3012 transfusum
684 2934 836 3004 omnibns,
853 2933 1017 3010 unicuique
1034 2933 1191 3009 proprium
1210 2951 1269 2992 non
1295 2934 1475 3004 exsisteret,
1494 2936 1572 3012 quod

329 3044 536 3106 luanil'este
562 3043 753 3103 haereticum
771 3041 823 3106 sit.
866 3043 935 3102 Hoc
953 3051 1170 3120 argumentum
1188 3061 1285 3119 neque
1303 3063 1435 3120 unquam
1452 3044 1573 3104 revinci

326 3169 475 3233 posse,
495 3172 592 3230 neque
610 3153 775 3222 debilitari,
792 3155 828 3212 L.
845 3154 881 3211 B.
899 3153 1018 3211 Berle
1030 3151 1121 3228 psch
1139 3153 1328 3212 confidenter
1346 3154 1491 3213 affirmat.
1524 3158 1572 3213 ldx

326 3263 600 3327 creatianorum
613 3263 763 3342 doctrina,
780 3262 979 3339 prosequitur
996 3263 1107 3332 Klee,
1119 3263 1214 3322 statui
1231 3264 1332 3332 debet,
1349 3282 1483 3322 massam
1502 3282 1570 3323 cor·

326 3375 454 3450 poris
466 3372 663 3431 inanimatam
676 3380 804 3449 peceato
816 3373 999 3432 maculatam
1012 3390 1094 3442 esse,
1107 3391 1201 3449 porro
1212 3391 1250 3430 ex
1266 3367 1398 3447 corpore
1408 3382 1571 3449 peccatum

326 3481 388 3545 in
402 3482 544 3543 animam
556 3482 702 3551 transire,
719 3492 750 3540 et
765 3482 811 3541 sic
824 3501 862 3540 ex
878 3500 1029 3558 corporeo
1042 3482 1203 3558 spirituale
1215 3483 1358 3550 evadere,
1376 3492 1467 3558 atque
1480 3500 1571 3559 quum
1661 3466 1667 3480 ⁸

326 3593 516 3655 transitio
538 3592 592 3651 illa
615 3611 671 3668 per
703 3592 951 3667 conjunctionem
974 3591 1066 3649 animi
1084 3611 1152 3652 cum
1170 3610 1323 3668 corpore,
1351 3590 1438 3666 cujus
1461 3601 1571 3652 auctor

326 3701 456 3763 Deus
479 3710 657 3771 statuatur,
684 3702 752 3771 liat,
774 3719 834 3759 non
851 3720 943 3778 posse
961 3701 1112 3777 perspici,
1131 3702 1280 3778 quomodo
1298 3719 1334 3760 eo
1351 3703 1438 3759 Deus
1461 3710 1571 3761 auctor

326 3813 493 3887 pcccati
509 3811 589 3871 haud
614 3822 766 3888 ponatur,
784 3821 815 3870 et
831 3812 980 3888 quomodo
999 3811 1195 3870 conservatio
1213 3830 1249 3872 ac
1267 3811 1399 3870 historia
1416 3811 1570 3870 bominum

326 3929 525 3998 tamquam
551 3932 700 3998 perpetua
722 3921 893 3980 animarum
914 3922 944 3981 in
971 3931 1132 3998 peccatum
1155 3921 1370 3999 praecipitatio
1393 3940 1449 3998 per
1470 3923 1569 3981 Deum

326 4049 427 4090 mon
442 4042 617 4108 reputetur.
1243 4009 1244 4012 Ἴ

476 4161 564 4237 filix
580 4158 800 4219 creationismo
818 4159 995 4218 lncarnatio
1013 4178 1072 4218 non
1090 4168 1176 4218 esset
1192 4159 1340 4218 assumtio
1358 4158 1500 4230 bominis,
1515 4161 1570 4218 sed

326 4275 488 4327 tantum
507 4268 623 4339 carnis,
641 4288 732 4346 quum
751 4268 882 4328 animam
898 4270 1037 4328 Verbum
1056 4269 1191 4329 creando
1209 4269 1382 4329 adtulisset.

476 4417 506 4473 y.
530 4399 630 4456 Deum
664 4398 800 4474 quotidie
833 4398 950 4457 animas
984 4416 1095 4458 creare
1129 4417 1146 4456 a
1177 4397 1444 4474 verisimilitudine
1470 4397 1570 4456 videri

326 4503 463 4564 etiam
480 4517 647 4585 propterea
665 4507 845 4578 abhorrere,
864 4509 943 4586 quod
960 4511 1113 4584 Moyses
1131 4516 1249 4576 narret,
1260 4508 1360 4566 Deum
1377 4516 1448 4584 post
1464 4525 1568 4566 rernm

326 4613 608 4676 universitatem
626 4627 764 4678 creatam
781 4618 911 4694 septimo
929 4619 977 4678 die
999 4618 1093 4696 quieti
1110 4637 1144 4676 se
1162 4600 1300 4687 dedisse,
1318 4618 1338 4681 i.
1356 4637 1383 4682 e.
1401 4637 1418 4676 a
1434 4616 1568 4678 creando

334 4722 541 4786 destitisse.

477 4839 620 4896 Attamen
646 4827 832 4916 argumenta
849 4838 926 4898 haec
945 4839 1123 4899 adcuratius
1141 4856 1276 4914 expensa
1292 4847 1408 4898 tantam
1433 4838 1495 4897 vim
1513 4838 1567 4896 mi·

1278 4943 1350 5012 „p
