3775 5625
406 407 553 459 scamus,
578 383 692 470 quibus
715 380 831 467 partim
854 381 893 446 ad
909 380 1060 445 unionem
1076 401 1149 445 cum
1165 381 1250 455 Deo,
1272 401 1352 467 quae
1369 400 1429 466 per
1440 380 1594 465 justifica·

405 494 524 561 tionem
535 492 708 579 perficitur,
724 511 963 577 praeparamur,
981 487 1095 572 partim
1111 488 1144 553 in
1161 501 1294 574 accepta
1305 489 1433 575 justitia
1449 511 1600 576 persone·

404 625 513 669 ramus
530 624 569 667 ac
585 600 777 673 crescimus3
795 612 888 684 atque
906 600 1032 663 tandem
1050 598 1181 682 corpori
1198 611 1311 662 nostro
1328 598 1610 665 imnortatiunrn

405 712 556 778 amissam
580 711 730 783 reddere,
755 722 787 773 et
810 708 902 772 nobis
919 719 1041 772 sortem
1057 705 1167 771 virtuti
1187 720 1319 772 nostrae
1336 709 1524 797 condignam
1536 730 1619 782 as·

405 822 545 909 signare.
585 818 700 884 Paucis
729 830 763 881 ut
794 816 950 881 redemtio
983 838 1020 880 ac
1052 818 1138 881 salus
1169 829 1280 881 riostra
1306 839 1365 902 per
1399 820 1636 883 salvatorem

405 944 549 995 nostrum
572 927 755 1013 perficiatur
780 948 818 990 ac
839 937 1096 1001 consummetur,
1129 948 1299 991 necessum
1316 938 1383 1001 est,
1400 940 1435 991 ut
1450 927 1515 1012 ipse
1529 940 1643 991 tam

403 1039 583 1105 Ecclesiam
607 1058 698 1101 suam
724 1048 833 1123 regat,
858 1058 952 1122 quam
969 1035 1116 1122 singulos
1138 1035 1284 1100 homines
1301 1037 1341 1101 ad
1358 1038 1493 1101 salutem
1506 1058 1576 1101 suar
1587 1052 1647 1095 ιι

405 1148 532 1236 dirigat,
564 1169 620 1211 seo
654 1158 688 1209 nt
720 1157 831 1208 noster
863 1146 943 1208 Rex
975 1144 1120 1209 exsistat.
1166 1146 1369 1230 Quapropter
1400 1158 1489 1210 recte
1518 1146 1655 1210 haec

404 1256 546 1324 muneris
570 1254 780 1320 redemtionis
797 1266 929 1318 nostrae
953 1276 1027 1339 pars
1045 1276 1182 1318 munus
1200 1254 1352 1319 Christi
1374 1253 1526 1342 regium
1540 1253 1649 1319 atl-

404 1369 548 1454 pellatur.

511 1474 658 1540 Christus
674 1473 832 1537 Dominus
850 1486 971 1548 noster,
989 1472 1041 1558 qui
1058 1495 1171 1537 munus
1192 1471 1389 1538 Messiannm
1405 1472 1565 1562 adgrediar
1576 1495 1607 1536 ι
1619 1494 1649 1537 s

399 1587 466 1673 jam
484 1606 519 1649 se
536 1582 672 1668 publice,
691 1594 841 1666 superata
858 1582 975 1647 diaboli
993 1583 1178 1658 tentatione,
1194 1604 1305 1647 verum
1314 1584 1482 1658 Adamum,
1497 1596 1572 1648 vete
1582 1581 1646 1646 ri

404 1692 598 1779 oppositum,
615 1712 653 1755 ac
671 1703 765 1775 capnt
783 1703 928 1755 nostrum
945 1692 1113 1778 proprium
1131 1703 1377 1768 monstraverat,
1394 1713 1476 1780 ergo
1492 1691 1639 1757 Ponti·

404 1804 467 1876 sex,
484 1802 645 1885 Propheta
661 1812 694 1864 et
709 1800 779 1862 Rex
795 1799 970 1875 exsistens,
987 1800 1083 1864 trium
1101 1822 1313 1885 personarum
1329 1805 1368 1866 A.
1386 1802 1424 1865 Τ.
1442 1814 1551 1887 partes
1580 1812 1640 1865 et

404 1909 512 1978 officia
536 1909 694 1994 suscepit;
728 1930 822 1994 qnum
846 1909 992 1973 nimirum
1014 1909 1084 1995 ipse
1109 1923 1212 1984 esset,
1235 1910 1288 1995 qui
1311 1931 1371 1994 per
1393 1891 1645 1983 Sacerdotes,

403 2022 582 2105 Prophetas
604 2030 635 2081 et
659 2020 767 2104 Reges
779 2020 848 2102 jain
866 2029 1011 2103 tempore
1036 2019 1135 2106 Legis
1151 2019 1298 2084 homines
1315 2020 1509 2086 adsalutem
1528 2017 1630 2084 diri-

404 2141 506 2219 geret.
533 2127 687 2207 Quoniam
713 2141 817 2191 antem
844 2129 1055 2203 Sacerdotes,
1077 2130 1256 2214 Prophetae
1272 2149 1311 2193 ac
1330 2130 1457 2217 Reges,
1491 2141 1630 2214 utpote

405 2236 545 2324 quisuis
568 2236 785 2300 functionibus
812 2238 1012 2321 majestatem
1036 2237 1096 2301 llci
1119 2238 1293 2312 referrent,
1325 2238 1513 2303 muneribus
1535 2236 1632 2303 suis

404 2347 555 2434 ungendo
588 2346 811 2420 initiabantur,
835 2358 867 2410 et
883 2346 955 2409 ideo
975 2346 1060 2410 truncti
1081 2346 1209 2410 Domini
1231 2347 1488 2432 adpellahantur,
1505 2350 1632 2413 lesus

405 2458 552 2521 Salvator
569 2468 695 2528 noster,
719 2454 825 2519 omnia
841 2456 893 2519 illa
909 2454 1016 2519 munia
1038 2456 1168 2531 obiens,
1189 2443 1317 2577 UltljtTJ,
1327 2450 1625 2535 xptordaunctua,

403 2627 468 2691 κατ’
491 2627 593 2711 ἐξοχὴν
610 2633 713 2697 dictus
731 2636 830 2714 est1),
863 2634 901 2695 ad
918 2655 1085 2697 munerum
1102 2634 1216 2697 horum
1233 2633 1431 2699 inunctionem
1453 2656 1518 2699 non
1535 2632 1634 2721 qui-

405 2746 475 2808 dem
493 2743 625 2829 alicujus
642 2742 786 2807 mortalis
804 2764 912 2827 opera,
930 2744 987 2807 sed
1005 2743 1157 2807 coelestis
1180 2744 1286 2808 Patris
1301 2743 1436 2821 virtute,
1454 2767 1519 2811 non
1538 2757 1633 2809 ter·

405 2876 495 2929 reno,
513 2855 570 2919 sed
587 2853 743 2938 spirituali
760 2867 924 2941 nrrguento
941 2854 1161 2942 inauguratus
1485 2917 1489 2927 .

516 2963 594 3028 Cnm
623 2965 691 3048 jam
716 2985 758 3027 ex
781 2962 831 3026 his
857 2985 937 3049 opus
965 2964 1172 3030 redemtionis
1195 2978 1327 3030 nostrae
1356 2987 1415 3051 per
1441 2965 1629 3031 Christum

404 3073 467 3138 illis
489 3073 591 3138 tribus
623 3075 692 3157 ejus
734 3073 918 3137 muneribus
956 3076 1155 3139 absolvatur:
1189 3075 1391 3164 intelligitur,
1414 3097 1513 3162 qnare
1550 3075 1626 3136 do·

406 3183 539 3247 ctrinam
557 3184 595 3246 de
611 3181 811 3246 redemtione
828 3182 931 3247 tribus
949 3183 1090 3248 articulis
1108 3186 1435 3268 comprehendamns3
1468 3204 1623 3272 quarum

514 3294 543 3354 1.
561 3290 628 3378 agit
644 3291 683 3354 de
700 3313 854 3356 munere
874 3292 1031 3357 Christi
1048 3281 1309 3367 sacerdotali;

512 3399 599 3463 aaa
617 3420 772 3464 munere
790 3400 938 3466 Christi
956 3396 1205 3487 prophetico;
1223 3417 1317 3489 atque

516 3508 546 3570 3.
565 3508 603 3571 de
622 3530 780 3574 munere
799 3511 956 3576 Christi
972 3513 1096 3600 regio.

514 3766 539 3845 1)
557 3765 602 3828 or.
619 3768 670 3828 rs.
687 3767 718 3842 a,
736 3766 766 3830 a.
784 3768 862 3831 oin.
880 3766 910 3842 9,
927 3766 1070 3834 24-27.
