3775 5625
388 411 434 475 to

389 588 524 662 propter
540 577 615 637 dum
637 596 758 658 eorpus
773 587 962 637 concretum
978 597 1038 638 seu
1059 576 1223 639 materiale
1243 577 1351 641 mis
1365 577 1586 641 contentionis

389 685 565 772 spiritualis
588 685 726 769 iuoapax
748 698 815 758 est,
846 685 953 749 anima
977 686 1116 770 simplex
1130 708 1169 750 ac
1185 687 1363 771 spiritualis
1381 688 1426 752 sit
1441 708 1582 752 neeesse

388 809 451 862 εει
481 801 585 881 Atque
601 796 675 859 lrioc

497 930 526 968 c.
542 905 646 969 anima
671 926 797 990 quoque
817 906 867 969 sui
899 905 1028 968 minime
1050 918 1212 991 tamquam
1237 906 1323 970 entis
1346 906 1523 991 conpositi
1549 929 1588 973 ac

389 1016 535 1082 ooncreti
549 1015 611 1080 sibi
628 1016 762 1079 conseia
777 1028 838 1088 est,
855 1016 940 1100 quod
957 1028 1064 1079 tamen
1079 1017 1272 1080 necessario
1283 1016 1430 1081 obtinere
1440 1018 1588 1091 deberet,

387 1127 419 1194 si
433 1147 594 1211 corporea
614 1138 723 1196 essen
744 1127 804 1188 sed
829 1126 938 1209 potius
953 1138 1057 1189 semet
1073 1148 1134 1190 eeu
1150 1148 1171 1190 a
1185 1148 1326 1211 corpore
1348 1127 1530 1201 «liveram,
1554 1139 1588 1190 et

387 1236 462 1300 ltine
487 1248 648 1321 tamquam
673 1234 853 1319 simplicem
869 1256 911 1298 ex
927 1236 1147 1300 conscientiae
1164 1257 1225 1299 seu
1238 1236 1342 1300 intimi
1357 1256 1478 1301 seusus
1493 1236 1587 1301 testi-

387 1346 497 1410 monio
513 1344 586 1409 scit

496 1455 585 1519 [nde
610 1453 716 1517 anima
739 1453 906 1517 rationalis
927 1454 960 1516 in
980 1455 1075 1518 nobis
1097 1476 1201 1540 neque
1223 1477 1279 1519 res
1294 1456 1449 1540 qondam
1466 1476 1587 1540 eorpo-

386 1586 455 1639 rea,
476 1586 578 1650 neque
603 1564 699 1628 etiam
722 1586 819 1627 unum
844 1565 992 1649 idemque
1018 1586 1092 1628 eum
1108 1586 1268 1649 corpore,
1288 1566 1348 1629 sed
1368 1564 1590 1629 substantiae

387 1696 529 1760 corpore
545 1675 684 1749 diversa,
700 1674 875 1758 spiritualis
891 1695 930 1738 ae
946 1673 1085 1759 simplex
1100 1687 1161 1738 εει.

665 1914 692 1994 ξ.
709 1910 741 1975 8.
757 1907 953 1979 ,tui-ae
970 1907 1310 1979 inmortalitas.

495 2092 611 2158 Anima
641 2092 780 2157 hominis
807 2113 932 2177 quoque
952 2113 1030 2157 rere
1052 2092 1290 2159 immortalis
1316 2106 1384 2168 est,
1419 2115 1482 2159 seu
1504 2094 1591 2159 vita

387 2205 536 2269 fruitur
551 2216 724 2267 aeterna

493 2318 705 2377 Adversarius
735 2317 767 2374 is
793 2317 853 2376 luae
875 2316 1018 2376 doctriua
1044 2317 1193 2375 habemus
1222 2318 1348 2375 eosdem
1367 2317 1589 2376 Hateriali·

389 2437 470 2487 stas
496 2436 589 2503 atque
613 2426 874 2485 Pantheistas.
913 2427 991 2484 Nam
1007 2427 1060 2501 qui
1075 2426 1206 2484 animam
1228 2426 1360 2484 hominis
1376 2427 1588 2495 materialem,

388 2546 444 2597 ast
458 2538 569 2595 saltem
591 2554 611 2594 a
635 2554 768 2610 corpore
788 2535 901 2594 natura
917 2554 973 2593 seu
989 2536 1164 2594 substantia
1180 2536 1336 2594 diversa·
1351 2555 1412 2594 nou
1428 2555 1504 2595 esse
1522 2548 1588 2596 sta·

388 2657 493 2716 mant,
519 2646 715 2704 interituram
739 2663 811 2702 esse
828 2663 948 2722 quoque
965 2646 1169 2715 eonteuduut3
1186 2646 1327 2721 quamvis
1341 2646 1425 2704 iuter
1440 2646 1589 2723 antiquas

388 2767 570 2838 geutesnou
586 2756 677 2832 pauci
686 2754 876 2824 exstiterint,
893 2755 999 2832 quide
1016 2754 1189 2815 animarum
1205 2756 1408 2815 humanarum
1423 2756 1589 2817 immorta-

387 2868 475 2927 litate
497 2866 642 2943 persuasi
661 2865 804 2935 fuerunt,
825 2865 902 2924 lieet
917 2865 1097 2923 materiales
1113 2865 1238 2923 easdem
1255 2883 1327 2924 esse
1348 2865 1590 2943 erediderint¹).

496 2971 771 3036 immortalitatem
785 2970 926 3035 andurae:

498 3079 851 3166 A.plurimadocentS.
863 3080 1118 3164 scripturae
1135 3079 1330 3154 testimonia,
1346 3084 1457 3146 turnA.
1470 3083 1592 3148 tumN.

387 3191 597 3265 Testamenti,
608 3191 682 3255 licet
693 3191 937 3254 eoncedendum
952 3190 1005 3264 sit,
1017 3192 1160 3255 ludaeos
1172 3190 1321 3274 primitus
1332 3203 1456 3255 tautum
1476 3193 1590 3257 edum·

388 3304 512 3367 lrratam
526 3315 558 3366 et
569 3323 726 3376 maneam,
742 3324 807 3365 non
825 3313 931 3365 tamen
949 3302 989 3365 de
1005 3299 1078 3385 ipsa
1094 3300 1219 3364 animae
1234 3300 1486 3376 immortalitate,
1503 3324 1590 3388 quoe

385 3411 427 3477 iis
449 3433 579 3496 semper
600 3411 733 3497 cognita
754 3410 828 3484 luit,
849 3411 907 3474 sed
931 3411 970 3473 de
996 3408 1182 3473 conditione
1204 3409 1364 3495 imprimis
1390 3411 1476 3475 bona
1501 3413 1593 3496 ejus·

387 3523 459 3585 dem
477 3534 551 3605 post
566 3534 704 3585 mortem
722 3520 871 3604 corporis
888 3519 1037 3584 notitiam
1052 3519 1216 3594 habuisse,
1231 3540 1312 3606 quae
1328 3519 1540 3604 pedetentim,
1558 3534 1594 3587 ut

388 3631 577 3697 successiva
594 3630 787 3694 oeconomia
803 3629 909 3694 diuina
925 3629 1059 3704 serebat,
1076 3629 1244 3693 veritatem
1269 3650 1371 3714 usque
1388 3630 1495 3717 magis
1512 3652 1594 3696 enu-

387 3741 513 3814 cleans,
551 3738 670 3803 clarior
692 3739 790 3813 lacta,
821 3737 1008 3803 notissimis
1027 3741 1155 3803 demum
1170 3741 1208 3802 ι’.
1226 3740 1265 3802 Τ.
1295 3738 1511 3824 temporibus,
1547 3754 1596 3807 at·

389 3871 449 3937 qne
472 3849 666 3935 praesertim
687 3849 720 3912 in
743 3849 782 3913 N.
807 3850 845 3913 T.
869 3871 1008 3934 prorsus
1039 3862 1197 3915 maturata
1228 3869 1268 3913 ac
1296 3849 1443 3933 perfecte
1475 3851 1596 3918 evasit.

390 3961 483 4038 Quod
494 3961 564 4044 jam

499 4089 528 4151 l.
545 4087 585 4151 ad
601 4090 640 4151 A.
658 4087 696 4150 Τ.
713 4085 839 4150 attinet:
856 4099 1005 4172 spectant
1020 4087 1082 4150 huc

496 4239 526 4278 a.
549 4214 733 4280 locutiones
767 4215 853 4290 illae,
885 4215 1001 4301 quibus
1029 4214 1095 4279 rita
1115 4214 1284 4279 terrestris
1306 4227 1468 4300 tamquam
1488 4227 1601 4283 status

389 4324 554 4390 transiens
570 4327 750 4399 denotatur,
767 4338 860 4411 atque
885 4347 925 4389 eo
949 4325 1040 4409 ipso,
1056 4346 1132 4389 esse
1150 4337 1271 4389 statum
1286 4324 1423 4410 aliquem
1440 4325 1601 4403 flaturum,

389 4435 442 4520 qui
463 4446 600 4508 mannent,
616 4432 783 4499 indicatur.
807 4433 997 4498 Nominatur
1029 4433 1115 4498 enirn
1130 4432 1196 4497 vito
1211 4432 1381 4498 terrestris
1393 4443 1602 4515 pereprtoa·

501 4749 525 4827 ¹)
544 4748 589 4810 of.
613 4748 752 4823 Wiest,
783 4746 1149 4826 Instit.tdeol.1ngolst.
1179 4743 1277 4813 1788.
1308 4746 1348 4806 Τ.
1368 4741 1449 4827 4.p.
1469 4743 1542 4811 693
1561 4770 1605 4817 ss.

388 4843 492 4923 stlte,
508 4839 803 4924 Dogmtngctdidte.
821 4837 851 4903 1.
869 4837 913 4904 dl.
930 4859 962 4921 p.
979 4835 1056 4904 284.
1456 4886 1459 4891 .
