3775 5625
1413 421 1486 505 lib

290 596 465 668 voluntatis
482 597 703 676 conservatio,
727 602 785 665 sed
801 601 931 686 insuper
948 601 1128 688 requiratur
1144 598 1288 687 ejusdcm
1304 603 1483 687 praemotio

289 713 436 799 physica,
452 711 496 775 ita
512 710 587 775 nihil
604 710 857 795 supernaturalis
874 711 955 774 boni
978 710 1062 775 ellici
1085 732 1185 796 posse
1201 713 1321 798 absque
1337 712 1391 776 illo
1408 732 1481 799 gra·

291 823 353 886 tiae
387 821 514 894 auxilio,
547 822 631 906 quod
662 820 823 883 hominem
844 820 976 903 physice
1000 821 1039 883 ad
1070 833 1176 885 actum
1196 834 1403 905 praemoverat
1424 842 1483 887 seu

289 930 568 1017 praedeterminet.
584 932 637 994 Ex
646 951 708 1015 quo
726 931 929 1004 concludunt,
945 929 1069 1016 gratiae
1086 928 1261 994 efficaciam
1278 929 1310 993 in
1323 953 1481 1012 praem-

289 1050 377 1104 b'ene
392 1061 452 1105 seu
463 1044 820 1122 praedeterminattone
832 1046 971 1121 physica
988 1040 1176 1105 consistere.
1193 1040 1361 1105 Rationem
1377 1053 1482 1105 autem

289 1151 384 1235 hujus
404 1150 436 1213 in
463 1171 615 1234 supremo
647 1149 707 1213 Dei
729 1148 886 1223 dominio,
907 1171 965 1214 seu
982 1151 1127 1214 absoluta
1141 1172 1248 1215 rerum
1267 1163 1483 1215 creataruma

288 1261 358 1324 Deo
392 1259 602 1344 dependentia
633 1259 694 1323 sibi
726 1258 977 1343 deprehendisse
1009 1260 1164 1324 videntur.
1203 1260 1349 1334 Etenim,
1382 1262 1480 1345 ajunt,
1570 1271 1582 1287 ‘

287 1368 377 1433 Deus
408 1382 568 1454 tamquam
600 1389 770 1453 supremus
793 1391 902 1433 rerum
924 1382 1104 1434 creatarum
1124 1370 1283 1434 Dominus
1305 1391 1365 1434 seu
1381 1390 1481 1436 causa

287 1476 391 1562 prima
422 1478 454 1541 in
486 1499 600 1542 omnes
630 1477 756 1542 illarum
784 1478 928 1543 actiones
948 1479 1082 1542 influere
1106 1479 1215 1551 debet;
1249 1500 1344 1565 quum
1367 1492 1481 1544 natura

287 1599 456 1651 creaturae
487 1588 570 1650 haud
601 1586 702 1661 ferat,
723 1600 758 1650 ut
774 1608 831 1672 per
847 1608 882 1651 se
900 1599 1035 1651 actuosa
1057 1586 1114 1660 sit,
1147 1609 1207 1652 nec
1224 1608 1341 1652 causac
1358 1588 1481 1673 primae

287 1695 429 1761 conditio
461 1717 499 1761 ac
531 1696 670 1784 dignitas
696 1697 794 1771 sinat,
811 1710 846 1761 ut
862 1696 1160 1761 determinationem
1176 1718 1194 1761 a
1211 1718 1309 1762 causa
1325 1701 1480 1775 secunda,-

286 1806 425 1871 Creator
457 1825 475 1869 a
508 1818 656 1870 creatura
677 1802 859 1890 exspectem
882 1818 915 1869 et
938 1806 1011 1869 ideo
1028 1827 1153 1891 quoque
1170 1808 1317 1871 voluntas
1333 1820 1480 1874 nostrae

285 1916 357 1980 Deo
373 1914 478 2000 primo
501 1929 628 1981 motore
645 1918 684 1980 ad
701 1937 776 1980 suas
793 1915 937 1980 actiones
955 1937 1067 1980 omues
1083 1928 1265 1990 moveatur,
1288 1937 1329 1981 na
1345 1916 1479 2001 pensilis

285 2038 415 2089 maneat
438 2045 476 2089 ac
496 2025 701 2100 indifferens,
733 2046 868 2090 neeesse
891 2038 950 2091 est.
976 2026 1160 2090 Themistae
1178 2025 1281 2112 itaque
1298 2025 1370 2111 ipso
1387 2026 1478 2092 titulo

285 2139 518 2217 &mennae
534 2135 657 2223 gratiae
674 2136 899 2200 necessitatem
916 2136 1103 2208 defendunt3
1121 2147 1153 2199 et
1168 2135 1241 2200 hinc
1257 2136 1395 2223 gratiam
1410 2135 1477 2201 effi·

286 2265 399 2310 cacem
421 2267 486 2309 non
506 2258 628 2309 tantum
648 2244 681 2308 in
697 2257 783 2309 statu
798 2256 931 2308 naturae
947 2245 1070 2328 lapsae,
1095 2245 1153 2309 sed
1170 2256 1202 2309 et
1217 2266 1315 2309 sanae
1332 2266 1370 2309 ac
1385 2244 1476 2310 inno·

285 2354 390 2419 centis
407 2355 625 2420 necessariam
642 2375 715 2419 esse
732 2354 942 2439 praecipiunt.
967 2356 1070 2418 Porro
1088 2366 1239 2429 statuunt,
1255 2356 1392 2443 gratiam
1409 2354 1476 2419 effi·

286 2485 398 2529 eaccm
429 2487 503 2530 esse
521 2490 564 2530 ec
580 2489 629 2546 se,
648 2486 713 2528 non
729 2464 802 2550 qnia
818 2486 879 2528 nos
899 2466 1063 2539 volumus,
1094 2467 1152 2529 sed
1173 2487 1233 2529 nos
1257 2464 1364 2549 potius
1385 2467 1477 2541 velle,

285 2574 358 2658 quia
374 2575 479 2661 gratia
494 2575 611 2639 efficax
637 2588 696 2639 est.
736 2574 931 2639 Libertatem
948 2587 1053 2638 autem
1070 2596 1141 2639 cum
1158 2574 1262 2662 gratia
1277 2576 1338 2640 hac
1354 2575 1478 2639 efficaci

282 2682 394 2746 virini
410 2684 463 2747 tali
480 2683 604 2747 ratione
622 2705 818 2768 componere
835 2685 973 2748 student.
989 2686 1070 2748 Prae
1089 2684 1250 2759 omnibus,
1267 2696 1362 2768 prout
1378 2683 1477 2748 etalii

284 2792 456 2881 Theologi‚
473 2793 505 2857 in
522 2793 636 2880 quovis
653 2815 752 2878 opere
778 2795 863 2858 bono
880 2816 937 2858 seu
956 2793 1087 2858 salutari
1106 2792 1264 2878 duplicem
1280 2806 1395 2869 actum,
1411 2794 1476 2880 pri·

283 2924 370 2966 mum
402 2924 461 2966 seu
492 2903 734 2988 imperfectum,
766 2916 858 2989 atque
884 2905 1060 2968 secundum
1078 2923 1136 2967 seu
1152 2902 1347 2987 perfectum,
1364 2903 1473 2967 distin·

284 3025 397 3100 guunt.
421 3013 544 3077 Deinde
561 3024 713 3087 statuunt,
730 3014 832 3076 Deum
848 3014 1045 3076 voluntatem
1061 3011 1208 3087 hominis,
1225 3013 1277 3098 qui
1293 3014 1375 3077 bene
1391 3025 1476 3100 agat,

283 3122 497 3209 pergratiam
514 3122 706 3186 excitantem
723 3122 855 3206 physice
872 3142 1097 3205 praemovere,
1128 3134 1163 3184 ut
1184 3120 1237 3185 illa
1260 3122 1379 3186 bonum
1394 3143 1475 3205 opus

283 3242 376 3296 certo
394 3244 426 3295 et
440 3230 643 3308 infallibiliter
658 3230 797 3315 incipiat,
814 3231 889 3294 illud
906 3230 1078 3305 desideret,
1094 3243 1171 3306 etc,
1193 3251 1251 3294 seu
1267 3243 1372 3295 actum
1388 3231 1475 3295 illum

282 3339 423 3424 primum
444 3339 598 3425 perficiat.
638 3342 840 3424 Quapropter
862 3340 967 3428 gratia
993 3339 1139 3404 excitans
1165 3341 1268 3425 quoad
1289 3351 1394 3404 actum
1410 3340 1474 3424 pri·

281 3471 371 3512 mum
388 3472 445 3514 scu
461 3450 584 3514 initium
600 3450 675 3515 boni
692 3449 801 3535 operis
817 3472 946 3534 semper
970 3449 1088 3514 efficax
1108 3462 1167 3514 est.
1207 3453 1353 3514 Attamen
1370 3450 1476 3536 gratia

234 3649 235 3652 Ἴ
281 3560 364 3623 haec
378 3559 536 3644 incipiens
559 3581 616 3624 seu
640 3560 800 3635 excitans,
823 3581 902 3645 quae
925 3562 1120 3625 voluntatem
1137 3561 1177 3623 ad
1193 3561 1313 3623 bonum
1330 3582 1411 3644 opus
1427 3560 1473 3623 in·

283 3669 464 3733 choandum
495 3682 680 3754 praemovet
710 3670 857 3755 physice,
890 3670 984 3734 simul
1014 3670 1045 3733 in
1078 3672 1272 3734 voluntatem
1311 3669 1473 3734 moraliter

281 3779 362 3867 agit,
393 3800 464 3844 eam
496 3779 619 3843 scilicet
641 3777 807 3843 alliciendo
830 3800 869 3842 ac
893 3778 1071 3854 invitando,
1103 3792 1139 3843 ut
1159 3800 1241 3863 opus
1258 3781 1396 3844 salutare
1414 3801 1473 3844 seu

281 3902 389 3953 actum
421 3891 596 3954 secundum
628 3889 773 3953 absolvat
780 3914 789 3964 ;
821 3901 914 3974 atquc
939 3888 968 3952 si
989 3891 1136 3953 voluntas
1152 3889 1265 3953 huicce
1282 3888 1473 3953 allactationi

280 4019 341 4062 seu
372 3998 515 4063 suasioni
537 4020 601 4061 non
627 3998 764 4072 resistit,
786 3999 874 4062 Deus
891 4020 1006 4062 novam
1023 3999 1159 4086 gratiam
1175 3998 1308 4082 physice
1325 4019 1470 4082 praemo-

278 4120 409 4172 ventem
430 4107 551 4172 homini
568 4109 706 4182 confert,
738 4120 771 4171 et
793 4128 850 4192 per
866 4110 1062 4172 voluntatem
1078 4110 1148 4192 ejus
1166 4129 1249 4190 opus
1265 4108 1384 4171 bonum
1400 4129 1471 4193 per·

278 4217 360 4293 licit,
383 4240 445 4303 quo
467 4239 552 4282 novo
569 4217 691 4305 gratiae
715 4217 916 4282 incremento
933 4219 1039 4305 gratia
1059 4218 1162 4302 prima
1178 4218 1282 4302 quoad
1299 4230 1404 4282 actum
1421 4238 1470 4282 se·

280 4329 420 4394 cundum
436 4349 561 4415 quoque
577 4328 693 4393 efficax
708 4328 860 4392 redditur.
879 4328 914 4391 Si
929 4348 1007 4392 vero
1029 4328 1073 4391 illi
1094 4325 1299 4390 delectationi
1322 4327 1472 4392 allicienti

277 4438 427 4502 voluntas
448 4437 583 4502 resistit:
616 4438 721 4526 gratia
743 4440 838 4512 haec,
860 4439 944 4502 nulla
960 4436 1065 4524 gratia
1080 4436 1204 4501 seilicet
1219 4457 1302 4500 nova
1337 4437 1472 4521 physice

277 4561 509 4636 praemonente
540 4549 660 4623 addita,
683 4551 787 4634 quoad
808 4561 913 4614 actum
935 4549 1110 4612 secundum
1133 4567 1191 4610 seu
1206 4547 1385 4632 perfectum
1402 4545 1471 4610 siue

278 4654 398 4722 effectu
421 4679 479 4722 seu
501 4658 664 4723 sufficiens
681 4672 797 4727 manet.
827 4661 1008 4724 Secundum
1031 4657 1216 4722 'l'homistas
1237 4657 1342 4742 itaque
1365 4656 1471 4745 gratia

277 4766 455 4832 sufficiens·
467 4790 505 4832 ea
536 4781 600 4844 est,
633 4769 759 4855 quicum
781 4782 889 4855 potest
909 4771 1020 4844 homo,
1043 4768 1215 4853 etquidem
1232 4789 1296 4830 non
1314 4768 1470 4842 absolute,

275 4878 339 4947 sed
354 4877 452 4942 relate
469 4879 508 4942 ad
525 4879 706 4965 oppositam
721 4880 835 4944 malam
852 4877 1047 4964 cupidinem,
1064 4889 1187 4942 remote
1204 4875 1367 4953 videlicet,
1387 4878 1470 4944 benc
