3775 5625
1397 434 1462 501 tut

271 604 386 689 quibus
404 604 565 669 ordinaria
580 602 703 692 gratioe
720 602 835 667 auxilia
851 623 1009 687 uunquam
1027 604 1155 674 desunt,
1172 600 1300 685 saepius
1318 621 1462 685 peccare.

269 717 360 777 Nou
384 728 445 777 est
465 721 549 777 euim
569 719 698 794 homo,
721 711 764 775 ait
786 723 899 799 auctor
920 711 984 775 lili.
1003 712 1161 796 Regum,
1185 717 1253 791 qui
1276 732 1352 773 uon
1372 733 1463 790 pec·

269 825 376 900 cet¹).
401 827 524 887 Auctor
540 820 859 887 Proverbiorum:
885 821 1048 900 Septies
1070 826 1154 883 enim
1178 829 1294 883 cedet
1306 825 1464 900 justus,

273 945 301 997 et
325 945 492 1011 resurqet:
518 938 609 1011 impii
632 944 739 995 eutem
761 942 919 993 corruent
940 936 975 992 iu
998 937 1132 1007 molum,
1158 929 1177 992 i.
1194 951 1221 993 e.
1239 928 1313 993 lieet
1336 929 1465 1014 saepius

274 1040 395 1104 labatur
411 1042 533 1124 justus,
556 1040 587 1103 in
612 1041 694 1104 malo
718 1051 823 1103 tamen
846 1060 909 1101 non
926 1037 1085 1122 persistit,
1103 1039 1160 1102 sed
1176 1037 1283 1102 stetim
1300 1039 1463 1123 poeniten-

276 1145 315 1213 tia
339 1150 497 1237 resurgit3
523 1150 595 1215 meli
627 1162 732 1214 autem
754 1149 802 1212 sic
825 1149 1048 1232 prolabuntur,
1071 1160 1104 1211 ut
1120 1169 1184 1211 uon
1200 1161 1391 1236 resurgant,
1408 1151 1466 1213 sed

275 1277 315 1320 se
333 1259 468 1323 suismet
491 1259 592 1324 ruinis
625 1258 780 1343 sepeliant
793 1264 831 1335 ²).
863 1256 1157 1321 Ecclesiastes:
1182 1260 1271 1321 Nou
1293 1271 1353 1321 est
1381 1264 1468 1321 euim

275 1370 388 1432 honio
402 1374 545 1449 justus
570 1374 611 1432 in
634 1381 762 1449 terra,
792 1373 858 1448 qui
877 1371 1011 1442 faciut
1033 1372 1187 1441 loreum,
1210 1379 1249 1429 et
1274 1388 1350 1429 nou
1373 1388 1466 1447 pec·

276 1482 382 1554 cet³).
414 1478 603 1541 Jacobus:
630 1480 671 1539 Iu
694 1482 805 1539 multis
828 1480 912 1538 euim
937 1478 1189 1550 offendimus
1214 1482 1392 1555 omues⁴).
1425 1477 1468 1538 Et

277 1584 467 1650 Joauues:
500 1586 541 1648 Si
565 1591 765 1666 disserimus,
799 1590 984 1663 quonium
1003 1597 1211 1662 peccatum
1241 1606 1320 1647 uorr
1351 1590 1466 1648 taee-

276 1716 375 1767 rrius,
388 1703 467 1776 ipsi
483 1718 553 1759 rios
568 1701 816 1774 seducimus,
835 1706 874 1757 et
889 1700 1042 1756 veritos
1058 1700 1098 1755 iu
1113 1698 1228 1756 noeis
1244 1715 1322 1755 riou
1338 1698 1442 1772 eset).

384 1809 422 1869 B.
446 1804 667 1869 Hisconsona
698 1804 825 1867 tradunt
856 1824 981 1888 quoque
1013 1805 1072 1866 SS.
1095 1804 1241 1865 Patres.
1267 1801 1465 1890 SieAugu-

279 1912 362 1976 stin
372 1934 419 1977 ur:
448 1918 526 1978 Trio
542 1928 629 1995 sunt,
655 1912 771 1997 inquit,
795 1935 877 1991 quoe
907 1917 1049 1974 nrouime
1064 1920 1220 1973 aduersus
1236 1932 1291 1973 eus
1309 1910 1465 1997 (Pelagia-

279 2027 360 2099 nos)
395 2027 556 2087 l'otltolicu
586 2026 729 2098 deferr-dil
758 2023 925 2083 Ecclesia:
959 2042 1097 2099 quorum
1113 2057 1156 2065 —
1173 2027 1311 2083 alterum
1342 2033 1406 2101 est,
1433 2026 1468 2083 iu

281 2143 585 2212 quanticunque
615 2137 806 2212 justitio,
840 2137 931 2194 siue
962 2136 1308 2210 qualibuscunque
1328 2150 1467 2209 pecco·

282 2246 335 2303 tis
359 2244 395 2300 in
418 2243 468 2304 loc
492 2243 699 2321 corruptibili
723 2261 861 2319 corpore
884 2246 1070 2301 nemiuem
1094 2244 1277 2315 oioer·e⁰).
1305 2238 1396 2316 Quod
1413 2238 1466 2300 de·

283 2347 353 2411 dite
375 2367 463 2431 opera
488 2351 603 2434 probat
634 2352 667 2413 S.
684 2349 807 2412 Ductor
823 2346 951 2434 integro
970 2346 1052 2411 libro
1068 2355 1107 2409 de
1120 2351 1255 2426 perfect.
1264 2352 1419 2427 justitiae
1429 2351 1467 2425 ⁷),

283 2468 317 2520 et
334 2464 355 2519 l.
372 2462 407 2519 2.
424 2464 673 2539 repercuterem
689 2463 815 2521 meritis
829 2470 860 2520 et
877 2463 1067 2520 remissione
1077 2462 1115 2536 ⁸).

399 2565 436 2631 0.
460 2568 529 2632 linc
557 2569 668 2632 Cous.
696 2565 974 2629 Tridentiuum
991 2566 1188 2650 pronuntiat:
1215 2567 1255 2629 St
1272 2572 1345 2646 quis
1361 2571 1468 2631 tonst-

284 2697 360 2737 nem
391 2687 478 2737 sente'.
491 2682 707 2758 justificatum
731 2682 1048 2756 dicerit—posse
1079 2682 1116 2739 lu
1149 2689 1236 2741 toto
1265 2682 1349 2739 vita
1376 2698 1468 2755 pec·

286 2797 378 2848 coto
403 2794 538 2871 onemo,
564 2794 683 2853 etium
710 2792 909 2868 verriolio,
944 2791 1090 2867 vilere,
1116 2791 1201 2848 uisi
1224 2808 1274 2848 eu
1298 2789 1468 2866 speciali

286 2900 362 2958 Dei
381 2901 614 2981 prioi'eqio,
633 2905 898 2977 quemadmodum
913 2905 952 2958 de
968 2902 1060 2959 leuto
1082 2897 1217 2974 Virqiue
1233 2908 1317 2959 leuet
1348 2897 1467 2964 Eccle-

287 3011 357 3068 sia:
382 3027 411 3067 a.
430 3009 506 3084 ιθ).

396 3117 437 3176 lt.
463 3113 628 3182 Confirmat
649 3117 732 3180 idem
757 3117 883 3197 tandem
909 3113 1039 3200 propria
1070 3115 1225 3198 cujusque
1258 3112 1467 3199 experientia.

285 3223 565 3302 remunerant,
583 3227 634 3313 qui
646 3228 714 3310 jem
731 3226 783 3290 diu
800 3228 868 3290 Deo
886 3225 1014 3290 sincero
1032 3226 1131 3288 corde
1147 3224 1269 3289 servire
1286 3238 1467 3309 peccatum·

286 3360 348 3424 que
366 3355 461 3401 omne
486 3332 573 3401 virae
600 3335 794 3410 studuerint,
815 3357 851 3400 se
869 3357 888 3399 a
904 3335 1045 3420 peccatis
1061 3335 1156 3400 etism
1174 3335 1249 3408 iltis,
1267 3355 1346 3420 quae
1364 3356 1405 3399 ex
1420 3334 1466 3398 iu·

287 3442 524 3512 considerantia
546 3461 585 3511 au
605 3446 802 3520 infirmitate,
824 3444 938 3510 affeetu
958 3445 1117 3530 praesenti
1150 3443 1288 3529 abrepti,
1322 3445 1466 3509 commit-

285 3571 358 3622 tere
379 3557 536 3626 solemos‚
559 3557 708 3623 ustodire
740 3557 822 3620 houd
853 3569 1001 3640 possunt.
1033 3557 1113 3620 Nam
1129 3554 1160 3619 id
1177 3575 1313 3639 prorsus
1338 3566 1468 3621 nostres

286 3665 418 3732 exoedit
434 3665 535 3737 vires,
559 3670 691 3731 udromo
708 3679 819 3732 erecto
837 3687 965 3750 semper
982 3686 1021 3729 ac
1036 3664 1125 3752 vigili
1141 3664 1247 3729 animo
1273 3666 1467 3750 obrepentes

245 3846 248 3855 ,
285 3777 495 3860 undequaque
528 3777 703 3842 tent-tiones
735 3788 880 3862 superet,
898 3787 930 3838 et
945 3775 1154 3862 insurgentes
1178 3774 1298 3859 passim
1316 3774 1466 3859 eoncupi-

286 3883 432 3951 scentiae
448 3894 554 3946 motus
572 3899 740 3952 cnstanter
757 3886 862 3961 elidat,
875 3898 968 3970 atque
986 3886 1059 3948 dum
1076 3897 1210 3950 conatur
1227 3883 1280 3948 uni
1297 3883 1467 3957 obsistere,

286 3998 329 4060 ab
346 3993 409 4058 alio
426 4014 490 4057 nou
506 3991 644 4062 vineata,

289 4147 566 4160 ..Μ’-

400 4235 427 4306 ¹)
445 4229 490 4291 Of.
507 4227 601 4289 Joan.
623 4226 655 4296 lt
673 4232 703 4296 6.
722 4238 809 4312 -²)
827 4232 857 4295 3.
875 4235 951 4312 Reg.
978 4231 1009 4313 8,
1026 4231 1136 4296 46.-
1160 4231 1186 4306 ³)
1204 4231 1295 4291 Pror.
1328 4226 1381 4303 24,
1416 4226 1466 4291 16.

290 4322 513 4403 -uneeree
547 4318 577 4391 7,
608 4316 706 4380 21μ
723 4322 749 4409 ⁵)
779 4323 808 4386 1.
827 4324 916 4385 Joan.
938 4323 966 4395 1,
984 4323 1014 4386 8.
1048 4321 1093 4384 Of.
1114 4323 1308 4402 Augustis.
1341 4323 1389 4380 De
1404 4326 1467 4382 not.

288 4424 319 4476 el
347 4434 398 4493 qr.
428 4433 452 4475 ο.
484 4415 534 4473 36.
566 4432 597 4469 n·
629 4412 671 4468 42
696 4418 735 4480 Τ.
753 4414 805 4478 10.
838 4437 862 4477 e.
884 4413 956 4477 145.
975 4451 1018 4460 --
1037 4413 1062 4495 ⁶)
1083 4417 1132 4474 De
1163 4416 1232 4474 dou.
1265 4416 1467 4490 persev.c.2.

287 4530 321 4568 n.
340 4509 371 4568 4.
404 4504 484 4584 Opti·
508 4504 546 4562 T·
567 4499 618 4563 10·
641 4505 772 4575 r-'23c
792 4543 832 4552 -—
854 4507 981 4582 ⁷)1b.e.
1002 4503 1283 4585 167.-⁸)1b.c.
1306 4500 1464 4564 39ss.·-

289 4603 321 4676 ⁹)
339 4596 422 4656 Sess-
440 4598 467 4656 6.
492 4615 557 4655 can.
574 4596 623 4653 23·
657 4590 804 4660 Cicone.
836 4599 994 4661 Milevit.
1018 4599 1059 4662 11.
1092 4617 1158 4656 eoo.
1178 4599 1206 4659 6.
1232 4595 1368 4675 Marsi,
1392 4588 1467 4656 oott.

291 4690 385 4751 Cone.
404 4687 442 4746 Τ.
460 4682 490 4747 4.
508 4705 532 4745 c.
550 4679 626 4744 328.
