3775 5625
382 453 450 521 260
1083 545 1094 580 ἢ

383 618 545 703 operatio:
570 615 757 682 necessario
783 616 815 680 iu
838 614 985 690 Christo,
1009 628 1103 700 prout
1124 619 1204 681 duae
1227 616 1433 704 cognitiones
1455 630 1487 681 et
1508 620 1545 682 du

381 728 577 801 intellectus,
594 726 637 791 ita
654 728 733 790 duae
755 727 935 788 voluntates
953 746 991 789 ac
1008 726 1213 810 operationes
1230 748 1304 790 esse
1321 728 1491 806 debent¹);
1512 726 1546 791 in

379 835 533 921 possibile
558 834 641 899 enim
663 847 730 909 est,
753 846 785 898 et
808 846 922 897 contra
954 833 1099 897 ordinem
1129 847 1276 909 naturae,
1307 856 1383 899 csse
1415 847 1546 899 naturan

311 949 312 952 ’
377 944 601 1029 operationem
616 965 711 1017 vero,
732 955 825 1027 atque
846 942 918 1005 ideo
941 942 1036 1006 etiam
1052 943 1233 1006 facultatem
1250 942 1420 1027 operandi,
1437 944 1546 1007 uonht

378 1054 455 1116 bere
473 1065 603 1116 naturae
613 1057 656 1131 2);
682 1062 875 1136 quapropter
891 1062 933 1123 et,
950 1061 984 1112 ut
1000 1050 1136 1114 advertit
1151 1051 1421 1135 sophronius,
1443 1064 1546 1120 natura

377 1183 447 1223 rum
472 1158 643 1237 discrimen
658 1180 700 1221 ex
716 1158 936 1242 operationum
957 1157 1139 1222 discrimine
1156 1159 1342 1237 naturaliter
1358 1161 1545 1244 compreher

372 1269 468 1333 ditur.
497 1270 642 1332 Persona
673 1267 800 1352 quidem
815 1279 880 1340 est,
897 1278 932 1329 ut
948 1268 1049 1351 ajunt,
1066 1266 1271 1352 principium,
1303 1277 1424 1348 qood,
1458 1280 1546 1332 natur

375 1390 480 1442 autem
490 1375 690 1460 principium,
702 1397 793 1455 quo,
813 1373 1019 1459 operationes
1031 1375 1162 1439 eliciens
1168 1399 1176 1448 ;
1194 1388 1287 1459 atque
1304 1376 1381 1441 licet
1397 1390 1546 1442 naturan

375 1498 451 1572 agat
464 1496 521 1548 aut
535 1483 689 1568 patiatur,
712 1483 773 1547 uisi
795 1495 950 1567 quatenus
967 1496 1127 1569 tamquam
1143 1485 1344 1569 suppositum
1359 1507 1398 1548 re
1414 1506 1495 1549 vera
1509 1506 1546 1553 es

374 1594 394 1656 i.
411 1615 439 1656 e.
454 1615 520 1666 nou
533 1591 734 1655 solummodo
746 1590 884 1665 exsistit,
901 1592 959 1654 scd
975 1603 1009 1655 ut
1024 1585 1182 1669 αὐτοτελὴς
1197 1592 1359 1656 subsistit:
1380 1604 1488 1656 tamen
1504 1614 1546 1663 n(

373 1699 557 1785 hypostasis
574 1698 704 1783 proprie
721 1710 788 1772 est,
809 1700 866 1765 sed
883 1711 1012 1773 natura,
1029 1719 1087 1782 per
1104 1720 1197 1783 quam
1213 1699 1358 1779 actiones
1376 1722 1437 1764 seu
1454 1722 1545 1784 oper

371 1808 475 1872 tiones
496 1808 583 1872 fiunt.
614 1808 814 1891 Quapropter
834 1806 942 1891 utique
964 1806 996 1870 iu
1014 1806 1143 1871 Christo
1165 1807 1293 1871 nonnisi
1314 1831 1399 1872 uuus
1421 1822 1475 1873 est
1490 1831 1546 1897 opt

368 1938 445 1985 rans
456 1918 499 1996 ³),
516 1917 656 1980 Verbum
673 1915 827 1989 divinum,
845 1916 962 1999 duplex
978 1928 1084 1979 tamen
1101 1916 1245 1999 operatio
1263 1937 1302 1980 ac
1318 1918 1439 2001 duplex
1453 1919 1546 1990 voltu

368 2038 432 2099 taS,
454 2024 526 2109 quia
542 2025 622 2087 duae
638 2024 759 2086 suntin
776 2023 848 2107 ipso
881 2036 1027 2098 naturae,
1048 2023 1081 2087 in
1104 2024 1217 2109 quibus
1241 2037 1273 2089 et
1297 2045 1356 2109 per
1380 2047 1461 2110 quas
1491 2027 1545 2114 ipo¹

368 2145 518 2216 operatur
524 2156 533 2204 3
556 2143 649 2215 atque
665 2131 809 2215 quamvis
827 2132 1031 2215 operationes
1054 2145 1185 2197 naturae
1202 2134 1359 2197 humanae
1376 2154 1420 2197 ex
1435 2147 1510 2199 nutu
1524 2160 1544 2202 e

366 2239 498 2304 arbitrio
532 2238 704 2303 divinitatis
736 2252 811 2303 sunt
840 2261 1021 2325 suspensae
1051 2262 1090 2306 ac
1110 2243 1324 2329 gubernatae,
1346 2254 1455 2307 tamen
1473 2242 1546 2308 illiue

366 2362 440 2413 sunt
456 2348 621 2433 propriae,
637 2349 676 2412 ab
693 2347 763 2432 ipsa
779 2370 839 2412 suo
855 2351 963 2425 modo,
979 2350 999 2415 i.
1011 2372 1040 2416 e.
1056 2351 1193 2414 humana
1207 2350 1355 2415 libertate
1379 2350 1542 2430 effectae)

471 2480 514 2540 B.
539 2476 573 2538 ld
589 2474 694 2559 ipsum
710 2486 816 2538 autem
832 2487 898 2549 est,
915 2478 1000 2560 quod
1017 2478 1146 2541 tradunt
1169 2480 1228 2541 SS.
1245 2475 1434 2540 Litterae.
1451 2473 1546 2541 Chri·

308 2563 311 2567 Δ
363 2596 450 2647 stus
473 2583 558 2647 enim
573 2582 644 2667 ipse
666 2581 726 2647 ait:
753 2584 841 2660 Quia
864 2591 1013 2648 merendi
1035 2594 1075 2648 dc
1096 2595 1199 2668 coeto,
1215 2608 1283 2649 non
1298 2590 1546 2661 olfactante-

363 2700 551 2756 luntotem
566 2714 698 2766 meam,
715 2701 772 2755 sed
785 2701 1029 2757 voluntatem
1044 2700 1144 2775 ejus,
1161 2701 1230 2776 put
1244 2700 1359 2758 misit
1372 2697 1472 2772 νηοῦ).
1490 2693 1546 2755 lt·

362 2822 421 2885 que
439 2822 535 2866 orans
551 2800 583 2864 in
606 2814 714 2865 monte
737 2799 863 2865 Oliveti:
887 2805 993 2866 Pater
1013 2808 1074 2875 mi,
1097 2809 1127 2866 su·
1144 2808 1299 2883 possibile
1322 2816 1386 2878 est,
1408 2815 1542 2866 tronea

360 2916 452 2972 calte
473 2916 545 2973 iste.
575 2914 799 2974 Verumtamen
828 2933 895 2973 non
916 2917 1003 2975 sicut
1022 2934 1092 2990 eyo
1113 2920 1224 2987 volo,
1245 2920 1303 2975 aed
1332 2917 1440 2975 sieut
1459 2908 1545 2986 tu‘)

359 3018 417 3080 'Vel
433 3030 467 3081 ut
483 3019 579 3082 habet
594 3019 737 3082 Lucas:
763 3020 843 3082 Non
863 3040 944 3081 meo
965 3027 1168 3093 voluntas,
1192 3030 1249 3083 sed
1264 3032 1330 3083 tuo
1343 3023 1404 3096 fiat
1414 3023 1451 3098 ⁷).
1473 3012 1546 3096 Qui·

357 3126 418 3189 bus
439 3124 470 3188 iu
494 3125 575 3190 locis
599 3126 746 3191 Christus
768 3138 876 3211 aperte
899 3128 1093 3191 voluntatem
1115 3149 1205 3192 suam
1228 3149 1246 3192 a
1267 3129 1431 3192 voluntate
1445 3121 1546 3191 Patri!

358 3232 533 3320 distinguit.
557 3236 628 3298 Jam
650 3234 681 3297 in
705 3235 806 3297 tribus
823 3234 972 3318 personis
990 3235 1119 3311 divinis,
1135 3249 1231 3320 prout
1246 3258 1310 3301 una
1330 3250 1383 3301 est
1398 3233 1546 3303 essentia

355 3341 451 3406 itaet
471 3364 534 3406 uua
554 3354 604 3407 est
626 3343 782 3406 voluntas.
809 3343 1011 3427 Quapropter
1031 3346 1178 3407 voluutas
1194 3343 1261 3418 illa,
1284 3366 1378 3429 quam
1394 3346 1546 3408 volunta!

461 3580 488 3653 1)
507 3576 552 3636 ct.
568 3580 660 3639 Joao.
678 3582 823 3638 Damaso.
841 3581 886 3636 ne
901 3578 953 3651 aa.
972 3582 1047 3640 ortu.
1065 3581 1084 3638 t.
1101 3583 1130 3641 a.
1148 3598 1172 3638 ο.
1185 3581 1234 3641 15.
1253 3569 1546 3660 opp.T.1.·p.232

355 3705 397 3712 -
415 3665 443 3748 2)
460 3666 505 3727 Of.
522 3667 671 3751 Agatho
687 3671 723 3730 P.
740 3669 842 3742 Epist.
859 3672 900 3726 ad
915 3672 1060 3745 Imperat.
1076 3670 1212 3750 Menai,
1230 3671 1307 3732 Oott.
1326 3672 1418 3732 Cone.
1436 3667 1472 3732 T.
1489 3660 1546 3730 ll

353 3778 378 3818 c.
396 3753 463 3818 234
479 3777 518 3815 ss.
535 3791 579 3801 -
597 3757 622 3836 ³)
640 3756 683 3818 Of.
702 3758 885 3838 Sophron.
909 3759 1012 3833 Epist.
1036 3758 1151 3835 Synod.
1172 3763 1214 3818 od
1228 3759 1314 3835 Stry.
1337 3761 1471 3840 Synod.
1486 3751 1546 3818 V]

352 3847 617 3927 aet.11.Mansi‚
635 3847 711 3911 Cott.
730 3848 820 3910 Cone.
839 3845 877 3909 Τ.
890 3846 939 3908 11.
957 3846 1056 3910 6479
1066 3866 1105 3910 ss.
1123 3849 1146 3909 J
1152 3870 1229 3913 oan.
1245 3851 1414 3917 Damaso.
1430 3843 1546 3926 Dorio¹

352 3941 428 3998 ortt.
445 3940 465 3998 l.
482 3939 511 3998 3.
529 3957 553 3996 o.
572 3940 620 3998 14.
638 3940 687 4002 15.
705 3934 868 4018 Opp.T.l.
885 3959 914 4017 p.
931 3936 1007 4000 225.
1019 3936 1095 4001 232.
1113 3939 1210 4001 Petr.
1227 3941 1394 4001 Damian.
1415 3938 1546 4016 Opus]

350 4028 378 4088 c.
395 4030 420 4088 7.
439 4025 518 4106 Opp.
537 4023 575 4087 T.
593 4023 625 4092 3.
640 4049 669 4106 p.
689 4027 708 4089 6
726 4050 750 4090 s.
767 4027 932 4088 Ambros.
949 4027 1063 4104 Defid.
1081 4031 1100 4090 l.
1117 4033 1145 4090 2.
1163 4051 1187 4091 c.
1206 4032 1234 4091 9.
1251 4051 1282 4092 n.
1302 4034 1351 4092 77.
1369 4030 1450 4112 Opp.
1463 4016 1546 4091 ΤΞ

349 4138 375 4179 c.
392 4113 468 4178 485.
486 4119 680 4196 Angustia.
700 4122 750 4179 Tr.
770 4121 817 4181 78.
834 4117 868 4175 io
882 4119 1015 4178 Jecur.
1026 4121 1120 4178 2-3.
1139 4117 1219 4198 Opp.
1230 4117 1269 4180 T.
1281 4118 1312 4182 3.
1320 4119 1396 4183 Ρ.2.
1406 4143 1430 4183 c.
1440 4116 1501 4182 699
1513 4129 1546 4173 Ξ

350 4207 471 4268 Gelas.
488 4208 565 4267 Ado.
581 4206 663 4268 Nest.
681 4216 708 4268 et
721 4210 851 4283 Eutyeb.
869 4208 904 4265 In
920 4201 1001 4268 Biot.
1014 4211 1082 4267 PP.
1095 4229 1175 4270 mooe.
1187 4209 1287 4288 Lugd.
1296 4206 1336 4271 Τ.
1347 4209 1377 4273 8.
1388 4234 1418 4291 p.
1428 4207 1510 4272 loos
1521 4219 1546 4261 ¹

348 4297 466 4357 Hilar.
480 4300 527 4356 De
546 4297 655 4356 Trinit.
673 4301 692 4359 l.
710 4301 738 4359 9.
756 4319 787 4356 n.
804 4301 824 4356 3
839 4317 881 4358 ss.
900 4295 979 4376 Opp.
996 4298 1034 4357 Τ.
1051 4296 1082 4360 2.
1101 4319 1125 4360 c.
1142 4295 1208 4359 259
1225 4321 1267 4362 ss.
1283 4302 1360 4361 Leo
1378 4304 1421 4364 M.
1436 4299 1546 4376 apte:

347 4391 398 4452 24.
414 4390 455 4446 od
476 4388 617 4447 Florian.
642 4408 666 4449 c.
681 4391 712 4452 4.
734 4385 814 4468 Opp.
837 4408 869 4465 p.
887 4384 952 4447 243
969 4408 993 4448 s.
1012 4423 1054 4432 -
1071 4388 1096 4467 4)
1114 4388 1157 4448 of.
1181 4389 1365 4470 Sophron.
1386 4393 1408 4454 l.
1432 4412 1456 4454 o.
1471 4391 1546 4450 Eu:

224 4491 227 4501 “
346 4478 499 4557 phraem.
523 4477 690 4538 Antioch.
713 4498 759 4555 ap.
781 4478 884 4536 Phot.
904 4476 1066 4539 &aaran
1098 4477 1203 4541 Joan.
1235 4478 1546 4556 DamascDeJic

346 4571 422 4627 ortlt.
439 4570 458 4626 l.
475 4570 504 4626 3.
522 4587 546 4624 c.
564 4571 614 4626 14.
631 4569 682 4628 15.
699 4571 748 4626 18.
767 4565 846 4644 Opp.
863 4567 901 4625 Τ.
921 4564 950 4625 1.
967 4588 997 4645 p.
1007 4564 1399 4634 225-237240-242.
1415 4573 1469 4631 Au
1476 4578 1546 4649 gu

346 4659 431 4718 stin.
452 4660 502 4715 Tr.
519 4658 568 4714 49.
586 4656 620 4713 in
634 4658 725 4716 Joan.
742 4676 771 4715 n.
789 4658 839 4715 18.
857 4651 895 4714 Τ.
912 4652 943 4716 3.
960 4656 996 4717 Ρ.
1008 4654 1038 4720 2.
1057 4678 1083 4719 o.
1100 4656 1176 4721 626.
1192 4661 1359 4739 Agatho,
1375 4662 1478 4738 Epist.
1494 4672 1546 4717 a*

345 4747 457 4820 Imper.
474 4747 611 4816 blansi,
630 4746 704 4806 Oott.
724 4745 812 4804 Oeno.
829 4741 874 4806 ·Τ.
893 4742 945 4807 11.
968 4765 995 4810 c.
1011 4744 1077 4807 243
1094 4769 1135 4812 ss.
1153 4785 1196 4794 -
1215 4751 1241 4828 ⁵)
1258 4750 1352 4814 Joan.
1370 4750 1402 4833 6,
1420 4748 1472 4814 38.
1488 4743 1546 4809 (Ἄ

345 4831 376 4907 5,
393 4833 446 4900 30.
465 4833 516 4910 14,
533 4832 584 4896 31.
604 4831 656 4904 15,
675 4832 725 4896 10.
745 4868 786 4881 -
803 4837 831 4911 ⁶)
848 4834 955 4895 Matth.
972 4833 1025 4910 26,
1043 4833 1095 4898 39.
1112 4874 1157 4883 -
1175 4840 1198 4909 'l
1215 4842 1291 4902 Luc.
1309 4839 1363 4923 22,
1380 4841 1435 4905 42.
