3775 5625
792 904 1060 1015 suello
1099 908 1141 1014 l.

513 1170 582 1243 De
613 1170 794 1245 bomine
817 1172 1077 1269 generatim
1114 1167 1417 1245 considerato.

804 1388 838 1481 ξ.
863 1388 903 1460 2.
931 1390 1130 1461 Summa.

474 1566 572 1630 Multa
588 1565 713 1651 quidem
730 1579 820 1641 sunt,
837 1587 918 1653 quae
934 1568 974 1631 ad
990 1566 1169 1631 doctrinam
1186 1568 1225 1630 de
1241 1567 1371 1631 homine
1387 1566 1565 1654 generatim

367 1688 512 1760 spectato
545 1674 739 1760 pertineant3
765 1698 827 1740 nos
858 1689 965 1740 tamen
996 1676 1049 1741 hic
1072 1676 1200 1741 nonnisi
1226 1678 1264 1740 de
1289 1676 1329 1740 iis
1356 1676 1564 1751 disseremus,

366 1806 446 1871 quae
462 1807 503 1849 ex
519 1784 724 1849 revelationis
751 1785 952 1850 documentis
978 1798 1068 1850 certo
1092 1784 1161 1849 erui
1185 1798 1337 1870 possunt,
1364 1799 1395 1849 et
1411 1806 1491 1871 quae
1506 1785 1563 1849 im-

365 1894 502 1959 mediate
527 1895 567 1958 ad
590 1895 810 1983 cognitionem
836 1908 931 1982 atque
945 1895 1044 1959 vitam
1060 1895 1246 1983 religiosam
1263 1895 1461 1971 referuntur,
1477 1895 1563 1958 vide-

364 2002 453 2068 licet:
472 2005 511 2068 de
527 2018 661 2069 naturae
677 2006 833 2070 humanae
850 2005 977 2093 origine
993 2005 1182 2093 generatim,
1199 2007 1331 2091 ejusque
1348 2004 1508 2090 partibus;
1526 2005 1566 2068 de

365 2112 489 2177 atrimae
506 2128 640 2179 nostrae
655 2114 779 2190 indole,
803 2128 836 2179 et
860 2117 929 2200 ejus
957 2114 1084 2202 origine
1101 2114 1283 2200 speciatim3
1308 2127 1402 2200 atque
1419 2115 1458 2177 de
1475 2127 1564 2178 natu·

364 2242 420 2287 rae
436 2236 569 2288 nostrae
585 2223 649 2288 fine
667 2246 705 2289 ac
721 2224 891 2312 dignitate;
908 2224 1032 2310 reliqua
1048 2226 1086 2288 ad
1103 2224 1314 2311 philosophos
1330 2223 1541 2296 remittentes.

507 2424 541 2517 ξ.
567 2427 606 2499 3.
630 2430 834 2498 Naturae
859 2429 1092 2498 humanae
1118 2427 1309 2499 creatio.

474 2604 585 2681 Quoad
612 2603 772 2691 originem
799 2616 932 2667 naturae
957 2606 1112 2669 humanae
1138 2605 1291 2669 revelatio
1326 2604 1430 2668 divina
1457 2602 1566 2677 tradit,

364 2710 456 2775 initio
472 2733 581 2776 rerum
607 2714 710 2777 Deum
736 2716 819 2778 duos
845 2714 1008 2790 homines,
1032 2716 1187 2780 Adamum
1206 2727 1237 2778 et
1252 2716 1368 2789 Evam,
1390 2712 1566 2798 etquidem

365 2843 430 2886 non
445 2835 567 2887 tantum
584 2825 688 2910 quoad
706 2824 857 2899 animam,
875 2826 933 2888 sed
950 2837 982 2888 et
998 2827 1102 2911 quoad
1121 2846 1240 2911 corpus
1257 2824 1438 2888 immediate
1456 2825 1563 2911 'creas--

365 2951 417 3006 se,
433 2945 527 3017 atque
544 2934 582 2997 ab
600 2935 664 2998 hoc
679 2935 748 3019 pari
764 2933 930 2998 hominum
946 2934 1133 2999 universum
1149 2956 1254 3023 genus
1270 2936 1442 2999 humanum
1459 2945 1568 2997 ortum

366 3040 494 3106 ducere.

477 3156 534 3214 oui
550 3157 709 3218 doetrinae
727 3168 792 3218 tres
809 3160 976 3236 praecipue
994 3160 1199 3218 adversantur
1217 3176 1354 3219 errores.
1376 3158 1499 3216 Primus
1518 3168 1569 3217 est

368 3282 483 3339 eorum,
501 3267 552 3343 qui
568 3278 710 3328 statuunt
726 3269 878 3328 hominem
896 3289 935 3328 ex
953 3279 1058 3328 terrae
1074 3270 1106 3327 vi
1121 3270 1310 3348 vegetativa,
1327 3270 1378 3326 vel
1394 3269 1569 3344 putredine,

369 3377 418 3433 vel
435 3393 513 3452 aqua
530 3386 561 3436 et
577 3379 668 3448 limo,
694 3381 744 3438 vel
769 3381 909 3439 uteribus
933 3379 1091 3438 radicibus
1116 3389 1220 3437 terrae
1244 3379 1492 3447 inhaerentibus,
1516 3379 1569 3436 vel

368 3483 450 3555 ovis,
469 3487 517 3543 vel
533 3488 687 3562 piscibus,
706 3499 766 3548 ete.
783 3489 998 3565 processisse,
1017 3497 1050 3547 ut
1066 3488 1182 3565 antiqui
1200 3488 1369 3547 Gentilium
1394 3485 1570 3564 philosophi

368 3594 540 3665 linxerunt,
565 3605 596 3654 et
617 3598 711 3656 etiam
732 3600 943 3659 recentiorum
962 3599 1099 3676 quidam,
1123 3607 1158 3658 ut
1172 3598 1370 3671 llleldham,
1387 3594 1568 3668 Buffon¹)

367 3705 420 3764 De
442 3707 577 3765 Mailet
590 3705 634 3779 ²),
651 3709 792 3788 Ritgen
805 3706 835 3783 ³)
853 3719 925 3769 etc..
942 3744 987 3752 —
1002 3711 1091 3768 Alter
1110 3728 1201 3767 error
1218 3718 1267 3767 est
1285 3708 1568 3774 Gnosticorum,

369 3816 419 3892 qui
435 3818 584 3875 hdamum
602 3837 619 3876 a
635 3818 825 3897 Demiurgo,
845 3829 875 3876 et
892 3819 1212 3889 Manichaeorum,
1231 3819 1365 3896 quicum
1384 3836 1401 3875 a
1417 3815 1569 3893 principio

368 3928 449 3984 malo
482 3927 635 3986 conditum
668 3947 739 3986 esse
765 3928 977 3997 affirmabant,
1001 3943 1059 3988 nee
1085 3948 1144 3987 non
1163 3928 1262 4004 opinio
1286 3927 1475 3996 Philonis,
1508 3944 1569 3983 non

368 4037 476 4110 paucis
492 4037 683 4095 Judaeorum
699 4038 828 4113 probata
840 4042 888 4112 ⁴),
914 4039 1024 4097 Adami
1049 4057 1161 4115 corpus
1187 4040 1224 4097 ab
1248 4037 1379 4116 Angelis
1404 4037 1570 4095 formatum

370 4144 477 4205 luisse.
495 4180 540 4190 -
557 4147 687 4205 Tertius
704 4167 780 4206 vero
799 4167 889 4207 error
905 4149 1030 4207 illorum
1048 4157 1111 4218 est,
1130 4149 1180 4225 qui
1198 4155 1367 4216 autumant,
1386 4155 1455 4205 ante
1472 4145 1571 4203 Adam

371 4255 448 4312 alios
465 4255 604 4314 homines
621 4257 718 4315 fuisse
737 4258 894 4327 conditos,
922 4258 973 4335 qui
997 4269 1164 4335 propterca
1179 4256 1416 4315 Praeadamitae
1433 4256 1570 4314 audiunt.

486 4450 509 4539 ¹)
527 4453 572 4515 Of.
589 4455 716 4521 Wiest.
732 4457 857 4517 Instit.
874 4457 984 4517 theol.
1002 4457 1129 4536 Ingolst.
1144 4452 1240 4518 1788.
1251 4457 1289 4518 Τ.
1306 4452 1337 4516 4.
1353 4477 1383 4535 p.
1402 4450 1467 4516 664
1484 4474 1508 4518 s.
1525 4488 1572 4499 -

374 4539 399 4630 ²)
418 4543 464 4609 cf.
481 4545 655 4608 Perrone.
671 4551 820 4609 Proelect.
839 4550 926 4612 theol.
947 4551 998 4609 Tr.
1017 4552 1053 4607 de
1068 4551 1134 4607 Deo
1146 4547 1244 4609 Oreat.
1257 4567 1291 4622 p.
1310 4549 1340 4607 3.
1359 4566 1386 4606 o.
1404 4548 1432 4604 1.
1449 4565 1480 4605 n.
1498 4547 1571 4604 228.

370 4636 418 4697 ed.
435 4638 512 4697 Lov.
535 4635 620 4704 1838
638 4660 680 4703 ss.
698 4641 737 4704 T.
749 4636 781 4700 3.
797 4661 828 4720 p.
848 4637 913 4701 112
925 4662 950 4704 s.
968 4675 1009 4684 -
1030 4634 1054 4724 ³)
1068 4639 1113 4701 Ol.
1127 4638 1227 4720 papir,
1240 4637 1332 4703 ileum
1347 4640 1407 4700 nno
1425 4634 1572 4716 eortius.

371 4726 469 4803 idion,
488 4726 705 4809 1835.p.221
725 4753 749 4791 s.
770 4765 811 4777 -
829 4727 910 4816 ⁴)Of.
928 4729 1304 4810 Chrysost.Hom.8.ia
1320 4731 1380 4789 o.1.
1400 4727 1475 4790 Gen.
1492 4747 1522 4786 a.
1540 4730 1571 4787 2.

371 4817 453 4901 Opp.
470 4821 509 4880 T.
526 4818 558 4881 4.
575 4842 606 4902 p.
625 4820 669 4884 59
687 4843 711 4887 s.
