3775 5625
340 417 407 486 462

341 584 434 648 nobis
466 581 565 646 libere
599 579 864 644 concurrentibus
896 591 1058 663 operatur,
1090 576 1243 663 adjuvans
1263 596 1343 640 vero
1366 596 1426 639 seu
1443 572 1528 659 perli-

343 693 433 756 ciens
465 709 706 774 cooperans,
738 688 811 773 quia
842 686 935 750 simul
957 708 1029 751 cum
1050 688 1185 750 bumana
1200 686 1301 749 libera
1316 686 1481 747 voluntate
1497 685 1528 746 ad

341 803 461 866 bonum
477 798 655 863 faciendum
672 809 864 881 cooperatur
878 800 915 875 ¹).
931 794 993 858 Alii
1009 795 1150 880 priorem
1168 794 1262 859 etiam
1278 792 1526 878 praevenien-

343 924 430 983 tem,
447 920 479 973 et
494 906 710 992 posteriorem
734 904 1060 970 concomitantem
1082 904 1132 966 vel
1154 904 1466 987 subsequentem
1486 922 1525 963 re·

283 1042 285 1045 ⁴
343 1020 404 1082 late
422 1020 461 1081 ad
478 1038 672 1081 consensum
695 1015 867 1080 voluntatis
899 1027 1046 1088 nostrae,
1079 1034 1170 1098 quem
1192 1011 1371 1097 praecedit,
1389 1022 1444 1074 aut
1459 1031 1524 1073 vero

345 1125 513 1192 comitatur
545 1147 603 1189 seu
630 1124 849 1210 subsequitur,
880 1136 1007 1188 vocant.
1040 1120 1184 1186 Celebris
1208 1133 1259 1185 est
1289 1141 1391 1204 porro
1425 1118 1522 1183 divisio

344 1235 467 1325 gratiae
490 1234 622 1299 actualis
643 1234 674 1297 in
697 1233 915 1308 efficacem,
937 1254 1016 1318 quae
1034 1232 1087 1295 dat
1102 1231 1207 1315 ipsum
1223 1230 1302 1316 velle
1319 1241 1352 1292 et
1368 1227 1521 1313 perlicere,

344 1358 377 1410 et
393 1344 672 1418 sufficientem,
694 1364 773 1428 quae
790 1342 917 1406 nonnisi
933 1343 1111 1426 perfectum
1127 1361 1226 1425 posse
1242 1339 1363 1403 bonum
1379 1337 1520 1423 perlicere

344 1454 486 1541 largitur.
513 1451 619 1516 Gratia
640 1450 757 1515 efficax
778 1450 873 1515 etiam
896 1450 1011 1514 dicitur
1034 1449 1200 1524 auxilium,
1224 1470 1319 1529 quo,
1339 1446 1464 1511 scilicet
1479 1448 1519 1509 bo·

345 1585 420 1627 num
437 1579 617 1647 operamur,
635 1572 666 1624 et
682 1558 845 1623 sufficiens
862 1558 1028 1634 auxilium,
1050 1566 1135 1622 siue
1153 1581 1226 1638 quo
1242 1580 1338 1639 uon,
1357 1557 1474 1620 bonum
1487 1553 1519 1617 ri·

346 1672 462 1737 delicet
476 1669 633 1756 perficere
649 1691 831 1754 possumus.

348 1943 385 2039 ξ.
411 1942 506 2017 tot.
530 1949 681 2016 natur
704 1945 857 2032 gratia
880 1944 1100 2027 actualis,
1116 1944 1410 2015 intellectum
1434 1942 1518 2010 illu·

348 2054 550 2138 minans,
575 2058 623 2125 et
648 2057 934 2125 voluntatem
959 2071 1170 2137 movens,
1193 2093 1233 2103 -
1261 2067 1465 2140 operans
1484 2052 1518 2118 et-

803 2181 1078 2252 cooperans.

457 2356 558 2434 Quum
579 2356 667 2419 Deus
687 2376 747 2439 pro
767 2353 889 2418 infinita
911 2375 970 2418 sua
991 2352 1158 2418 clementia
1180 2352 1328 2416 omnibus
1345 2351 1466 2415 nostris
1479 2370 1518 2413 ne·

349 2462 551 2528 cessitatibus
578 2486 616 2527 ac
635 2463 820 2551 indigentiis
844 2476 1027 2537 succurrat,
1050 2475 1142 2548 atque
1165 2461 1238 2525 ideo
1263 2460 1360 2526 etiam
1376 2481 1436 2546 per
1452 2480 1518 2524 com·

349 2571 539 2637 municatam
561 2573 729 2637 nobiscum
750 2573 885 2660 gratiam
907 2586 1038 2637 nostrae
1059 2571 1233 2636 infirmitati
1250 2570 1389 2646 mederi,
1412 2587 1523 2653 eamque

350 2684 516 2747 sublevare
532 2683 623 2754 velit;
646 2696 677 2747 et
693 2704 788 2768 quum
805 2704 861 2767 per
877 2695 1044 2767 peccatum
1066 2681 1200 2768 originis
1217 2702 1280 2745 non
1298 2682 1406 2744 solum
1422 2678 1523 2743 intelle·

350 2802 436 2866 ctus,
458 2792 514 2856 sed
536 2791 707 2877 praecipue
728 2804 841 2856 nostra
862 2792 1008 2855 voluntas
1031 2790 1072 2856 sit
1093 2802 1253 2854 attenuata
1269 2802 1301 2853 et
1316 2787 1480 2862 inclinata,
1492 2784 1523 2848 ila

350 2914 397 2976 ut,
419 2903 682 2987 quemadmodum
714 2901 1018 2976 demonstravimus,
1039 2901 1108 2964 sine
1130 2899 1234 2963 divina
1261 2899 1379 2963 mentis
1406 2899 1523 2963 illustra·

349 3010 436 3073 tione
453 3031 491 3075 ac
506 3009 713 3095 inspiratione
731 3008 774 3072 nil
790 3011 893 3095 quoad
911 3009 1024 3073 salutis
1041 3030 1140 3094 opera
1155 3010 1332 3072 valeamus:
1355 3004 1522 3072 necessario

350 3120 525 3207 colligitur,
557 3119 692 3206 gratiam
726 3121 896 3193 actualem,
929 3120 1074 3182 collatam
1099 3118 1192 3182 nobis
1214 3140 1232 3181 a
1253 3119 1340 3193 Deo,
1362 3120 1522 3203 cujusper·

350 3231 434 3295 fecta
450 3243 523 3294 sunt
540 3251 652 3314 opera,
668 3250 864 3315 nequaquam
880 3229 911 3292 in
930 3231 999 3293 sola
1017 3228 1132 3292 mentis
1149 3227 1378 3302 illustratione,
1400 3240 1436 3291 ut
1454 3225 1522 3290 Pela·
1560 3216 1565 3279 l

351 3340 438 3428 giani
467 3341 629 3414 volebant,
663 3360 772 3402 verum
804 3339 898 3402 etiam
920 3339 952 3402 in
974 3338 1145 3402 voluntatis
1177 3337 1318 3401 motione
1351 3337 1523 3405 consistere,

351 3471 483 3534 eamque
506 3470 594 3523 esse,
615 3470 693 3534 quae
716 3470 779 3511 non
801 3461 921 3512 tantum
942 3471 1003 3514 uos
1025 3449 1057 3512 in
1080 3451 1165 3512 bono
1187 3445 1386 3533 perficiendo
1409 3448 1523 3532 adjuret,

351 3581 409 3623 seu
425 3559 591 3622 nobiscum
614 3572 822 3644 cooperetur,
844 3560 901 3623 sed
919 3572 951 3623 et
966 3581 1027 3624 uos
1045 3561 1083 3624 ad
1100 3559 1173 3622 illud
1196 3557 1330 3633 excitet,
1348 3579 1407 3621 seu
1423 3555 1524 3620 initiuu

351 3667 427 3731 boni
442 3667 474 3729 in
490 3667 583 3732 nobis
601 3681 761 3753 operetur,
773 3682 805 3732 et
820 3669 892 3732 ideo
909 3692 973 3733 non
991 3670 1059 3733 dari
1076 3671 1179 3734 solum
1196 3667 1333 3755 gratiam
1350 3667 1524 3732 intellectum

351 3777 574 3852 illustrantem,
598 3800 708 3842 verum
732 3779 827 3842 etiam
850 3781 1044 3843 voluntatem
1062 3791 1257 3852 moventem,
1281 3798 1383 3862 porro
1409 3773 1525 3864 gratian

353 3886 546 3952 excitantem
567 3900 599 3952 et
619 3889 818 3973 adjuvantem
836 3911 894 3954 seu
910 3888 1145 3974 perficientem,
1168 3889 1219 3951 vel
1236 3900 1425 3972 operantem
1441 3896 1470 3950 et
1484 3902 1524 3945 co·

353 4010 547 4082 operantem.
574 3999 777 4082 Quapropter
793 4012 825 4063 et

461 4112 499 4171 A.
524 4111 557 4171 S.
575 4108 800 4193 Scriptura,
817 4121 850 4172 ut
866 4130 908 4173 ex
925 4109 1174 4194 supralaudatis
1192 4109 1285 4183 lociS,
1304 4107 1357 4171 ubi
1376 4109 1415 4171 de
1431 4122 1524 4168 neces·

353 4213 445 4282 sitate
461 4216 584 4303 gratiae
607 4217 771 4282 interioris
795 4219 919 4306 egimus
934 4221 975 4297 ²),
1007 4232 1106 4304 patet,
1138 4231 1287 4292 testatur,
1322 4213 1525 4280 sufficientiam

353 4336 497 4392 nostram
513 4328 552 4390 ad
568 4327 663 4391 fidem
681 4349 806 4390 omnem
824 4347 866 4391 ex
881 4329 950 4391 Deo
969 4349 1041 4393 esse
1054 4335 1096 4408 ¹);
1121 4330 1222 4392 Deum
1241 4349 1331 4402 esse,
1348 4326 1402 4412 qui
1417 4322 1524 4389 venien·

354 4452 403 4502 tes
420 4439 458 4501 ad
475 4435 635 4502 Christum
652 4434 800 4515 trahat),
818 4434 870 4522 qui
886 4437 1008 4522 aperiat
1025 4460 1082 4503 cor
1098 4437 1194 4502 fidem
1210 4435 1441 4521 praedicationi
1455 4425 1525 4497 verbi

461 4677 1310 4760 ¹)OfAugustin.De9retaburbo17o33
1339 4665 1523 4769 Oppwult.

355 4766 1161 4849 e.......t...1735uh0m12q111ar20ppT2.
1178 4765 1390 4848 pffsstls-
1409 4757 1523 4852 ²)§.8t'u

354 4858 924 4949 p..³..,381ss-)2cor35-
880 4857 1192 4942 -.,.⁴)Joan644
