3775 5625
399 598 480 665 quoe
496 575 620 651 statuit,
637 576 773 640 unimam
796 574 985 640 rationalem
1001 595 1086 649 esee,
1113 595 1173 660 qua
1189 595 1308 659 corpus
1325 577 1527 640 solummodo
1543 577 1595 641 re·

399 700 505 774 gutur,
526 706 590 749 non
612 697 716 749 alutem
737 683 908 770 effingitur
929 705 968 748 ac
983 681 1172 757 vivificetur,
1188 704 1247 747 sen
1264 704 1327 747 non
1344 704 1429 759 esse,
1446 697 1481 748 nt
1497 686 1598 769 ajunt,

397 924 500 984 Duns
517 921 661 995 Scotue,
683 923 735 1002 qui
751 942 778 981 a.
799 917 907 994 1308,
923 921 1057 1002 adeoquo
1075 940 1102 980 a.
1113 915 1145 980 4.
1165 929 1235 981 ante
1252 918 1345 985 (lonc.
1358 921 1533 996 viennense
1549 943 1596 984 ea-

399 1013 559 1093 lebratum,
574 1020 709 1072 mortuus
727 1020 784 1087 est,
800 1011 989 1073 Averrhoem
1009 1011 1156 1085 docuisse,
1171 1012 1253 1071 vires
1271 1012 1428 1072 sensitivaa
1444 1034 1508 1073 nou
1528 1033 1597 1075 esee
1627 1045 1629 1047 ·

398 1105 514 1164 animae
531 1102 937 1184 rationalia,sedessevi1·es
955 1123 995 1162 ex
1010 1105 1145 1182 potentia
1162 1103 1307 1163 materiae
1323 1104 1466 1164 evolutae
1481 1105 1597 1166 formae

398 1194 569 1268 sensitivae,
586 1199 668 1274 quae'
678 1194 772 1254 forma
788 1195 921 1273 corporis
938 1193 992 1271 eit3
1009 1194 1136 1253 animam
1152 1193 1329 1254 rationalem
1339 1214 1413 1253 vero
1426 1194 1597 1256 substantii

398 1307 418 1346 a
432 1304 561 1365 corpore
577 1292 748 1363 separatam
765 1304 842 1359 esse,
859 1294 889 1344 et
906 1284 1047 1362 conjungi
1068 1303 1137 1342 cum
1160 1303 1285 1363 corpore
1308 1277 1553 1346 communicando
1570 1288 1597 1346 ei

398 1396 482 1436 suam
498 1374 698 1434 efficientiam.
714 1375 889 1449 Avcrrhocs,
909 1375 1013 1456 inquit,
1029 1394 1090 1433 uon
1106 1373 1194 1447 dicit,
1211 1374 1291 1433 vires
1306 1374 1468 1435 rennuens
1484 1396 1548 1436 esse
1563 1376 1597 1436 in

397 1466 502 1527 anima
516 1464 672 1537 rationali,
695 1466 853 1539 sustituit,
871 1468 952 1542 quod
967 1472 1039 1524 sunt
1058 1463 1140 1524 vires
1156 1464 1288 1543 alicujus
1302 1466 1453 1542 formae
1477 1471 1595 1528 sensi-

397 1557 497 1617 tivae
511 1555 653 1615 nobilis
678 1559 828 1616 eductae
844 1560 884 1616 de
894 1557 1067 1632 potentia
1080 1555 1273 1629 materiae,
1300 1575 1390 1632 quae
1410 1557 1596 1618 sensitiva

397 1647 595 1725 estforma
610 1646 793 1722 corporis,
811 1666 992 1722 reponens
1008 1645 1188 1707 hominem
1203 1646 1242 1705 in
1258 1647 1388 1721 speeie.
1406 1648 1594 1709 Posuitvero

396 1737 557 1798 animam
585 1736 856 1797 intellectivam
884 1740 1085 1798 seeundum
1114 1737 1369 1797 substantiam
1393 1760 1412 1798 a
1436 1758 1596 1815 corpore

396 1834 620 1905 separatam,
642 1834 676 1886 et
689 1828 866 1906 eonjunpi
882 1826 1104 1904 leominiper
1120 1827 1491 1889 communicationem
1507 1850 1596 1890 suae

397 1916 643 1999 operationis.
664 1920 714 1977 De
723 1937 824 1978 rerum
834 1918 1005 1994 principio,
1024 1940 1051 1995 q.
1070 1922 1098 1979 9.
1115 1924 1172 1978 art.
1184 1922 1214 1981 2.
1231 1924 1300 1978 sect.
1311 1921 1339 1978 1.
1358 1918 1403 1979 of.
1422 1918 1454 1983 S.
1471 1920 1595 1983 Thom.

395 2012 445 2069 De
459 2009 536 2070 unit.
553 2008 608 2067 int.
626 2010 838 2073 cont.Averrh.
855 2006 1006 2088 Opuac.9.
1022 2010 1062 2072 Τ.
1073 2006 1124 2071 19.
1141 2029 1172 2087 p.
1189 2005 1255 2071 246
1273 2030 1313 2070 ss.
1331 2009 1597 2086 Zabarella,De

395 2107 491 2161 mente
506 2102 586 2159 lum.
605 2102 666 2162 e.3.
683 2095 1047 2164 Dereb.nat.Fr.161'l.
1064 2096 1211 2161 c.9l8ss.
1240 2099 1410 2160 Animam
1426 2101 1596 2162 rationa-

396 2192 466 2252 lem
480 2210 552 2249 non
567 2208 646 2249 esse
656 2190 822 2267 formam
838 2189 1016 2264 hominis,
1033 2210 1105 2266 qua
1123 2192 1226 2250 loma
1243 2191 1299 2250 sit
1312 2192 1423 2264 tomo,
1443 2194 1506 2251 sed
1522 2212 1598 2252 esse

389 2282 553 2359 formam
574 2279 817 2355 assistentem,
838 2317 882 2325 —
904 2280 1092 2341 euistimavit
1113 2281 1290 2355 Avaritiam,
1312 2281 1365 2356 qui
1382 2317 1423 2326 —
1447 2281 1526 2341 dicit
1544 2302 1596 2343 uo·

392 2367 462 2432 'men
485 2378 570 2430 actus
592 2371 722 2449 (foruna)
746 2373 782 2429 cle
801 2371 906 2431 anima
932 2408 974 2416 -
997 2370 1060 2431 dici
1074 2372 1176 2450 ferme
1199 2371 1369 2447 aequivoce,
1396 2371 1541 2447 quoniam
1562 2376 1598 2432 de

399 2461 522 2522 anima
538 2461 734 2533 sentiente,
757 2468 790 2521 et
804 2466 846 2521 de
861 2468 1048 2538 repetente
1072 2462 1455 2539 sipnificatformam
1470 2462 1597 2543 infor-

398 2560 564 2625 mantem,
586 2556 629 2611 de
649 2551 841 2612 rationali
861 2572 931 2612 vero
958 2552 1112 2629 sipm'ficat
1132 2572 1205 2613 non
1229 2544 1516 2629 informantem,
1542 2557 1599 2615 sed

399 2642 633 2703 assistentem
649 2644 755 2706 solum.
772 2678 817 2688 —
840 2646 931 2704 Hane
957 2644 1104 2722 (formam
1124 2642 1361 2721 informantem),
1384 2642 1487 2719 inquit
1505 2645 1597 2705 Auer-

398 2737 496 2806 rltoes‚
513 2753 577 2793 esse
593 2733 845 2812 capitativam,
871 2734 916 2794 ita
931 2740 966 2793 ut
975 2753 1034 2809 per
1049 2737 1126 2793 nanc
1142 2736 1230 2793 loma
1246 2734 1289 2793 sit
1302 2737 1466 2807 nomunon
1480 2754 1536 2815 per
1551 2735 1597 2796 in·

398 2828 551 2899 teuectum,
572 2861 616 2870 —-
637 2831 666 2885 et
684 2825 873 2902 pancratiarii
893 2833 921 2886 et
941 2824 1080 2885 interitui
1100 2825 1257 2885 obnouius.
1284 2861 1325 2870 —
1349 2825 1478 2886 Homini
1502 2825 1599 2903 ipttur

392 2918 531 2995 formato
552 2918 589 2976 ab
610 2918 666 2975 lac
682 2916 822 2994 perfecta
837 2914 1087 2993 imapiuativa
1109 2915 1214 2974 dicunt
1234 2916 1427 2991 supervenire
1442 2916 1602 2977 animam

398 3007 633 3078 rationalem,
651 3025 743 3082 quae
760 3005 987 3066 datlomini
1008 3009 1191 3082 quoddam
1213 3025 1292 3065 esse
1314 3005 1549 3078 eminentius,
1576 3015 1603 3068 et

398 3095 632 3174 superprediens
646 3099 810 3157 numanam
824 3105 968 3156 naturam
987 3097 1034 3177 (ut
1050 3096 1234 3174 animalem).
1257 3097 1300 3156 Et
1316 3116 1341 3159 a.
1358 3099 1387 3155 4.
1406 3116 1432 3158 o.
1451 3093 1528 3160 921.
1546 3097 1600 3158 Se·

399 3187 716 3248 eundumAverrlaocm
731 3194 776 3246 est
790 3195 972 3262 separata
985 3187 1104 3266 (anima
1116 3186 1294 3263 rationalis)
1313 3207 1332 3245 a
1348 3206 1514 3261 corpore,
1536 3207 1601 3249 nec

400 3282 464 3341 aar
487 3297 565 3337 esse
586 3277 751 3353 corpori,
773 3281 837 3338 sed
856 3278 978 3354 ipsum
1001 3278 1103 3355 repit
1125 3279 1260 3337 solum:
1285 3281 1448 3337 secundnm
1468 3279 1600 3339 Alaman-

400 3372 490 3437 urum
504 3386 575 3428 vero
589 3368 668 3445 repit
682 3367 811 3444 quidem,
829 3371 883 3428 sed
897 3389 991 3445 neque
1007 3376 1051 3427 est
1066 3374 1208 3443 separata
1229 3388 1248 3426 a
1264 3387 1390 3446 corpore
1405 3388 1499 3444 neque
1515 3389 1600 3445 sepa·

399 3459 529 3520 rabilis:
555 3465 588 3518 at
602 3462 765 3518 secundum
779 3461 938 3519 Platonem
949 3479 1010 3519 uon
1025 3459 1070 3517 ita
1086 3465 1130 3518 est
1144 3460 1285 3537 abjuncta
1302 3479 1321 3516 a
1335 3458 1474 3539 materia,
1490 3466 1527 3518 ut
1541 3480 1602 3519 non

400 3553 450 3614 det
464 3568 527 3609 esse
542 3549 668 3618 homini,
685 3552 740 3608 secl
755 3557 876 3609 catenias
892 3557 938 3608 est
952 3550 1101 3627 abjuncta,
1116 3556 1262 3624 quatenus
1273 3548 1404 3608 conduct
1418 3555 1446 3608 et
1459 3549 1600 3625 imperat,

399 3646 428 3700 et
442 3646 487 3699 est
500 3659 520 3697 a
536 3657 661 3714 corpore
676 3639 877 3714 separabilis:
888 3640 1031 3716 fatentur
1046 3658 1116 3715 erpo
1125 3638 1280 3699 Platonici
1295 3639 1545 3718 informationem
1557 3677 1600 3687 -

399 3749 433 3790 eo
447 3731 545 3802 modo,
563 3748 648 3804 qvem
663 3732 704 3790 D.
725 3733 856 3790 stamas
866 3729 983 3804 posuit,
999 3729 1063 3805 ipsi
1078 3749 1206 3805 namque
1215 3737 1338 3804 ponunt
1351 3730 1601 3808 infommtionem

399 3841 467 3883 etun
482 3819 717 3895 separabilitate.
751 3822 793 3879 Et
812 3822 921 3880 iterum
943 3840 967 3880 c.
993 3824 1021 3880 8.
1049 3840 1074 3881 c.
1102 3817 1177 3881 940.
1209 3820 1421 3880 Averrltoistae
1446 3824 1488 3881 ael
1513 3823 1602 3883 uliud

289 3924 291 3928 ‘
391 3909 568 3991 supinatum
589 3910 803 3988 eoufuperunt,
824 3913 865 3969 acl
886 3909 1110 3971 distinctionem
1131 3910 1264 3987 duplicis
1284 3910 1431 3984 hominis,
1456 3910 1600 3988 dicentes,

398 4021 507 4073 unum
528 4019 591 4060 ease
610 4000 804 4072 nominem,
830 4001 899 4076 qui
920 4009 975 4062 est
997 4001 1146 4076 species
1171 4001 1359 4060 animalis
1386 4003 1601 4063 constituta

397 4110 454 4167 per
465 4090 712 4167 phantasiam
727 4095 890 4152 humanam
907 4094 1100 4153 adduerrlvoe
1115 4099 1251 4153 vocatam
1268 4091 1540 4169 capitativam:
1555 4129 1601 4140 —

400 4184 561 4241 alterum
581 4189 679 4242 autem
699 4202 763 4242 esse
787 4183 966 4243 hominem
989 4183 1171 4253 divinum,
1197 4182 1343 4258 qviper
1357 4183 1600 4246 intellectum

401 4271 666 4346 constituitur,
694 4279 727 4332 et
751 4280 904 4333 constat
923 4294 965 4333 erc
990 4272 1137 4333 lamine
1161 4273 1250 4347 illo,
1277 4273 1343 4349 qui
1368 4279 1425 4332 est
1449 4274 1600 4349 species

400 4361 603 4432 animalis,
639 4369 673 4422 et
698 4362 898 4424 intellectu
930 4363 1221 4439 superveniente
1252 4371 1436 4439 tamquam
1462 4363 1601 4426 divina

400 4454 565 4528 quadam
573 4453 723 4529 forma:
734 4454 872 4530 priorem
887 4454 984 4531 ipitur
994 4455 1143 4515 hominem
1159 4454 1265 4513 dicunt
1279 4474 1342 4514 esse
1357 4454 1391 4512 in
1404 4473 1512 4530 penore
1528 4459 1599 4516 sul>-
1624 4530 1627 4535 Ι

400 4541 539 4614 manae,
560 4549 595 4601 ut
614 4543 742 4618 speciem
761 4544 891 4605 animati
910 4545 1065 4621 corporis;
1091 4548 1145 4604 sed
1168 4547 1294 4604 alterum
1309 4543 1512 4620 posteriorem
1535 4567 1600 4606 csse

400 4631 633 4704 eminentiorem,
651 4641 680 4694 et
693 4636 873 4712 superpredi
887 4644 980 4697 totam
995 4635 1182 4695 substantiae
1197 4635 1386 4713 antepartum,
1413 4641 1517 4713 utpote
1525 4638 1598 4716 for-

399 4729 513 4785 matum
529 4722 635 4785 divina
649 4725 751 4804 potius
760 4728 878 4806 forma,
895 4748 986 4803 quam
1001 4725 1151 4805 naturali,
1165 4746 1286 4802 eamque
1301 4746 1364 4786 esse
1379 4725 1414 4786 in
1428 4727 1551 4788 tornius
1566 4735 1602 4788 ut

402 4815 502 4876 Μαι
517 4813 552 4874 in
566 4816 746 4894 perspicuo:
766 4817 833 4877 ideo
849 4817 1000 4892 inquiunt,
1023 4817 1157 4877 divinam
1178 4820 1255 4876 lanc
1271 4818 1409 4895 formam
1429 4817 1493 4877 diei
1506 4839 1599 4898 posse
