3775 5625
1410 379 1477 455 ttt

288 566 401 613 omnes
417 547 540 612 debent.
569 549 661 613 Deua
677 555 761 613 enim
770 595 782 629 ,
807 552 887 612 niet
902 554 978 631 ipat
995 545 1087 614 tillus
1102 556 1233 630 pruttae
1249 550 1476 634 uestraene,

286 668 376 724 sicut
396 670 502 743 coepit
525 685 607 746 opus
623 666 763 740 bonum,
787 667 834 721 ita
846 664 1053 740 perficiet,
1077 683 1219 743 operans
1234 665 1315 726 uelle
1330 669 1363 726 et
1373 668 1479 746 perfi-

287 792 362 833 rere
371 772 409 851 ¹).
434 772 567 850 Quando
583 793 664 859 ergo
681 769 713 834 in
729 781 861 853 accepta
872 768 997 853 justitia
1009 771 1126 834 bonum
1139 784 1309 856 operantes
1325 792 1390 836 non
1406 794 1478 858 per·

287 901 490 946 sereremus:
508 904 572 947 non
589 880 683 945 nobis
700 879 804 967 gratia
819 878 1004 944 necessaria
1021 880 1122 955 deest,
1139 882 1197 945 sed
1213 903 1274 946 nos
1286 880 1392 967 potius
1403 903 1478 970 gra·

288 988 350 1054 tiae
368 991 528 1057 desumus.

398 1100 430 1165 4.
449 1102 603 1176 Tandem,
634 1113 670 1165 ut
692 1101 774 1164 bene
807 1100 960 1163 observat
985 1099 1285 1174 Tltomassinus,
1311 1100 1339 1165 si
1363 1100 1479 1165 auxilia

287 1208 368 1273 llaec
384 1229 461 1272 vere
479 1209 673 1274 sufficientia
690 1208 807 1273 auxilia
823 1219 912 1271 suun:
954 1206 1005 1291 qui
1025 1206 1096 1271 lieri
1116 1220 1242 1292 potest,
1263 1221 1299 1272 ut
1313 1207 1386 1274 inde
1403 1209 1479 1274 nihil

287 1315 431 1382 utilitatis
446 1320 559 1382 redeat
574 1320 614 1382 ad
629 1316 875 1383 itmumerahiles
892 1315 1049 1390 homines,
1067 1316 1118 1402 qui
1134 1316 1196 1380 illis
1213 1318 1373 1382 donantur
1388 1318 1477 1382 innu-

287 1426 487 1491 merabilium
504 1448 661 1492 annorum
678 1425 805 1512 spatio?
830 1429 933 1489 Porro
958 1426 986 1490 si
1008 1425 1198 1491 sufficientia
1223 1426 1369 1492 dicuntur
1391 1428 1477 1492 auxi·

286 1535 338 1610 lia,
355 1548 387 1599 et
405 1556 481 1601 vere
500 1537 680 1621 proximam
702 1538 777 1601 dant
792 1548 1002 1620 potestatem:
1035 1535 1088 1622 qui
1103 1535 1155 1611 lit,
1177 1550 1212 1600 ut
1234 1559 1276 1601 ex
1297 1538 1476 1601 innumera·

285 1644 341 1707 titi
357 1645 477 1709 tamdiu
492 1647 671 1722 hominum,
693 1644 746 1731 qui
762 1645 806 1709 ita
822 1647 988 1730 juvantur,
1005 1644 1217 1721 multitudine,
1239 1647 1289 1710 vel
1310 1659 1478 1731 peccatum

286 1753 434 1831 declinet,
449 1757 500 1818 vel
516 1768 723 1841 praeceptum
740 1756 893 1819 observet
909 1756 1040 1819 omnino
1058 1757 1176 1819 neum?
1200 1759 1304 1841 Atque
1324 1778 1386 1841 quo
1409 1769 1477 1820 tan·

285 1866 359 1929 dem
374 1866 471 1929 modo
488 1888 564 1931 vere
581 1865 775 1931 sufficientia
790 1878 864 1929 sunt
880 1865 933 1929 illa
950 1864 1125 1949 adjutoria,
1143 1865 1171 1930 si
1187 1878 1356 1949 praeterea
1370 1866 1477 1954 gratia

284 1973 405 2039 efficax
427 1976 532 2040 modis
557 1976 705 2039 omnibus
727 1987 779 2040 est
801 1973 1009 2039 necessaria?
1044 1975 1115 2039 Non
1132 1974 1161 2039 is
1177 1976 1271 2038 habet
1286 1986 1479 2060 potestatem

283 2085 476 2168 proximam,
492 2084 704 2150 sufficientem
721 2098 753 2149 et
769 2087 971 2170 completam,
988 2083 1038 2148 cui
1055 2085 1138 2149 aliud
1151 2086 1242 2149 deest
1253 2084 1406 2150 auxilium
1423 2106 1477 2151 ne·

285 2194 480 2270 cessarium,
511 2197 596 2282 quod
617 2193 649 2258 in
666 2196 736 2279 ejus
751 2207 912 2279 potestate
929 2215 994 2257 non
1011 2200 1108 2276 estt).
1146 2195 1219 2259 Non
1240 2207 1349 2279 potest
1370 2195 1479 2282 itaque

284 2325 350 2368 nou
373 2302 464 2379 fieri,
488 2317 523 2368 ut
544 2305 650 2391 gratia
671 2304 743 2380 illa,
775 2304 825 2370 cui
841 2303 919 2368 vitio
936 2303 1028 2368 liberi
1050 2302 1173 2367 arbitrii
1197 2304 1375 2380 resistitur,
1397 2326 1476 2369 non·

285 2433 456 2499 nunquam,
473 2415 597 2499 qnando
615 2413 739 2479 scilicet
754 2415 902 2478 voluutas
919 2413 1023 2478 eidem
1038 2414 1122 2477 haud
1137 2414 1326 2489 reluctatur,
1344 2436 1415 2479 cum
1432 2415 1476 2479 el·

246 2547 252 2556 ·
284 2524 373 2588 lectu
389 2522 432 2588 sit
448 2526 627 2609 conjuncta.
645 2562 686 2571 —
703 2524 799 2609 ldque
817 2545 916 2608 porro
933 2545 974 2588 eo
990 2522 1110 2610 magis,
1127 2545 1222 2608 quum
1237 2522 1343 2612 gratia
1358 2525 1477 2589 haecce
1504 2553 1506 2558 ¹

285 2633 392 2697 aDeo
409 2632 504 2697 nobis
520 2635 603 2698 haud
626 2634 823 2708 conferatur,
846 2646 881 2698 ut
900 2633 1049 2697 mandata
1071 2633 1177 2697 divina
1202 2635 1378 2709 obseruare
1399 2635 1476 2697 dun·

284 2754 375 2806 taxat
391 2741 573 2827 possimus,
594 2745 652 2808 sed
667 2756 701 2807 ut
716 2765 831 2809 revera
852 2744 904 2807 illa
928 2744 1154 2817 observemus;
1177 2744 1268 2807 datur
1292 2744 1423 2829 quippe,
1444 2756 1478 2806 ut

285 2851 383 2916 homo
399 2851 505 2928 faciat,
523 2854 607 2939 quod
622 2854 711 2932 Deus
727 2853 892 2939 praecipit.
917 2853 1009 2931 Quod
1031 2852 1059 2916 si
1081 2852 1187 2939 gratia
1214 2852 1378 2917 sufficiens
1398 2874 1476 2917 nun-

285 2982 381 3047 quam
403 2963 533 3027 omnino
556 2985 628 3028 cum
652 2962 768 3027 ellectu
783 2964 954 3047 conjuncta
970 2974 1075 3026 esset:
1108 2961 1203 3026 etiam
1219 2982 1238 3025 a
1253 2963 1324 3026 Deo
1341 2962 1427 3037 dari,
1443 2975 1478 3026 ut

285 3093 360 3135 cum
376 3070 493 3137 effectu
508 3073 592 3137 haud
608 3074 779 3157 conjuncta
794 3072 847 3147 sit,
863 3084 953 3137 esset
968 3070 1145 3135 dicendum.
1186 3073 1279 3134 Tunc
1298 3083 1402 3135 autem
1424 3092 1476 3136 so·

284 3182 449 3245 lummodo
467 3183 709 3258 concederetur,
726 3195 761 3246 ut
775 3184 872 3245 homo
888 3183 962 3266 jure
985 3181 1105 3266 puniri,
1128 3202 1193 3244 non
1216 3180 1332 3245 salvari
1347 3194 1476 3267 posset:

285 3292 373 3376 quod
403 3303 544 3355 statuere
575 3305 685 3377 aperte
708 3292 865 3356 insulsum
887 3291 978 3355 acin
1002 3292 1105 3356 Deum
1120 3291 1339 3374 blasphemum
1357 3305 1417 3356 est.
1434 3329 1479 3341 -

286 3403 370 3465 Tum
387 3404 427 3466 ad
444 3402 621 3468 doctrinam
642 3401 809 3467 Ecclesiae
827 3400 1010 3467 Catholicae
1027 3400 1184 3486 pertinet,
1204 3400 1365 3471 hominem
1382 3400 1478 3465 etiam

285 3511 358 3576 sine
382 3511 513 3595 speciali
543 3512 604 3576 Dei
630 3511 748 3577 auxilio
773 3533 873 3597 opera
896 3513 981 3576 bona
1002 3509 1155 3576 naturalis
1178 3509 1299 3575 ordinis
1321 3509 1478 3594 perficere

285 3642 399 3705 posse,
415 3633 448 3684 et
463 3622 559 3686 etiam
574 3621 741 3707 aliquando
758 3620 926 3706 perficere.
966 3622 1029 3684 Per
1051 3619 1188 3708 gratiam
1210 3633 1315 3685 autem
1332 3620 1478 3696 divinam,

281 3730 515 3816 justificantem
532 3744 563 3795 et
579 3734 748 3806 actualem,
781 3752 860 3817 quac
882 3729 1117 3814 nemiuijusto,
1137 3743 1273 3817 urgente
1293 3743 1477 3814 praecepto,

286 3852 446 3926 negatur,
476 3839 527 3915 id,
561 3843 645 3926 quod
681 3853 813 3905 naturae
853 3841 958 3925 quoad
998 3861 1098 3924 opera
1136 3839 1287 3904 salutaria
1326 3861 1476 3923 superua-

285 3948 398 4013 turalis
431 3948 552 4014 ordinis
584 3952 690 4025 deest,
721 3951 895 4035 suppletur.
940 3950 1024 4014 Num
1056 3971 1137 4038 ergo
1169 3948 1286 4013 auxilia
1324 3970 1476 4034 superna·

285 4057 403 4122 toralia
433 4058 538 4123 fructu
559 4081 618 4124 suo
643 4080 772 4143 semper
789 4058 1016 4134 destituentur,
1050 4061 1123 4123 dum
1149 4058 1304 4123 naturalia
1320 4080 1379 4124 suo
1397 4059 1478 4124 haud

286 4168 527 4233 destituuntur?
566 4171 615 4233 An
647 4191 710 4232 tlon
742 4183 853 4233 essent
883 4170 915 4234 in
948 4170 1011 4235 hoc
1042 4191 1120 4234 casu
1159 4181 1333 4255 praecepta
1372 4169 1478 4235 divina

285 4277 385 4344 etiam
395 4277 570 4363 justificato
588 4292 621 4343 et
636 4281 695 4344 sub
711 4278 815 4366 gratia
839 4280 1014 4344 constituto
1038 4300 1132 4359 vere,
1152 4277 1184 4342 ni
1199 4278 1347 4364 physice,
1364 4281 1477 4344 saltem

285 4401 395 4475 tamen
420 4387 582 4452 moraliter
600 4388 832 4473 impossibilia?
863 4388 1028 4454 Sententia
1050 4389 1179 4454 disertis
1201 4389 1309 4453 verbis
1326 4410 1344 4453 a
1361 4387 1476 4455 Cunc.

287 4497 524 4563 Tridentino
558 4501 813 4578 condemnata³).
846 4537 889 4550 -
920 4499 1065 4585 Denique
1086 4502 1166 4564 adeo
1188 4520 1265 4564 vera
1281 4499 1366 4564 acin
1383 4498 1477 4584 praxi

401 4738 425 4819 ¹)
442 4739 523 4805 Stes.
541 4742 570 4800 6.
588 4761 613 4802 c.
632 4743 681 4802 13.
698 4776 742 4785 —
760 4744 788 4820 ²)
806 4739 852 4803 (tf.
870 4732 1064 4805 Thomassin.
1086 4739 1183 4805 tutat.
1202 4744 1299 4820 dopna
1321 4745 1353 4807 T.
1370 4746 1390 4804 3
1405 4764 1429 4808 e.
1446 4746 1475 4810 8.

286 4828 328 4897 Τ.
345 4826 376 4894 3.
393 4851 425 4914 p.
441 4828 519 4900 422.
536 4853 561 4897 c.
578 4829 609 4896 2.
627 4867 668 4879 —
687 4835 714 4914 ³)
730 4833 814 4901 aas.
830 4837 859 4897 6.
877 4853 943 4898 een.
962 4836 1012 4898 18.
1029 4831 1074 4897 cf.
1091 4854 1117 4902 e.
1134 4837 1184 4900 11.
