<?xml version="1.0" encoding="UTF-8"?>
<!DOCTYPE html PUBLIC "-//W3C//DTD XHTML 1.0 Transitional//EN"
    "http://www.w3.org/TR/xhtml1/DTD/xhtml1-transitional.dtd">
<html xmlns="http://www.w3.org/1999/xhtml" xml:lang="en" lang="en">
 <head>
  <title>
</title>
<meta http-equiv="Content-Type" content="text/html;charset=utf-8" />
  <meta name='ocr-system' content='tesseract 3.04.00' />
  <meta name='ocr-capabilities' content='ocr_page ocr_carea ocr_par ocr_line ocrx_word'/>
</head>
<body>
  <div class='ocr_page' id='page_1' title='image "./theologiadogmat00schwgoog/theologiadogmat00schwgoog_0415.png"; bbox 0 0 3775 5625; ppageno 0'>
   <div class='ocr_carea' id='block_1_1' title="bbox 1466 417 1532 487">
    <p class='ocr_par' dir='ltr' id='par_1_1' title="bbox 1466 417 1532 487">
     <span class='ocr_line' id='line_1_1' title="bbox 1466 417 1532 487; baseline 0 -1"><span class='ocrx_word' id='word_1_1' title='bbox 1466 417 1532 487; x_wconf 81' lang='lat'><strong>399</strong></span> 
     </span>
    </p>
   </div>
   <div class='ocr_carea' id='block_1_2' title="bbox 342 580 1547 4621">
    <p class='ocr_par' dir='ltr' id='par_1_2' title="bbox 342 580 1544 3632">
     <span class='ocr_line' id='line_1_2' title="bbox 344 580 1535 669; baseline 0.002 -21"><span class='ocrx_word' id='word_1_2' title='bbox 344 588 736 669; x_wconf 81' lang='lat' dir='ltr'><strong>petamus,nescimus:</strong></span> <span class='ocrx_word' id='word_1_3' title='bbox 762 585 914 663; x_wconf 80' lang='lat' dir='ltr'><strong>sedipse</strong></span> <span class='ocrx_word' id='word_1_4' title='bbox 930 580 1114 663; x_wconf 72' lang='lat' dir='ltr'><strong>Spiritus</strong></span> <span class='ocrx_word' id='word_1_5' title='bbox 1135 590 1315 664; x_wconf 78' lang='lat' dir='ltr'><strong>postulet</strong></span> <span class='ocrx_word' id='word_1_6' title='bbox 1335 606 1407 665; x_wconf 84' lang='lat' dir='ltr'><strong>pro</strong></span> <span class='ocrx_word' id='word_1_7' title='bbox 1423 593 1535 650; x_wconf 80' lang='lat' dir='ltr'><strong>nobis</strong></span> 
     </span>
     <span class='ocr_line' id='line_1_3' title="bbox 342 692 1535 773; baseline 0.002 -17"><span class='ocrx_word' id='word_1_8' title='bbox 342 700 553 773; x_wconf 64' lang='lat' dir='ltr'><strong>gemitibus</strong></span> <span class='ocrx_word' id='word_1_9' title='bbox 584 696 991 771; x_wconf 79' lang='lat' dir='ltr'><strong>inenarratititus¹),</strong></span> <span class='ocrx_word' id='word_1_10' title='bbox 1014 704 1159 756; x_wconf 90' lang='lat' dir='ltr'><strong>nostram</strong></span> <span class='ocrx_word' id='word_1_11' title='bbox 1189 692 1313 757; x_wconf 88' lang='lat' dir='ltr'><strong>seilicet</strong></span> <span class='ocrx_word' id='word_1_12' title='bbox 1344 705 1535 758; x_wconf 84' lang='lat' dir='ltr'><strong>mentemst</strong></span> 
     </span>
     <span class='ocr_line' id='line_1_4' title="bbox 344 800 1534 886; baseline -0.001 -19"><span class='ocrx_word' id='word_1_13' title='bbox 344 824 403 867; x_wconf 92' lang='lat' dir='ltr'><strong>cor</strong></span> <span class='ocrx_word' id='word_1_14' title='bbox 418 801 640 877; x_wconf 91' lang='lat' dir='ltr'><strong>illuminando,</strong></span> <span class='ocrx_word' id='word_1_15' title='bbox 670 801 840 866; x_wconf 83' lang='lat' dir='ltr'><strong>excitando</strong></span> <span class='ocrx_word' id='word_1_16' title='bbox 857 815 890 866; x_wconf 90' lang='lat' dir='ltr'><strong>et</strong></span> <span class='ocrx_word' id='word_1_17' title='bbox 904 801 1144 877; x_wconf 83' lang='lat' dir='ltr'><strong>inflammando,</strong></span> <span class='ocrx_word' id='word_1_18' title='bbox 1176 823 1234 867; x_wconf 90' lang='lat' dir='ltr'><strong>seu</strong></span> <span class='ocrx_word' id='word_1_19' title='bbox 1257 801 1329 886; x_wconf 88' lang='lat' dir='ltr'><strong>pios</strong></span> <span class='ocrx_word' id='word_1_20' title='bbox 1346 800 1480 867; x_wconf 79' lang='lat' dir='ltr'><strong>allectus</strong></span> <span class='ocrx_word' id='word_1_21' title='bbox 1496 823 1534 866; x_wconf 91' lang='lat' dir='ltr'><strong>ac</strong></span> 
     </span>
     <span class='ocr_line' id='line_1_5' title="bbox 344 910 1536 997; baseline 0.001 -23"><span class='ocrx_word' id='word_1_22' title='bbox 344 910 506 975; x_wconf 86' lang='lat' dir='ltr'><strong>desideria</strong></span> <span class='ocrx_word' id='word_1_23' title='bbox 525 910 727 995; x_wconf 89' lang='lat' dir='ltr'><strong>inspirando,</strong></span> <span class='ocrx_word' id='word_1_24' title='bbox 749 924 784 974; x_wconf 91' lang='lat' dir='ltr'><strong>nt</strong></span> <span class='ocrx_word' id='word_1_25' title='bbox 797 910 870 995; x_wconf 92' lang='lat' dir='ltr'><strong>ipso</strong></span> <span class='ocrx_word' id='word_1_26' title='bbox 894 912 1076 996; x_wconf 88' lang='lat' dir='ltr'><strong>adjuvante,</strong></span> <span class='ocrx_word' id='word_1_27' title='bbox 1093 910 1267 997; x_wconf 90' lang='lat' dir='ltr'><strong>etquidem</strong></span> <span class='ocrx_word' id='word_1_28' title='bbox 1282 912 1377 974; x_wconf 91' lang='lat' dir='ltr'><strong>modo</strong></span> <span class='ocrx_word' id='word_1_29' title='bbox 1389 913 1481 995; x_wconf 90' lang='lat' dir='ltr'><strong>justo</strong></span> <span class='ocrx_word' id='word_1_30' title='bbox 1498 931 1536 975; x_wconf 92' lang='lat' dir='ltr'><strong>ea</strong></span> 
     </span>
     <span class='ocr_line' id='line_1_6' title="bbox 343 1019 1534 1106; baseline 0.001 -22"><span class='ocrx_word' id='word_1_31' title='bbox 343 1022 559 1106; x_wconf 77' lang='lat' dir='ltr'><strong>postulemus,</strong></span> <span class='ocrx_word' id='word_1_32' title='bbox 592 1041 671 1105; x_wconf 88' lang='lat' dir='ltr'><strong>quae</strong></span> <span class='ocrx_word' id='word_1_33' title='bbox 694 1019 789 1085; x_wconf 92' lang='lat' dir='ltr'><strong>nobis</strong></span> <span class='ocrx_word' id='word_1_34' title='bbox 814 1022 854 1085; x_wconf 93' lang='lat' dir='ltr'><strong>ad</strong></span> <span class='ocrx_word' id='word_1_35' title='bbox 877 1022 1012 1085; x_wconf 90' lang='lat' dir='ltr'><strong>salutem</strong></span> <span class='ocrx_word' id='word_1_36' title='bbox 1035 1032 1110 1084; x_wconf 87' lang='lat' dir='ltr'><strong>sunt</strong></span> <span class='ocrx_word' id='word_1_37' title='bbox 1132 1019 1318 1086; x_wconf 90' lang='lat' dir='ltr'><strong>necessaria</strong></span> <span class='ocrx_word' id='word_1_38' title='bbox 1334 1032 1366 1084; x_wconf 92' lang='lat' dir='ltr'><strong>et</strong></span> <span class='ocrx_word' id='word_1_39' title='bbox 1380 1020 1534 1105; x_wconf 88' lang='lat' dir='ltr'><strong>prolicua.</strong></span> 
     </span>
     <span class='ocr_line' id='line_1_7' title="bbox 345 1131 1535 1213; baseline 0.002 -21"><span class='ocrx_word' id='word_1_40' title='bbox 345 1167 389 1177; x_wconf 87' lang='lat'>-</span> <span class='ocrx_word' id='word_1_41' title='bbox 407 1131 534 1194; x_wconf 78' lang='lat' dir='ltr'><strong>Fidelis</strong></span> <span class='ocrx_word' id='word_1_42' title='bbox 550 1143 656 1195; x_wconf 82' lang='lat' dir='ltr'><strong>autem</strong></span> <span class='ocrx_word' id='word_1_43' title='bbox 673 1134 762 1194; x_wconf 82' lang='lat' dir='ltr'><strong>Deus</strong></span> <span class='ocrx_word' id='word_1_44' title='bbox 777 1143 838 1213; x_wconf 83' lang='lat' dir='ltr'><strong>est,</strong></span> <span class='ocrx_word' id='word_1_45' title='bbox 865 1137 921 1212; x_wconf 85' lang='lat' dir='ltr'><strong>qui</strong></span> <span class='ocrx_word' id='word_1_46' title='bbox 945 1134 1208 1206; x_wconf 79' lang='lat' dir='ltr'><strong><em>confirmabit</em></strong></span> <span class='ocrx_word' id='word_1_47' title='bbox 1230 1153 1316 1212; x_wconf 85' lang='lat' dir='ltr'><strong>vos,</strong></span> <span class='ocrx_word' id='word_1_48' title='bbox 1342 1142 1381 1193; x_wconf 87' lang='lat' dir='ltr'><strong>et</strong></span> <span class='ocrx_word' id='word_1_49' title='bbox 1401 1143 1535 1195; x_wconf 82' lang='lat' dir='ltr'><strong>cesto-</strong></span> 
     </span>
     <span class='ocr_line' id='line_1_8' title="bbox 343 1238 1534 1324; baseline 0.003 -24"><span class='ocrx_word' id='word_1_50' title='bbox 343 1244 430 1301; x_wconf 79' lang='lat' dir='ltr'><strong>utet</strong></span> <span class='ocrx_word' id='word_1_51' title='bbox 443 1262 463 1301; x_wconf 85' lang='lat' dir='ltr'><strong>a</strong></span> <span class='ocrx_word' id='word_1_52' title='bbox 479 1246 580 1303; x_wconf 84' lang='lat' dir='ltr'><strong>mele</strong></span> <span class='ocrx_word' id='word_1_53' title='bbox 599 1244 635 1321; x_wconf 87' lang='lat' dir='ltr'><strong>(a</strong></span> <span class='ocrx_word' id='word_1_54' title='bbox 651 1238 775 1304; x_wconf 88' lang='lat' dir='ltr'><strong>diabolo</strong></span> <span class='ocrx_word' id='word_1_55' title='bbox 792 1241 833 1304; x_wconf 89' lang='lat' dir='ltr'><strong>ad</strong></span> <span class='ocrx_word' id='word_1_56' title='bbox 847 1240 965 1303; x_wconf 89' lang='lat' dir='ltr'><strong>malum</strong></span> <span class='ocrx_word' id='word_1_57' title='bbox 981 1238 1185 1313; x_wconf 76' lang='lat' dir='ltr'><strong>sollicitante,</strong></span> <span class='ocrx_word' id='word_1_58' title='bbox 1202 1238 1270 1303; x_wconf 87' lang='lat' dir='ltr'><strong>sive</strong></span> <span class='ocrx_word' id='word_1_59' title='bbox 1288 1241 1371 1303; x_wconf 91' lang='lat' dir='ltr'><strong>malo</strong></span> <span class='ocrx_word' id='word_1_60' title='bbox 1388 1260 1446 1303; x_wconf 88' lang='lat' dir='ltr'><strong>seu</strong></span> <span class='ocrx_word' id='word_1_61' title='bbox 1461 1260 1534 1324; x_wconf 90' lang='lat' dir='ltr'><strong>pec·</strong></span> 
     </span>
     <span class='ocr_line' id='line_1_9' title="bbox 345 1347 1537 1432; baseline 0.003 -22"><span class='ocrx_word' id='word_1_62' title='bbox 345 1358 420 1410; x_wconf 90' lang='lat' dir='ltr'><strong>cato</strong></span> <span class='ocrx_word' id='word_1_63' title='bbox 443 1347 542 1431; x_wconf 89' lang='lat' dir='ltr'><strong>ipso).</strong></span> <span class='ocrx_word' id='word_1_64' title='bbox 560 1387 604 1396; x_wconf 92' lang='lat'><strong>-·</strong></span> <span class='ocrx_word' id='word_1_65' title='bbox 623 1350 823 1426; x_wconf 72' lang='lat' dir='ltr'><strong>Confidimus</strong></span> <span class='ocrx_word' id='word_1_66' title='bbox 853 1362 960 1413; x_wconf 82' lang='lat' dir='ltr'><strong>eutem</strong></span> <span class='ocrx_word' id='word_1_67' title='bbox 976 1358 1014 1412; x_wconf 86' lang='lat' dir='ltr'><strong>de</strong></span> <span class='ocrx_word' id='word_1_68' title='bbox 1029 1356 1133 1432; x_wconf 82' lang='lat' dir='ltr'><strong>vobis,</strong></span> <span class='ocrx_word' id='word_1_69' title='bbox 1159 1355 1200 1412; x_wconf 82' lang='lat' dir='ltr'><strong>in</strong></span> <span class='ocrx_word' id='word_1_70' title='bbox 1230 1352 1410 1431; x_wconf 82' lang='lat' dir='ltr'><strong>Domino,</strong></span> <span class='ocrx_word' id='word_1_71' title='bbox 1443 1349 1537 1414; x_wconf 89' lang='lat' dir='ltr'><strong>vobis</strong></span> 
     </span>
     <span class='ocr_line' id='line_1_10' title="bbox 345 1454 1536 1541; baseline 0.003 -21"><span class='ocrx_word' id='word_1_72' title='bbox 345 1454 533 1531; x_wconf 82' lang='lat' dir='ltr'><strong>auxiliante,</strong></span> <span class='ocrx_word' id='word_1_73' title='bbox 550 1466 703 1537; x_wconf 79' lang='lat' dir='ltr'><strong>quoniam</strong></span> <span class='ocrx_word' id='word_1_74' title='bbox 718 1481 802 1539; x_wconf 83' lang='lat' dir='ltr'><strong>quae</strong></span> <span class='ocrx_word' id='word_1_75' title='bbox 815 1464 1046 1541; x_wconf 84' lang='lat' dir='ltr'><strong>praecipimus,</strong></span> <span class='ocrx_word' id='word_1_76' title='bbox 1064 1470 1096 1521; x_wconf 91' lang='lat' dir='ltr'><strong>et</strong></span> <span class='ocrx_word' id='word_1_77' title='bbox 1107 1462 1235 1540; x_wconf 81' lang='lat' dir='ltr'><strong>facitis,</strong></span> <span class='ocrx_word' id='word_1_78' title='bbox 1253 1466 1284 1521; x_wconf 87' lang='lat' dir='ltr'><strong>et</strong></span> <span class='ocrx_word' id='word_1_79' title='bbox 1296 1462 1437 1534; x_wconf 79' lang='lat' dir='ltr'><strong>facietis.</strong></span> <span class='ocrx_word' id='word_1_80' title='bbox 1455 1461 1487 1520; x_wconf 86' lang='lat' dir='ltr'><em>D</em></span> <span class='ocrx_word' id='word_1_81' title='bbox 1497 1481 1536 1523; x_wconf 90' lang='lat' dir='ltr'><strong>o·</strong></span> 
     </span>
     <span class='ocr_line' id='line_1_11' title="bbox 343 1566 1536 1649; baseline 0.003 -19"><span class='ocrx_word' id='word_1_82' title='bbox 343 1571 479 1630; x_wconf 82' lang='lat' dir='ltr'><strong>mines</strong></span> <span class='ocrx_word' id='word_1_83' title='bbox 493 1580 600 1631; x_wconf 84' lang='lat' dir='ltr'><strong>autem</strong></span> <span class='ocrx_word' id='word_1_84' title='bbox 614 1575 768 1648; x_wconf 63' lang='lat' dir='ltr'><strong>diriget</strong></span> <span class='ocrx_word' id='word_1_85' title='bbox 787 1578 907 1633; x_wconf 87' lang='lat' dir='ltr'><strong>eorde</strong></span> <span class='ocrx_word' id='word_1_86' title='bbox 923 1580 1077 1649; x_wconf 81' lang='lat' dir='ltr'><strong>cestra,</strong></span> <span class='ocrx_word' id='word_1_87' title='bbox 1094 1579 1185 1632; x_wconf 88' lang='lat' dir='ltr'><strong>recto</strong></span> <span class='ocrx_word' id='word_1_88' title='bbox 1204 1566 1329 1631; x_wconf 78' lang='lat' dir='ltr'><strong>uarrdte</strong></span> <span class='ocrx_word' id='word_1_89' title='bbox 1345 1569 1476 1632; x_wconf 87' lang='lat' dir='ltr'><strong>tendere</strong></span> <span class='ocrx_word' id='word_1_90' title='bbox 1492 1569 1536 1633; x_wconf 84' lang='lat' dir='ltr'><strong>la·</strong></span> 
     </span>
     <span class='ocr_line' id='line_1_12' title="bbox 346 1670 1537 1762; baseline -0.002 -23"><span class='ocrx_word' id='word_1_91' title='bbox 346 1675 426 1750; x_wconf 89' lang='lat' dir='ltr'><strong>ciat,</strong></span> <span class='ocrx_word' id='word_1_92' title='bbox 442 1683 478 1739; x_wconf 82' lang='lat' dir='ltr'><strong>in</strong></span> <span class='ocrx_word' id='word_1_93' title='bbox 493 1681 652 1744; x_wconf 76' lang='lat' dir='ltr'><em>charitate</em></span> <span class='ocrx_word' id='word_1_94' title='bbox 667 1682 744 1762; x_wconf 84' lang='lat' dir='ltr'><strong>Dei,</strong></span> <span class='ocrx_word' id='word_1_95' title='bbox 762 1692 793 1744; x_wconf 89' lang='lat' dir='ltr'><strong>et</strong></span> <span class='ocrx_word' id='word_1_96' title='bbox 804 1685 965 1758; x_wconf 80' lang='lat' dir='ltr'><strong>patientia</strong></span> <span class='ocrx_word' id='word_1_97' title='bbox 983 1679 1121 1760; x_wconf 76' lang='lat' dir='ltr'><strong>Christi,</strong></span> <span class='ocrx_word' id='word_1_98' title='bbox 1140 1678 1180 1745; x_wconf 81' lang='grc' dir='ltr'><strong>εἰς</strong></span> <span class='ocrx_word' id='word_1_99' title='bbox 1197 1670 1248 1755; x_wconf 75' lang='grc' dir='ltr'><strong>τὴν</strong></span> <span class='ocrx_word' id='word_1_100' title='bbox 1259 1672 1374 1757; x_wconf 66' lang='grc' dir='ltr'><em>ἀγάπην</em></span> <span class='ocrx_word' id='word_1_101' title='bbox 1384 1682 1437 1737; x_wconf 82' lang='lat' dir='ltr'><strong>roi</strong></span> <span class='ocrx_word' id='word_1_102' title='bbox 1451 1681 1537 1751; x_wconf 78' lang='grc' dir='ltr'><strong><em>θεοῦ,</em></strong></span> 
     </span>
     <span class='ocr_line' id='line_1_13' title="bbox 343 1778 1537 1871; baseline 0.004 -27"><span class='ocrx_word' id='word_1_103' title='bbox 343 1783 398 1845; x_wconf 77' lang='grc' dir='ltr'><strong>καὶ</strong></span> <span class='ocrx_word' id='word_1_104' title='bbox 414 1786 455 1853; x_wconf 76' lang='grc' dir='ltr'><strong>εἰς</strong></span> <span class='ocrx_word' id='word_1_105' title='bbox 469 1778 521 1863; x_wconf 68' lang='grc' dir='ltr'><strong>τὴν</strong></span> <span class='ocrx_word' id='word_1_106' title='bbox 541 1780 690 1866; x_wconf 70' lang='grc' dir='ltr'><strong>ὑπομονὴν</strong></span> <span class='ocrx_word' id='word_1_107' title='bbox 703 1791 756 1847; x_wconf 79' lang='grc' dir='ltr'><strong>τοῦ</strong></span> <span class='ocrx_word' id='word_1_108' title='bbox 773 1790 924 1867; x_wconf 77' lang='grc' dir='ltr'><strong><em>Χριστοῦ,</em></strong></span> <span class='ocrx_word' id='word_1_109' title='bbox 956 1788 996 1850; x_wconf 90' lang='lat' dir='ltr'><strong>ad</strong></span> <span class='ocrx_word' id='word_1_110' title='bbox 1029 1786 1214 1851; x_wconf 85' lang='lat' dir='ltr'><strong>charitatem</strong></span> <span class='ocrx_word' id='word_1_111' title='bbox 1230 1784 1290 1849; x_wconf 82' lang='lat' dir='ltr'><strong>Dei</strong></span> <span class='ocrx_word' id='word_1_112' title='bbox 1306 1797 1339 1849; x_wconf 85' lang='lat' dir='ltr'><strong>et</strong></span> <span class='ocrx_word' id='word_1_113' title='bbox 1353 1784 1537 1871; x_wconf 83' lang='lat' dir='ltr'><strong>patientiam</strong></span> 
     </span>
     <span class='ocr_line' id='line_1_14' title="bbox 345 1892 1539 1979; baseline -0.003 -19"><span class='ocrx_word' id='word_1_114' title='bbox 345 1892 469 1960; x_wconf 84' lang='lat' dir='ltr'><strong>Christi</strong></span> <span class='ocrx_word' id='word_1_115' title='bbox 484 1896 631 1979; x_wconf 86' lang='lat' dir='ltr'><strong>exemplo</strong></span> <span class='ocrx_word' id='word_1_116' title='bbox 648 1896 923 1960; x_wconf 71' lang='lat' dir='ltr'><strong>adcommodatum</strong></span> <span class='ocrx_word' id='word_1_117' title='bbox 937 1900 976 1975; x_wconf 78' lang='lat'><strong>²).</strong></span> <span class='ocrx_word' id='word_1_118' title='bbox 994 1934 1034 1944; x_wconf 90' lang='lat'>-</span> <span class='ocrx_word' id='word_1_119' title='bbox 1055 1897 1199 1960; x_wconf 78' lang='lat' dir='ltr'><strong>Gratii</strong></span> <span class='ocrx_word' id='word_1_120' title='bbox 1230 1908 1336 1959; x_wconf 83' lang='lat' dir='ltr'><strong>autem</strong></span> <span class='ocrx_word' id='word_1_121' title='bbox 1357 1898 1432 1959; x_wconf 86' lang='lat' dir='ltr'><strong>Dei</strong></span> <span class='ocrx_word' id='word_1_122' title='bbox 1456 1916 1539 1958; x_wconf 81' lang='lat' dir='ltr'><strong>sem</strong></span> 
     </span>
     <span class='ocr_line' id='line_1_15' title="bbox 345 2007 1538 2087; baseline 0 -20"><span class='ocrx_word' id='word_1_123' title='bbox 345 2007 408 2074; x_wconf 81' lang='lat' dir='ltr'><strong>id,</strong></span> <span class='ocrx_word' id='word_1_124' title='bbox 436 2012 537 2083; x_wconf 83' lang='lat' dir='ltr'><strong>quod</strong></span> <span class='ocrx_word' id='word_1_125' title='bbox 559 2025 656 2086; x_wconf 83' lang='lat' dir='ltr'><strong>sum,</strong></span> <span class='ocrx_word' id='word_1_126' title='bbox 683 2016 715 2068; x_wconf 88' lang='lat' dir='ltr'><strong>et</strong></span> <span class='ocrx_word' id='word_1_127' title='bbox 734 2010 846 2084; x_wconf 66' lang='lat' dir='ltr'><strong>pratia</strong></span> <span class='ocrx_word' id='word_1_128' title='bbox 861 2010 931 2085; x_wconf 85' lang='lat' dir='ltr'><strong>ejus</strong></span> <span class='ocrx_word' id='word_1_129' title='bbox 947 2010 982 2067; x_wconf 82' lang='lat' dir='ltr'><strong>in</strong></span> <span class='ocrx_word' id='word_1_130' title='bbox 997 2027 1046 2069; x_wconf 80' lang='lat' dir='ltr'><strong>me</strong></span> <span class='ocrx_word' id='word_1_131' title='bbox 1061 2026 1166 2069; x_wconf 83' lang='lat' dir='ltr'><strong>vacue</strong></span> <span class='ocrx_word' id='word_1_132' title='bbox 1181 2009 1343 2087; x_wconf 82' lang='lat' dir='ltr'><strong>nonfuit,</strong></span> <span class='ocrx_word' id='word_1_133' title='bbox 1362 2013 1418 2067; x_wconf 89' lang='lat' dir='ltr'><strong>sed</strong></span> <span class='ocrx_word' id='word_1_134' title='bbox 1433 2011 1538 2068; x_wconf 80' lang='lat' dir='ltr'><strong>eben·</strong></span> 
     </span>
     <span class='ocr_line' id='line_1_16' title="bbox 345 2118 1540 2193; baseline 0.001 -17"><span class='ocrx_word' id='word_1_135' title='bbox 345 2119 480 2178; x_wconf 75' lang='lat' dir='ltr'><strong>dontius</strong></span> <span class='ocrx_word' id='word_1_136' title='bbox 495 2119 563 2176; x_wconf 87' lang='lat' dir='ltr'><strong>illis</strong></span> <span class='ocrx_word' id='word_1_137' title='bbox 579 2120 725 2177; x_wconf 81' lang='lat' dir='ltr'><strong>omnibus</strong></span> <span class='ocrx_word' id='word_1_138' title='bbox 741 2120 906 2177; x_wconf 82' lang='lat' dir='ltr'><strong>laboravi:</strong></span> <span class='ocrx_word' id='word_1_139' title='bbox 932 2136 1000 2177; x_wconf 84' lang='lat' dir='ltr'><strong>nen</strong></span> <span class='ocrx_word' id='word_1_140' title='bbox 1021 2137 1079 2193; x_wconf 69' lang='lat' dir='ltr'><strong>eye</strong></span> <span class='ocrx_word' id='word_1_141' title='bbox 1097 2128 1217 2184; x_wconf 66' lang='lat' dir='ltr'><strong>summ.</strong></span> <span class='ocrx_word' id='word_1_142' title='bbox 1242 2122 1299 2175; x_wconf 85' lang='lat' dir='ltr'><strong>sed</strong></span> <span class='ocrx_word' id='word_1_143' title='bbox 1318 2120 1451 2193; x_wconf 71' lang='lat' dir='ltr'><strong>qratia</strong></span> <span class='ocrx_word' id='word_1_144' title='bbox 1465 2118 1540 2177; x_wconf 86' lang='lat' dir='ltr'><strong>Dei</strong></span> 
     </span>
     <span class='ocr_line' id='line_1_17' title="bbox 346 2227 1537 2309; baseline 0 -22"><span class='ocrx_word' id='word_1_145' title='bbox 346 2229 542 2302; x_wconf 65' lang='lat' dir='ltr'><strong>mesebel).</strong></span> <span class='ocrx_word' id='word_1_146' title='bbox 572 2228 693 2309; x_wconf 82' lang='lat' dir='ltr'><strong>Atque:</strong></span> <span class='ocrx_word' id='word_1_147' title='bbox 725 2227 835 2302; x_wconf 66' lang='lat' dir='ltr'><strong>Igitur</strong></span> <span class='ocrx_word' id='word_1_148' title='bbox 855 2245 932 2287; x_wconf 80' lang='lat' dir='ltr'><strong>non</strong></span> <span class='ocrx_word' id='word_1_149' title='bbox 956 2231 1289 2304; x_wconf 81' lang='lat' dir='ltr'><strong>volentis,neque</strong></span> <span class='ocrx_word' id='word_1_150' title='bbox 1313 2230 1537 2305; x_wconf 82' lang='lat' dir='ltr'><strong>currentis,</strong></span> 
     </span>
     <span class='ocr_line' id='line_1_18' title="bbox 348 2331 1537 2419; baseline -0.001 -23"><span class='ocrx_word' id='word_1_151' title='bbox 348 2341 418 2396; x_wconf 78' lang='lat' dir='ltr'><strong>sec</strong></span> <span class='ocrx_word' id='word_1_152' title='bbox 439 2338 666 2397; x_wconf 76' lang='lat' dir='ltr'><strong>miserentis</strong></span> <span class='ocrx_word' id='word_1_153' title='bbox 688 2345 749 2397; x_wconf 88' lang='lat' dir='ltr'><strong>est</strong></span> <span class='ocrx_word' id='word_1_154' title='bbox 768 2336 859 2414; x_wconf 82' lang='lat' dir='ltr'><strong>Dei,</strong></span> <span class='ocrx_word' id='word_1_155' title='bbox 879 2332 899 2397; x_wconf 93' lang='lat' dir='ltr'><strong>i.</strong></span> <span class='ocrx_word' id='word_1_156' title='bbox 917 2354 945 2398; x_wconf 89' lang='lat' dir='ltr'><strong>e.</strong></span> <span class='ocrx_word' id='word_1_157' title='bbox 961 2355 1021 2419; x_wconf 89' lang='lat' dir='ltr'><strong>pro</strong></span> <span class='ocrx_word' id='word_1_158' title='bbox 1039 2346 1193 2398; x_wconf 86' lang='lat' dir='ltr'><strong>contextu</strong></span> <span class='ocrx_word' id='word_1_159' title='bbox 1209 2331 1385 2407; x_wconf 87' lang='lat' dir='ltr'><strong>orationis,</strong></span> <span class='ocrx_word' id='word_1_160' title='bbox 1402 2352 1466 2395; x_wconf 92' lang='lat' dir='ltr'><strong>non</strong></span> <span class='ocrx_word' id='word_1_161' title='bbox 1481 2332 1537 2396; x_wconf 95' lang='lat' dir='ltr'><strong>ho·</strong></span> 
     </span>
     <span class='ocr_line' id='line_1_19' title="bbox 347 2440 1540 2530; baseline 0.001 -26"><span class='ocrx_word' id='word_1_162' title='bbox 347 2462 402 2504; x_wconf 94' lang='lat' dir='ltr'><strong>mo</strong></span> <span class='ocrx_word' id='word_1_163' title='bbox 420 2453 536 2506; x_wconf 87' lang='lat' dir='ltr'><strong>conatu</strong></span> <span class='ocrx_word' id='word_1_164' title='bbox 552 2443 769 2507; x_wconf 91' lang='lat' dir='ltr'><strong>tantummodo</strong></span> <span class='ocrx_word' id='word_1_165' title='bbox 796 2442 1059 2527; x_wconf 88' lang='lat' dir='ltr'><strong>justificationem</strong></span> <span class='ocrx_word' id='word_1_166' title='bbox 1091 2442 1244 2530; x_wconf 85' lang='lat' dir='ltr'><strong>consequi</strong></span> <span class='ocrx_word' id='word_1_167' title='bbox 1259 2454 1383 2528; x_wconf 91' lang='lat' dir='ltr'><strong>potest,</strong></span> <span class='ocrx_word' id='word_1_168' title='bbox 1407 2444 1465 2506; x_wconf 91' lang='lat' dir='ltr'><strong>sed</strong></span> <span class='ocrx_word' id='word_1_169' title='bbox 1480 2440 1540 2506; x_wconf 90' lang='lat' dir='ltr'><strong>Dei</strong></span> 
     </span>
     <span class='ocr_line' id='line_1_20' title="bbox 347 2545 1539 2642; baseline 0 -28"><span class='ocrx_word' id='word_1_170' title='bbox 347 2550 496 2616; x_wconf 88' lang='lat' dir='ltr'><strong>vocantis</strong></span> <span class='ocrx_word' id='word_1_171' title='bbox 511 2552 613 2617; x_wconf 90' lang='lat' dir='ltr'><strong>hocce</strong></span> <span class='ocrx_word' id='word_1_172' title='bbox 630 2574 712 2638; x_wconf 91' lang='lat' dir='ltr'><strong>opus</strong></span> <span class='ocrx_word' id='word_1_173' title='bbox 728 2545 831 2635; x_wconf 65' lang='lat' dir='ltr'><strong>est⁴).&#39;</strong></span> <span class='ocrx_word' id='word_1_174' title='bbox 844 2592 885 2602; x_wconf 89' lang='lat'>—</span> <span class='ocrx_word' id='word_1_175' title='bbox 902 2554 975 2619; x_wconf 91' lang='lat' dir='ltr'><strong>Non</strong></span> <span class='ocrx_word' id='word_1_176' title='bbox 991 2567 1099 2639; x_wconf 90' lang='lat' dir='ltr'><strong>potest</strong></span> <span class='ocrx_word' id='word_1_177' title='bbox 1129 2553 1253 2642; x_wconf 88' lang='lat' dir='ltr'><strong>gratiae</strong></span> <span class='ocrx_word' id='word_1_178' title='bbox 1274 2566 1340 2616; x_wconf 91' lang='lat' dir='ltr'><strong>tum</strong></span> <span class='ocrx_word' id='word_1_179' title='bbox 1363 2550 1539 2637; x_wconf 86' lang='lat' dir='ltr'><strong>adjuvantis</strong></span> 
     </span>
     <span class='ocr_line' id='line_1_21' title="bbox 348 2660 1538 2750; baseline 0 -26"><span class='ocrx_word' id='word_1_180' title='bbox 348 2672 417 2724; x_wconf 82' lang='lat' dir='ltr'><strong>mm</strong></span> <span class='ocrx_word' id='word_1_181' title='bbox 434 2660 602 2727; x_wconf 86' lang='lat' dir='ltr'><strong>excitantis</strong></span> <span class='ocrx_word' id='word_1_182' title='bbox 633 2662 814 2729; x_wconf 85' lang='lat' dir='ltr'><strong>necessitas</strong></span> <span class='ocrx_word' id='word_1_183' title='bbox 845 2663 963 2729; x_wconf 90' lang='lat' dir='ltr'><strong>clarius</strong></span> <span class='ocrx_word' id='word_1_184' title='bbox 984 2686 1057 2730; x_wconf 90' lang='lat' dir='ltr'><strong>esse</strong></span> <span class='ocrx_word' id='word_1_185' title='bbox 1079 2664 1297 2750; x_wconf 85' lang='lat' dir='ltr'><strong>pronuntiata,</strong></span> <span class='ocrx_word' id='word_1_186' title='bbox 1322 2683 1415 2749; x_wconf 90' lang='lat' dir='ltr'><strong>quam</strong></span> <span class='ocrx_word' id='word_1_187' title='bbox 1431 2660 1480 2725; x_wconf 91' lang='lat' dir='ltr'><strong>bis</strong></span> <span class='ocrx_word' id='word_1_188' title='bbox 1498 2660 1538 2725; x_wconf 89' lang='lat' dir='ltr'><strong>si·</strong></span> 
     </span>
     <span class='ocr_line' id='line_1_22' title="bbox 349 2768 1539 2861; baseline 0 -26"><span class='ocrx_word' id='word_1_189' title='bbox 349 2768 538 2858; x_wconf 87' lang='lat' dir='ltr'><strong>milibusque</strong></span> <span class='ocrx_word' id='word_1_190' title='bbox 569 2772 744 2838; x_wconf 86' lang='lat' dir='ltr'><strong>sententiis.</strong></span> <span class='ocrx_word' id='word_1_191' title='bbox 778 2773 862 2853; x_wconf 85' lang='lat' dir='ltr'><strong>Quid·</strong></span> <span class='ocrx_word' id='word_1_192' title='bbox 889 2774 973 2840; x_wconf 91' lang='lat' dir='ltr'><strong>enim</strong></span> <span class='ocrx_word' id='word_1_193' title='bbox 1004 2787 1112 2861; x_wconf 91' lang='lat' dir='ltr'><strong>potest</strong></span> <span class='ocrx_word' id='word_1_194' title='bbox 1134 2777 1231 2840; x_wconf 91' lang='lat' dir='ltr'><strong>bomo</strong></span> <span class='ocrx_word' id='word_1_195' title='bbox 1256 2772 1348 2840; x_wconf 89' lang='lat' dir='ltr'><strong>saluti</strong></span> <span class='ocrx_word' id='word_1_196' title='bbox 1372 2792 1449 2837; x_wconf 88' lang='lat' dir='ltr'><strong>suae</strong></span> <span class='ocrx_word' id='word_1_197' title='bbox 1465 2792 1539 2856; x_wconf 90' lang='lat' dir='ltr'><strong>pro·</strong></span> 
     </span>
     <span class='ocr_line' id='line_1_23' title="bbox 348 2879 1541 2969; baseline 0 -25"><span class='ocrx_word' id='word_1_198' title='bbox 348 2879 469 2944; x_wconf 84' lang='lat' dir='ltr'><strong>ficuum</strong></span> <span class='ocrx_word' id='word_1_199' title='bbox 484 2880 628 2957; x_wconf 89' lang='lat' dir='ltr'><strong>efficere,</strong></span> <span class='ocrx_word' id='word_1_200' title='bbox 645 2882 674 2947; x_wconf 90' lang='lat' dir='ltr'><strong>si</strong></span> <span class='ocrx_word' id='word_1_201' title='bbox 689 2883 758 2948; x_wconf 92' lang='lat' dir='ltr'><strong>sine</strong></span> <span class='ocrx_word' id='word_1_202' title='bbox 783 2884 912 2949; x_wconf 82' lang='lat' dir='ltr'><strong>Christo</strong></span> <span class='ocrx_word' id='word_1_203' title='bbox 936 2885 1012 2950; x_wconf 90' lang='lat' dir='ltr'><strong>nihil</strong></span> <span class='ocrx_word' id='word_1_204' title='bbox 1035 2887 1164 2969; x_wconf 80' lang='lat' dir='ltr'><strong>potest?</strong></span> <span class='ocrx_word' id='word_1_205' title='bbox 1188 2884 1217 2949; x_wconf 90' lang='lat' dir='ltr'><strong>si</strong></span> <span class='ocrx_word' id='word_1_206' title='bbox 1239 2903 1408 2949; x_wconf 87' lang='lat' dir='ltr'><strong>necessum</strong></span> <span class='ocrx_word' id='word_1_207' title='bbox 1425 2893 1490 2957; x_wconf 88' lang='lat' dir='ltr'><strong>est,</strong></span> <span class='ocrx_word' id='word_1_208' title='bbox 1507 2893 1541 2944; x_wconf 89' lang='lat' dir='ltr'><strong>nt</strong></span> 
     </span>
     <span class='ocr_line' id='line_1_24' title="bbox 350 2989 1540 3082; baseline -0.001 -28"><span class='ocrx_word' id='word_1_209' title='bbox 350 2989 500 3055; x_wconf 85' lang='lat' dir='ltr'><strong>Christus</strong></span> <span class='ocrx_word' id='word_1_210' title='bbox 516 2991 549 3054; x_wconf 92' lang='lat' dir='ltr'><strong>in</strong></span> <span class='ocrx_word' id='word_1_211' title='bbox 565 3013 651 3067; x_wconf 91' lang='lat' dir='ltr'><strong>enm,</strong></span> <span class='ocrx_word' id='word_1_212' title='bbox 667 3006 702 3057; x_wconf 91' lang='lat' dir='ltr'><strong>ut</strong></span> <span class='ocrx_word' id='word_1_213' title='bbox 717 2993 790 3058; x_wconf 90' lang='lat' dir='ltr'><strong>vitis</strong></span> <span class='ocrx_word' id='word_1_214' title='bbox 806 2994 839 3058; x_wconf 90' lang='lat' dir='ltr'><strong>in</strong></span> <span class='ocrx_word' id='word_1_215' title='bbox 855 2995 1019 3079; x_wconf 86' lang='lat' dir='ltr'><strong>palmites,</strong></span> <span class='ocrx_word' id='word_1_216' title='bbox 1045 2993 1168 3082; x_wconf 85' lang='lat' dir='ltr'><strong>jugiter</strong></span> <span class='ocrx_word' id='word_1_217' title='bbox 1183 2993 1314 3059; x_wconf 80' lang='lat' dir='ltr'><strong>inlluat?</strong></span> <span class='ocrx_word' id='word_1_218' title='bbox 1346 2991 1375 3056; x_wconf 93' lang='lat' dir='ltr'><strong>si</strong></span> <span class='ocrx_word' id='word_1_219' title='bbox 1390 3012 1455 3055; x_wconf 91' lang='lat' dir='ltr'><strong>non</strong></span> <span class='ocrx_word' id='word_1_220' title='bbox 1470 3002 1540 3075; x_wconf 89' lang='lat' dir='ltr'><strong>pot·</strong></span> 
     </span>
     <span class='ocr_line' id='line_1_25' title="bbox 348 3101 1541 3191; baseline -0.002 -26"><span class='ocrx_word' id='word_1_221' title='bbox 348 3111 402 3165; x_wconf 84' lang='lat' dir='ltr'><strong>est</strong></span> <span class='ocrx_word' id='word_1_222' title='bbox 416 3121 532 3164; x_wconf 91' lang='lat' dir='ltr'><strong>nomen</strong></span> <span class='ocrx_word' id='word_1_223' title='bbox 547 3102 678 3167; x_wconf 88' lang='lat' dir='ltr'><strong>Domini</strong></span> <span class='ocrx_word' id='word_1_224' title='bbox 693 3105 772 3169; x_wconf 85' lang='lat' dir='ltr'><strong>lesu</strong></span> <span class='ocrx_word' id='word_1_225' title='bbox 788 3105 954 3191; x_wconf 87' lang='lat' dir='ltr'><strong>quisquam</strong></span> <span class='ocrx_word' id='word_1_226' title='bbox 968 3105 1134 3180; x_wconf 88' lang='lat' dir='ltr'><strong>invocare,</strong></span> <span class='ocrx_word' id='word_1_227' title='bbox 1161 3103 1222 3170; x_wconf 89' lang='lat' dir='ltr'><strong>nisi</strong></span> <span class='ocrx_word' id='word_1_228' title='bbox 1238 3125 1297 3188; x_wconf 90' lang='lat' dir='ltr'><strong>per</strong></span> <span class='ocrx_word' id='word_1_229' title='bbox 1314 3101 1467 3187; x_wconf 85' lang='lat' dir='ltr'><strong>Spiritum</strong></span> <span class='ocrx_word' id='word_1_230' title='bbox 1483 3102 1541 3164; x_wconf 64' lang='lat' dir='ltr'><strong>Sd</strong></span> 
     </span>
     <span class='ocr_line' id='line_1_26' title="bbox 349 3209 1542 3300; baseline -0.001 -26"><span class='ocrx_word' id='word_1_231' title='bbox 349 3209 379 3275; x_wconf 87' lang='lat' dir='ltr'><strong>si</strong></span> <span class='ocrx_word' id='word_1_232' title='bbox 394 3210 484 3275; x_wconf 87' lang='lat' dir='ltr'><strong>Dens</strong></span> <span class='ocrx_word' id='word_1_233' title='bbox 501 3224 566 3288; x_wconf 91' lang='lat' dir='ltr'><strong>est,</strong></span> <span class='ocrx_word' id='word_1_234' title='bbox 582 3213 634 3299; x_wconf 92' lang='lat' dir='ltr'><strong>qui</strong></span> <span class='ocrx_word' id='word_1_235' title='bbox 651 3228 802 3300; x_wconf 82' lang='lat' dir='ltr'><strong>operatur</strong></span> <span class='ocrx_word' id='word_1_236' title='bbox 818 3215 851 3279; x_wconf 94' lang='lat' dir='ltr'><strong>in</strong></span> <span class='ocrx_word' id='word_1_237' title='bbox 867 3216 960 3280; x_wconf 88' lang='lat' dir='ltr'><strong>nobis</strong></span> <span class='ocrx_word' id='word_1_238' title='bbox 978 3228 1010 3280; x_wconf 91' lang='lat' dir='ltr'><strong>et</strong></span> <span class='ocrx_word' id='word_1_239' title='bbox 1025 3218 1104 3280; x_wconf 88' lang='lat' dir='ltr'><strong>velle</strong></span> <span class='ocrx_word' id='word_1_240' title='bbox 1122 3228 1155 3279; x_wconf 89' lang='lat' dir='ltr'><strong>et</strong></span> <span class='ocrx_word' id='word_1_241' title='bbox 1169 3214 1349 3299; x_wconf 85' lang='lat' dir='ltr'><strong>perlicere?</strong></span> <span class='ocrx_word' id='word_1_242' title='bbox 1382 3211 1434 3296; x_wconf 91' lang='lat' dir='ltr'><strong>qui</strong></span> <span class='ocrx_word' id='word_1_243' title='bbox 1457 3209 1542 3284; x_wconf 85' lang='lat' dir='ltr'><strong>lacit,</strong></span> 
     </span>
     <span class='ocr_line' id='line_1_27' title="bbox 348 3319 1543 3411; baseline 0 -28"><span class='ocrx_word' id='word_1_244' title='bbox 348 3332 386 3384; x_wconf 89' lang='lat' dir='ltr'><strong>ut</strong></span> <span class='ocrx_word' id='word_1_245' title='bbox 401 3341 421 3383; x_wconf 90' lang='lat' dir='ltr'><strong>a</strong></span> <span class='ocrx_word' id='word_1_246' title='bbox 436 3335 569 3405; x_wconf 90' lang='lat' dir='ltr'><strong>peccato</strong></span> <span class='ocrx_word' id='word_1_247' title='bbox 602 3325 834 3402; x_wconf 86' lang='lat' dir='ltr'><strong>abstineamus,</strong></span> <span class='ocrx_word' id='word_1_248' title='bbox 855 3339 887 3390; x_wconf 93' lang='lat' dir='ltr'><strong>et</strong></span> <span class='ocrx_word' id='word_1_249' title='bbox 902 3328 1050 3392; x_wconf 90' lang='lat' dir='ltr'><strong>mandata</strong></span> <span class='ocrx_word' id='word_1_250' title='bbox 1065 3328 1135 3411; x_wconf 86' lang='lat' dir='ltr'><strong>ejus</strong></span> <span class='ocrx_word' id='word_1_251' title='bbox 1152 3324 1399 3408; x_wconf 85' lang='lat' dir='ltr'><strong>adimpleamus?</strong></span> <span class='ocrx_word' id='word_1_252' title='bbox 1431 3319 1483 3406; x_wconf 87' lang='lat' dir='ltr'><strong>qui</strong></span> <span class='ocrx_word' id='word_1_253' title='bbox 1504 3321 1543 3383; x_wconf 94' lang='lat' dir='ltr'><strong>ad</strong></span> 
     </span>
     <span class='ocr_line' id='line_1_28' title="bbox 349 3429 1544 3522; baseline 0 -30"><span class='ocrx_word' id='word_1_254' title='bbox 349 3429 540 3496; x_wconf 87' lang='lat' dir='ltr'><strong>charitatem</strong></span> <span class='ocrx_word' id='word_1_255' title='bbox 555 3446 589 3497; x_wconf 90' lang='lat' dir='ltr'><strong>et</strong></span> <span class='ocrx_word' id='word_1_256' title='bbox 603 3434 787 3518; x_wconf 88' lang='lat' dir='ltr'><strong>patientiam</strong></span> <span class='ocrx_word' id='word_1_257' title='bbox 819 3437 917 3500; x_wconf 88' lang='lat' dir='ltr'><strong>corda</strong></span> <span class='ocrx_word' id='word_1_258' title='bbox 948 3449 1061 3500; x_wconf 89' lang='lat' dir='ltr'><strong>nostra</strong></span> <span class='ocrx_word' id='word_1_259' title='bbox 1082 3434 1207 3522; x_wconf 85' lang='lat' dir='ltr'><strong>dirigit,</strong></span> <span class='ocrx_word' id='word_1_260' title='bbox 1231 3435 1271 3498; x_wconf 89' lang='lat' dir='ltr'><strong>ad</strong></span> <span class='ocrx_word' id='word_1_261' title='bbox 1280 3430 1544 3518; x_wconf 84' lang='lat' dir='ltr'><strong>justificationem</strong></span> 
     </span>
     <span class='ocr_line' id='line_1_29' title="bbox 349 3540 1415 3632; baseline 0.001 -30"><span class='ocrx_word' id='word_1_262' title='bbox 349 3552 523 3625; x_wconf 86' lang='lat' dir='ltr'><strong>praeparat</strong></span> <span class='ocrx_word' id='word_1_263' title='bbox 538 3562 576 3605; x_wconf 90' lang='lat' dir='ltr'><strong>ac</strong></span> <span class='ocrx_word' id='word_1_264' title='bbox 593 3543 748 3628; x_wconf 91' lang='lat' dir='ltr'><strong>disponit,</strong></span> <span class='ocrx_word' id='word_1_265' title='bbox 765 3544 838 3631; x_wconf 83' lang='lat' dir='ltr'><strong>quin</strong></span> <span class='ocrx_word' id='word_1_266' title='bbox 854 3545 919 3610; x_wconf 90' lang='lat' dir='ltr'><strong>imo</strong></span> <span class='ocrx_word' id='word_1_267' title='bbox 937 3558 986 3620; x_wconf 90' lang='lat' dir='ltr'><strong>et,</strong></span> <span class='ocrx_word' id='word_1_268' title='bbox 1002 3566 1082 3632; x_wconf 86' lang='lat' dir='ltr'><strong>quac</strong></span> <span class='ocrx_word' id='word_1_269' title='bbox 1099 3565 1243 3618; x_wconf 89' lang='lat' dir='ltr'><strong>oremus,</strong></span> <span class='ocrx_word' id='word_1_270' title='bbox 1259 3540 1415 3628; x_wconf 79' lang='lat' dir='ltr'><strong>inspirati</strong></span> 
     </span>
    </p>

    <p class='ocr_par' dir='ltr' id='par_1_3' title="bbox 349 3649 1547 4621">
     <span class='ocr_line' id='line_1_30' title="bbox 461 3649 1542 3742; baseline -0.001 -31"><span class='ocrx_word' id='word_1_271' title='bbox 461 3652 502 3711; x_wconf 88' lang='lat' dir='ltr'><strong>B.</strong></span> <span class='ocrx_word' id='word_1_272' title='bbox 528 3651 630 3728; x_wconf 85' lang='lat' dir='ltr'><strong>Quum</strong></span> <span class='ocrx_word' id='word_1_273' title='bbox 647 3654 727 3716; x_wconf 89' lang='lat' dir='ltr'><strong>adeo</strong></span> <span class='ocrx_word' id='word_1_274' title='bbox 745 3656 830 3720; x_wconf 90' lang='lat' dir='ltr'><strong>clare</strong></span> <span class='ocrx_word' id='word_1_275' title='bbox 856 3657 974 3742; x_wconf 83' lang='lat' dir='ltr'><strong>dogma</strong></span> <span class='ocrx_word' id='word_1_276' title='bbox 989 3667 1137 3731; x_wconf 87' lang='lat' dir='ltr'><strong>nostrum</strong></span> <span class='ocrx_word' id='word_1_277' title='bbox 1151 3653 1184 3717; x_wconf 90' lang='lat' dir='ltr'><strong>in</strong></span> <span class='ocrx_word' id='word_1_278' title='bbox 1201 3655 1261 3717; x_wconf 84' lang='lat' dir='ltr'><strong>SS.</strong></span> <span class='ocrx_word' id='word_1_279' title='bbox 1277 3649 1408 3716; x_wconf 88' lang='lat' dir='ltr'><strong>Litteris</strong></span> <span class='ocrx_word' id='word_1_280' title='bbox 1424 3669 1542 3734; x_wconf 82' lang='lat' dir='ltr'><strong>propo-</strong></span> 
     </span>
     <span class='ocr_line' id='line_1_31' title="bbox 350 3757 1545 3852; baseline -0.001 -30"><span class='ocrx_word' id='word_1_281' title='bbox 350 3770 461 3822; x_wconf 90' lang='lat' dir='ltr'><strong>natur:</strong></span> <span class='ocrx_word' id='word_1_282' title='bbox 486 3780 551 3822; x_wconf 90' lang='lat' dir='ltr'><strong>non</strong></span> <span class='ocrx_word' id='word_1_283' title='bbox 573 3760 750 3827; x_wconf 90' lang='lat' dir='ltr'><strong>mirandum</strong></span> <span class='ocrx_word' id='word_1_284' title='bbox 773 3777 837 3840; x_wconf 89' lang='lat' dir='ltr'><strong>est,</strong></span> <span class='ocrx_word' id='word_1_285' title='bbox 859 3765 934 3829; x_wconf 90' lang='lat' dir='ltr'><strong>illud</strong></span> <span class='ocrx_word' id='word_1_286' title='bbox 951 3786 1075 3852; x_wconf 91' lang='lat' dir='ltr'><strong>quoque</strong></span> <span class='ocrx_word' id='word_1_287' title='bbox 1092 3785 1110 3827; x_wconf 88' lang='lat' dir='ltr'><strong>a</strong></span> <span class='ocrx_word' id='word_1_288' title='bbox 1126 3766 1185 3828; x_wconf 85' lang='lat' dir='ltr'><strong>SS.</strong></span> <span class='ocrx_word' id='word_1_289' title='bbox 1202 3761 1389 3827; x_wconf 88' lang='lat' dir='ltr'><strong>Patribus</strong></span> <span class='ocrx_word' id='word_1_290' title='bbox 1405 3757 1545 3823; x_wconf 91' lang='lat' dir='ltr'><strong>unanimi</strong></span> 
     </span>
     <span class='ocr_line' id='line_1_32' title="bbox 349 3868 1543 3960; baseline -0.001 -28"><span class='ocrx_word' id='word_1_291' title='bbox 349 3888 434 3932; x_wconf 87' lang='lat' dir='ltr'><strong>voce</strong></span> <span class='ocrx_word' id='word_1_292' title='bbox 450 3869 643 3953; x_wconf 87' lang='lat' dir='ltr'><strong>praedicari,</strong></span> <span class='ocrx_word' id='word_1_293' title='bbox 660 3895 795 3959; x_wconf 86' lang='lat' dir='ltr'><strong>quormn</strong></span> <span class='ocrx_word' id='word_1_294' title='bbox 811 3877 935 3959; x_wconf 87' lang='lat' dir='ltr'><strong>plures,</strong></span> <span class='ocrx_word' id='word_1_295' title='bbox 951 3888 986 3938; x_wconf 90' lang='lat' dir='ltr'><strong>ut</strong></span> <span class='ocrx_word' id='word_1_296' title='bbox 1001 3897 1100 3960; x_wconf 89' lang='lat' dir='ltr'><strong>supra</strong></span> <span class='ocrx_word' id='word_1_297' title='bbox 1110 3877 1178 3960; x_wconf 89' lang='lat' dir='ltr'><strong>jam</strong></span> <span class='ocrx_word' id='word_1_298' title='bbox 1195 3872 1409 3944; x_wconf 89' lang='lat' dir='ltr'><strong>ostendimus,</strong></span> <span class='ocrx_word' id='word_1_299' title='bbox 1426 3868 1543 3934; x_wconf 87' lang='lat' dir='ltr'><strong>doctri-</strong></span> 
     </span>
     <span class='ocr_line' id='line_1_33' title="bbox 350 3978 1545 4071; baseline -0.001 -31"><span class='ocrx_word' id='word_1_300' title='bbox 350 3998 427 4042; x_wconf 87' lang='lat' dir='ltr'><strong>nam</strong></span> <span class='ocrx_word' id='word_1_301' title='bbox 443 3978 638 4045; x_wconf 82' lang='lat' dir='ltr'><strong>Catholicam</strong></span> <span class='ocrx_word' id='word_1_302' title='bbox 656 3982 872 4071; x_wconf 83' lang='lat' dir='ltr'><strong>singularibus</strong></span> <span class='ocrx_word' id='word_1_303' title='bbox 889 3985 1041 4070; x_wconf 90' lang='lat' dir='ltr'><strong>operibus</strong></span> <span class='ocrx_word' id='word_1_304' title='bbox 1057 3986 1096 4049; x_wconf 88' lang='lat' dir='ltr'><strong>ab</strong></span> <span class='ocrx_word' id='word_1_305' title='bbox 1112 3983 1284 4068; x_wconf 90' lang='lat' dir='ltr'><strong>impetibus</strong></span> <span class='ocrx_word' id='word_1_306' title='bbox 1299 3978 1545 4067; x_wconf 78' lang='lat' dir='ltr'><strong>Pelagianoru&#39;m</strong></span> 
     </span>
     <span class='ocr_line' id='line_1_34' title="bbox 351 4087 1543 4178; baseline -0.002 -26"><span class='ocrx_word' id='word_1_307' title='bbox 351 4100 384 4152; x_wconf 87' lang='lat' dir='ltr'><strong>et</strong></span> <span class='ocrx_word' id='word_1_308' title='bbox 400 4087 731 4178; x_wconf 82' lang='lat' dir='ltr'><strong>semipelagianorum</strong></span> <span class='ocrx_word' id='word_1_309' title='bbox 747 4094 956 4159; x_wconf 88' lang='lat' dir='ltr'><strong>vindicarunt.</strong></span> <span class='ocrx_word' id='word_1_310' title='bbox 981 4095 1108 4160; x_wconf 88' lang='lat' dir='ltr'><strong>Eminet</strong></span> <span class='ocrx_word' id='word_1_311' title='bbox 1129 4108 1234 4159; x_wconf 87' lang='lat' dir='ltr'><strong>antem</strong></span> <span class='ocrx_word' id='word_1_312' title='bbox 1250 4093 1332 4156; x_wconf 90' lang='lat' dir='ltr'><strong>inter</strong></span> <span class='ocrx_word' id='word_1_313' title='bbox 1349 4108 1461 4153; x_wconf 91' lang='lat' dir='ltr'><strong>omnes</strong></span> <span class='ocrx_word' id='word_1_314' title='bbox 1478 4091 1543 4152; x_wconf 82' lang='lat' dir='ltr'><strong>An·</strong></span> 
     </span>
     <span class='ocr_line' id='line_1_35' title="bbox 351 4197 1544 4290; baseline 0.001 -31"><span class='ocrx_word' id='word_1_315' title='bbox 351 4197 556 4286; x_wconf 83' lang='lat' dir='ltr'><strong>gustinus,</strong></span> <span class='ocrx_word' id='word_1_316' title='bbox 587 4202 711 4290; x_wconf 84' lang='lat' dir='ltr'><strong>gratiae</strong></span> <span class='ocrx_word' id='word_1_317' title='bbox 745 4204 868 4269; x_wconf 89' lang='lat' dir='ltr'><strong>divinae</strong></span> <span class='ocrx_word' id='word_1_318' title='bbox 885 4219 1000 4270; x_wconf 88' lang='lat' dir='ltr'><strong>contra</strong></span> <span class='ocrx_word' id='word_1_319' title='bbox 1014 4207 1087 4270; x_wconf 92' lang='lat' dir='ltr'><strong>illos</strong></span> <span class='ocrx_word' id='word_1_320' title='bbox 1105 4206 1248 4290; x_wconf 87' lang='lat' dir='ltr'><strong>ejusdem</strong></span> <span class='ocrx_word' id='word_1_321' title='bbox 1263 4204 1376 4266; x_wconf 89' lang='lat' dir='ltr'><strong>hostes</strong></span> <span class='ocrx_word' id='word_1_322' title='bbox 1394 4212 1544 4264; x_wconf 85' lang='lat' dir='ltr'><strong>strennus</strong></span> 
     </span>
     <span class='ocr_line' id='line_1_36' title="bbox 352 4309 1545 4399; baseline 0 -27"><span class='ocrx_word' id='word_1_323' title='bbox 352 4319 508 4372; x_wconf 85' lang='lat' dir='ltr'><strong>assertor.</strong></span> <span class='ocrx_word' id='word_1_324' title='bbox 540 4311 593 4373; x_wconf 85' lang='lat' dir='ltr'><strong>Ex</strong></span> <span class='ocrx_word' id='word_1_325' title='bbox 616 4311 793 4379; x_wconf 86' lang='lat' dir='ltr'><strong>innumeris</strong></span> <span class='ocrx_word' id='word_1_326' title='bbox 809 4317 879 4399; x_wconf 88' lang='lat' dir='ltr'><strong>ejus</strong></span> <span class='ocrx_word' id='word_1_327' title='bbox 896 4317 1087 4381; x_wconf 87' lang='lat' dir='ltr'><strong>testimoniis</strong></span> <span class='ocrx_word' id='word_1_328' title='bbox 1119 4328 1242 4380; x_wconf 91' lang='lat' dir='ltr'><strong>tantum</strong></span> <span class='ocrx_word' id='word_1_329' title='bbox 1273 4333 1369 4377; x_wconf 91' lang='lat' dir='ltr'><strong>unum</strong></span> <span class='ocrx_word' id='word_1_330' title='bbox 1400 4309 1545 4381; x_wconf 87' lang='lat' dir='ltr'><strong>citamus,</strong></span> 
     </span>
     <span class='ocr_line' id='line_1_37' title="bbox 352 4417 1541 4513; baseline 0 -33"><span class='ocrx_word' id='word_1_331' title='bbox 352 4437 417 4503; x_wconf 91' lang='lat' dir='ltr'><strong>quo</strong></span> <span class='ocrx_word' id='word_1_332' title='bbox 434 4417 558 4506; x_wconf 85' lang='lat' dir='ltr'><strong>gratiae</strong></span> <span class='ocrx_word' id='word_1_333' title='bbox 574 4432 639 4484; x_wconf 91' lang='lat' dir='ltr'><strong>tam</strong></span> <span class='ocrx_word' id='word_1_334' title='bbox 655 4423 906 4506; x_wconf 88' lang='lat' dir='ltr'><strong>praevenientis,</strong></span> <span class='ocrx_word' id='word_1_335' title='bbox 938 4448 1031 4513; x_wconf 90' lang='lat' dir='ltr'><strong>quam</strong></span> <span class='ocrx_word' id='word_1_336' title='bbox 1048 4425 1225 4510; x_wconf 89' lang='lat' dir='ltr'><strong>adjuvantis</strong></span> <span class='ocrx_word' id='word_1_337' title='bbox 1241 4419 1467 4488; x_wconf 84' lang='lat' dir='ltr'><strong>necessitatem</strong></span> <span class='ocrx_word' id='word_1_338' title='bbox 1490 4418 1541 4481; x_wconf 88' lang='lat' dir='ltr'><strong>ad-</strong></span> 
     </span>
     <span class='ocr_line' id='line_1_38' title="bbox 354 4526 1547 4621; baseline 0.002 -31"><span class='ocrx_word' id='word_1_339' title='bbox 354 4526 460 4592; x_wconf 87' lang='lat' dir='ltr'><strong>struit.</strong></span> <span class='ocrx_word' id='word_1_340' title='bbox 493 4531 588 4594; x_wconf 76' lang='lat' dir='ltr'><strong>Sine</strong></span> <span class='ocrx_word' id='word_1_341' title='bbox 619 4538 711 4618; x_wconf 84' lang='lat' dir='ltr'><strong>itte,</strong></span> <span class='ocrx_word' id='word_1_342' title='bbox 735 4533 851 4621; x_wconf 89' lang='lat' dir='ltr'><strong>inquit,</strong></span> <span class='ocrx_word' id='word_1_343' title='bbox 882 4545 950 4599; x_wconf 82' lang='lat' dir='ltr'><strong>vet</strong></span> <span class='ocrx_word' id='word_1_344' title='bbox 980 4538 1455 4619; x_wconf 83' lang='lat' dir='ltr'><strong>operante,utoelimus,</strong></span> <span class='ocrx_word' id='word_1_345' title='bbox 1483 4535 1547 4592; x_wconf 83' lang='lat' dir='ltr'><strong>cel</strong></span> 
     </span>
    </p>
   </div>
   <div class='ocr_carea' id='block_1_3' title="bbox 543 4694 598 4702">
    <p class='ocr_par' dir='ltr' id='par_1_4' title="bbox 543 4694 598 4702">
     <span class='ocr_line' id='line_1_39' title="bbox 543 4694 598 4702; baseline -0.018 1"><span class='ocrx_word' id='word_1_346' title='bbox 543 4694 598 4702; x_wconf 74' lang='lat'><strong>——</strong></span> 
     </span>
    </p>
   </div>
   <div class='ocr_carea' id='block_1_4' title="bbox 358 4766 1544 4962">
    <p class='ocr_par' dir='ltr' id='par_1_5' title="bbox 358 4766 1544 4962">
     <span class='ocr_line' id='line_1_40' title="bbox 465 4766 1544 4874; baseline -0.016 -25"><span class='ocrx_word' id='word_1_347' title='bbox 465 4766 1544 4874; x_wconf 29' lang='lat' dir='ltr'><strong>¹mwmffimmmmm-mmmm</strong></span> 
     </span>
     <span class='ocr_line' id='line_1_41' title="bbox 358 4875 670 4962; baseline -0.016 -19"><span class='ocrx_word' id='word_1_348' title='bbox 358 4912 398 4926; x_wconf 90' lang='lat'><strong>-·</strong></span> <span class='ocrx_word' id='word_1_349' title='bbox 417 4879 444 4959; x_wconf 82' lang='lat'><strong>⁴)</strong></span> <span class='ocrx_word' id='word_1_350' title='bbox 459 4882 547 4945; x_wconf 83' lang='lat' dir='ltr'><strong>Rom.</strong></span> <span class='ocrx_word' id='word_1_351' title='bbox 566 4875 670 4962; x_wconf 82' lang='lat'><strong>8,16.</strong></span> 
     </span>
    </p>
   </div>
   <div class='ocr_carea' id='block_1_5' title="bbox 0 0 1908 5625">
    <p class='ocr_par' dir='ltr' id='par_1_6' title="bbox 0 0 1908 5625">
     <span class='ocr_line' id='line_1_42' title="bbox 0 0 1908 5625; baseline 0 0"><span class='ocrx_word' id='word_1_352' title='bbox 0 0 1908 5625; x_wconf 95' lang='lat' dir='ltr'><strong> </strong></span> 
     </span>
    </p>
   </div>
  </div>
 </body>
</html>
