3775 5625
344 425 411 492 200

346 602 462 655 couno
496 589 703 654 Manichaeos
742 589 929 653 defenderat
961 593 994 654 S.
1031 591 1175 665 Doctor,
1216 609 1357 675 unquam
1392 590 1521 665 recessit,

223 736 228 745 ·
344 712 399 763 aut
428 719 499 765 eam
531 720 664 785 nsquam
694 698 960 773 revocavit,'imo
992 699 1099 785 potins
1131 697 1351 773 confirmavit,
1373 695 1522 783 disputan

347 822 461 874 contra
497 809 700 897 Pelagianos.
745 809 826 873 Cum
862 809 947 873 cnim
978 808 1032 873 isti
1064 810 1187 874 arbitrii
1216 808 1401 874 libertatem
1431 807 1522 872 delini·

343 931 417 984 rent
447 940 506 1004 per
537 916 783 984 indifferentiam
815 940 873 983 seu
899 930 1091 1003 potestatem
1117 920 1156 982 ad
1177 917 1380 1003 oppositum,
1401 938 1466 981 non
1483 938 1522 982 rc·

346 1028 512 1103 clamavit,
549 1048 611 1091 nee
648 1028 842 1092 contradixit
872 1027 1092 1114 Augustinus,
1124 1029 1181 1092 sed
1218 1028 1281 1091 duo
1313 1028 1470 1092 duntaxat
1494 1028 1546 1092 ab·

343 1137 424 1222 ipsis
444 1125 643 1221 postulavit:
675 1138 830 1221 primum,
862 1148 896 1200 ut
927 1137 967 1200 ad
999 1147 1144 1201 naturam
1175 1135 1334 1201 libertatis
1366 1134 1546 1200 universim·

280 1289 283 1310 .
346 1245 568 1310 consideratae
600 1265 665 1307 non
703 1245 873 1331 exigerent
908 1256 1103 1329 potestatem
1139 1266 1198 1310 seu
1219 1242 1470 1309 indifferentiam
1496 1245 1546 1310 adl

344 1356 478 1429 malum,
508 1376 603 1440 quum
624 1355 714 1418 Deus
736 1353 816 1418 liber
832 1354 889 1430 sit,
904 1376 967 1418 nec
983 1368 1090 1419 tamen
1105 1355 1180 1418 mali
1197 1374 1315 1439 capax3
1333 1355 1485 1429 alterum,
1501 1366 1546 1418 ut

342 1486 407 1528 non
428 1461 643 1537 affirmarent,
670 1462 831 1527 hominem
852 1463 922 1528 sine
943 1462 1050 1550 gratia
1064 1463 1200 1528 liberum
1216 1484 1291 1528 esse
1308 1484 1412 1547 posse
1428 1464 1468 1528 ad
1481 1464 1546 1528 bo·-

342 1595 417 1637 num
433 1571 556 1637 ordinis
573 1572 835 1657 supernaturalis.
852 1573 910 1636 His
924 1572 1049 1637 duobus
1063 1573 1210 1637 antemiu
1222 1586 1291 1637 tuto
1305 1572 1438 1657 positis,
1454 1574 1530 1638 tdtro

344 1682 516 1747 consessus
533 1694 584 1747 est
601 1685 633 1746 S.
644 1683 780 1756 Doctor,
796 1681 934 1746 hominis
950 1682 1084 1746 m'atoris
1100 1681 1281 1746 libertatem
1295 1681 1330 1746 in
1346 1682 1402 1747 illa
1418 1680 1546 1748 indiffe-

344 1791 449 1856 rentia
464 1813 522 1856 seu
537 1803 697 1876 potestate
714 1793 753 1855 ad
770 1791 963 1876 oppositum,
980 1793 1045 1866 vel,
1061 1793 1146 1876 quod
1161 1791 1248 1855 idem
1264 1803 1326 1865 est,
1343 1791 1376 1856 in
1392 1791 1546 1874 immuni-

264 1952 266 1954 .
346 1913 409 1965 tate
426 1901 465 1965 ab
482 1899 674 1965 ineluctabili
690 1902 729 1964 ad
746 1922 844 1964 unum
860 1900 1125 1965 determinatione
1152 1900 1293 1984 positam
1314 1901 1546 1992 esse¹).·Uud=

345 2031 410 2074 non
428 2010 535 2073 solum
549 2008 752 2095 Augustinus
769 2031 834 2073 non
849 2008 940 2093 ponit
955 2008 1037 2073 inter
1059 2030 1191 2073 errores
1208 2009 1343 2097 Pelagii,
1359 2031 1546 2096 agnoscere

343 2141 416 2185 enm
438 2119 574 2183 liberum
591 2118 755 2183 arbitrium
766 2120 803 2198 ²),
836 2120 895 2183 sed
910 2119 974 2182 boc
990 2139 1146 2203 expresse
1162 2119 1293 2203 probat,
1318 2141 1393 2183 cum
1409 2118 1546 2184 scribit:

343 2231 535 2292 Liberum
551 2236 591 2291 itt
606 2233 830 2292 bominibus
846 2252 936 2291 ease
953 2232 1191 2307 arbitrium,
1210 2238 1243 2292 el
1257 2231 1368 2291 Deum
1385 2252 1461 2292 ease
1475 2252 1546 2296 Μ.-

343 2346 502 2400 acetttium
519 2342 733 2417 conditorem,
751 2346 911 2420 utrique
928 2342 1109 2414 dicimua;
1126 2360 1203 2401 nott
1217 2344 1312 2401 ltine
1328 2347 1429 2401 eatis
1451 2340 1546 2402 Coe-

343 2450 529 2526 lestiam',
554 2456 592 2509 et
611 2450 872 2527 Petaytann).
912 2447 1034 2511 Deinde
1057 2458 1189 2511 sanctus
1211 2448 1307 2511 Pater
1329 2447 1426 2512 valde
1442 2468 1546 2535 negt!

342 2554 426 2629 tulit,
442 2577 538 2640 quum
557 2555 721 2642 Pelagiani
738 2556 897 2631 dicerent,
924 2558 963 2622 ab
981 2557 1053 2641 ipso
1071 2556 1185 2643 negari
1201 2556 1337 2621 liberum
1354 2556 1523 2622 arbitrium

343 2665 427 2750 quod
444 2676 531 2728 certe
548 2685 613 2727 non
630 2664 773 2739 fecisset,
791 2665 819 2729 si
836 2665 1042 2742 credidisset,
1063 2666 1213 2731 haeresin
1231 2687 1307 2731 esse
1323 2667 1546 2753 Pelagianann

343 2772 478 2837 liberum
494 2772 660 2837 arbitrium
677 2772 834 2838 confiteri.
862 2774 946 2850 Ouia
962 2783 1126 2854 nostrum,
1145 2774 1189 2839 ait
1205 2795 1422 2861 conquerens,
1440 2782 1546 2856 dicat

342 2887 432 2966 qnod
441 2890 541 2963 primi
555 2889 696 2946 dominia
717 2893 851 2965 peceato
870 2892 1050 2965 perierit
1069 2888 1238 2948 liberum
1262 2890 1484 2950 arbitrium
1498 2891 1546 2949 th

343 2999 513 3055 humano
541 2992 748 3072 qenere⁴)?
780 2994 841 3056 Et:
875 2995 985 3056 Mulio
1010 3001 1119 3056 minna
1136 2999 1296 3075 dicerem,
1315 3001 1408 3079 quod
1421 3020 1473 3059 me
1489 3001 1546 3067 die

343 3109 437 3164 nisae
461 3110 632 3180 mentiris,
661 3111 776 3180 negari
792 3107 930 3166 liberum
948 3107 1123 3166 arbitrium
1130 3149 1142 3183 ,
1160 3111 1191 3166 ai
1205 3112 1318 3183 prolia
1335 3110 1546 3169 commeante·

344 3220 416 3287 tur;
448 3221 481 3273 et
510 3219 625 3288 nepari
646 3220 806 3290 qratiam,
834 3220 864 3274 ai
889 3216 1027 3274 liberum
1049 3218 1293 3278 cominendelur
1317 3218 1546 3293 arbitrium]

345 3321 488 3384 Tandem
505 3323 770 3406 quemadmodum
794 3321 826 3384 in
852 3321 941 3385 libris
965 3327 1003 3384 de
1024 3325 1077 3385 tto.
1097 3327 1256 3404 arbitrio,
1296 3337 1329 3389 et
1350 3325 1385 3389 in
1402 3324 1546 3396 librod

343 3452 422 3492 vera
452 3434 625 3509 reiiqione,
660 3452 740 3516 quos
772 3431 904 3515 scripsit
943 3444 1113 3517 antequam
1133 3454 1251 3497 nomen
1278 3435 1405 3521 Pelagii
1442 3434 1546 3499 audi!

346 3538 520 3621 coepisset,
541 3551 647 3603 tuetur
677 3540 876 3627 Augustinus
908 3540 1043 3605 liberum
1074 3541 1241 3605 arbitrium
1264 3545 1424 3613 adversus
1447 3534 1546 3609 nani

347 3648 480 3721 chaeoS‚
500 3647 551 3711 bis
568 3648 772 3732 potissimum
788 3649 1005 3736 argumentis,
1044 3652 1128 3735 quod
1150 3651 1289 3737 alioquin
1311 3654 1446 3719 tollatur
1462 3642 1546 3739 judi

346 3754 430 3818 cium
446 3754 522 3830 Dei,
554 3757 704 3821 tollantur
720 3759 828 3845 leges,
850 3759 1100 3834 admonitiones,
1118 3762 1376 3838 cohortationes,
1408 3775 1546 3849 poenae

346 3862 504 3946 praemia,
537 3876 569 3927 et
591 3864 652 3929 alia
672 3866 704 3928 id
731 3887 852 3952 genus3
884 3868 929 3931 ita
959 3867 1074 3931 iisdem
1099 3869 1230 3933 omnino
1253 3871 1438 3938 rationibus
1462 3873 1546 3943 ide!

458 4120 482 4199 ¹)
501 4121 545 4182 Of.
573 4122 662 4197 Oper.
686 4123 809 4201 imperf.
827 4129 900 4185 cira.
917 4125 1036 4185 Julian.
1055 4127 1073 4186 l.
1092 4129 1120 4186 l.
1139 4146 1162 4186 e.
1182 4129 1230 4187 78.
1264 4128 1302 4188 T.
1324 4126 1377 4190 10.
1396 4149 1421 4190 o.
1439 4125 1502 4191 924

348 4231 373 4270 o.
390 4213 440 4272 82.
458 4232 483 4270 c.
501 4209 565 4273 921
593 4233 618 4274 a.
642 4214 709 4275 coll.
732 4235 756 4275 c.
777 4218 819 4274 84
835 4235 860 4278 e.
877 4212 952 4276 922.
971 4218 990 4276 l.
1006 4219 1035 4276 3.
1053 4236 1077 4276 c.
1095 4219 1165 4278 122.
1183 4238 1209 4278 o.
1229 4214 1328 4280 1110.
1346 4221 1367 4280 l.
1388 4223 1416 4280 6.
1433 4241 1458 4284 c.
1474 4222 1500 4281 9.
1543 4245 1546 4257 ·

350 4298 447 4363 1300.
479 4304 527 4361 De
543 4303 620 4380 spir.
638 4310 667 4362 el
681 4304 736 4366 tin.
754 4326 778 4363 c.
795 4309 845 4364 31.
863 4326 892 4367 n.
910 4308 1025 4368 53-4.
1044 4302 1082 4368 T.
1102 4304 1153 4368 10.
1171 4329 1196 4368 c.
1216 4304 1282 4368 114
1299 4330 1340 4371 ss.
1376 4346 1420 4356 -
1452 4312 1478 4392 ²)
1497 4304 1546 4365 C

349 4394 482 4455 Retract.
505 4395 523 4454 l.
552 4396 580 4452 1.
605 4414 629 4457 c.
652 4397 680 4456 9.
697 4396 735 4456 T.
754 4393 783 4456 1.
802 4417 828 4457 o.
848 4393 887 4457 ll
907 4417 947 4457 ss.
987 4399 1035 4455 De
1050 4400 1164 4458 haeres.
1182 4419 1207 4460 e.
1224 4402 1275 4459 88.
1295 4401 1333 4462 T.
1353 4399 1384 4463 8.
1402 4423 1427 4463 e.
1443 4397 1484 4462 25
1504 4412 1546 4457 σε

350 4483 414 4543 Otr.
438 4486 517 4542 duas
538 4483 623 4560 epist.
642 4487 747 4560 Pelny.
765 4488 784 4548 l.
801 4489 830 4548 4.
847 4507 876 4547 tt.
893 4489 943 4548 33.
973 4488 1011 4549 T.
1030 4485 1080 4549 10.
1099 4506 1127 4549 c.
1144 4487 1220 4550 492.
1240 4493 1288 4549 De
1300 4500 1417 4564 peccat.
1432 4509 1501 4551 mar.
1526 4500 1546 4545 d

350 4590 420 4634 rem.
439 4574 458 4632 l.
476 4578 504 4632 2.
521 4593 546 4633 c.
564 4578 592 4633 2.
610 4595 640 4635 a.
658 4580 686 4636 2.
704 4576 742 4638 T.
761 4573 812 4637 10.
830 4597 853 4638 c.
871 4573 925 4638 40.
942 4613 985 4622 —-
1004 4577 1028 4657 ³)
1045 4581 1192 4654 Dennpt.
1210 4588 1381 4658 eieoacnp.
1399 4585 1454 4647 li.
1470 4578 1534 4643 cd.

349 4682 378 4722 n.
396 4665 425 4721 8.
443 4665 481 4724 Τ.
500 4659 552 4722 10.
571 4684 595 4725 c.
613 4660 688 4726 305.
706 4664 752 4726 cf.
783 4666 833 4724 Aa
853 4668 998 4746 Bonifae.
1023 4676 1099 4730 cont.
1122 4673 1200 4730 duos
1224 4679 1277 4732 etc.
1295 4675 1316 4731 l.
1334 4677 1365 4736 4.
1382 4694 1406 4735 e.
1421 4677 1448 4735 3.
1462 4669 1525 4731 aad.

350 4752 388 4810 T.
413 4749 464 4815 10.
487 4773 511 4814 c.
537 4748 612 4815 469.
646 4790 687 4799 -
720 4755 746 4835 ⁴)
772 4758 822 4816 At
841 4759 987 4835 Bonifcm
1012 4768 1064 4822 etc.
1082 4763 1100 4820 l.
1119 4764 1147 4822 1.
1165 4781 1191 4825 c.
1208 4766 1237 4824 2.
1255 4784 1286 4825 n.
1304 4766 1335 4825 5.
1354 4785 1379 4827 c.
1397 4759 1464 4826 413.
1488 4789 1519 4804 ’-

352 4843 380 4916 ε)
398 4842 473 4904 aaa.
489 4844 554 4903 Jat.
571 4845 591 4902 t.
609 4847 638 4906 4.
656 4865 680 4904 ο.
698 4848 727 4905 a.
745 4867 775 4907 a.
792 4850 843 4909 47.
860 4850 898 4910 n.
919 4846 970 4910 10.
988 4871 1013 4914 a.
1031 4847 1105 4912 608.
