3775 5625
1467 423 1531 493 att

438 597 629 656 Vendiderat
645 615 716 655 sese
733 607 833 655 tamen
851 596 957 664 bomu;
973 614 1080 655 verum
1098 615 1133 654 ae
1149 596 1226 672 ipse,
1243 597 1318 657 lieet
1334 597 1534 655 redemtionis

273 727 461 786 capax,
491 708 643 768 redimere
665 708 743 767 baud
760 716 891 783 poterat.
923 706 1117 783 Quapropter
1132 709 1218 765 Deua
1241 726 1296 783 pro
1313 707 1433 766 infinita
1449 707 1533 765 boni·

271 840 340 888 t.
348 830 429 889 te,
445 836 504 895 qua
519 817 670 876 bominem
687 836 808 885 creare,
826 815 944 893 sibique
961 817 1100 891 perfecte
1118 816 1307 894 conjungere
1325 833 1360 876 ac
1377 817 1466 875 unire
1482 817 1534 876 de·

272 952 351 998 et·
362 935 510 1006 evenat,
531 926 561 984 in
583 924 758 985 visceribus
775 926 841 984 suis
858 925 1073 984 misericordia
1090 933 1191 984 tactus
1207 925 1292 984 illum
1310 943 1327 983 e
1345 926 1448 997 malis,
1471 927 1534 1003 qul·

272 1050 359 1107 bu
372 1056 406 1096 a
421 1038 587 1095 immersus
604 1044 670 1105 est,
686 1036 837 1106 liberare,
854 1036 914 1093 sibi
931 1035 1135 1093 abalienatum
1152 1034 1367 1116 reconciliare,
1384 1045 1415 1094 et
1430 1036 1535 1112 pristi-

276 1168 360 1213 nu
372 1165 419 1205 ln
436 1155 550 1204 statum
565 1145 759 1204 innocentiae
776 1146 896 1214 mentis,
913 1144 1154 1203 immortalitatis
1168 1145 1308 1220 eorporis
1326 1154 1418 1222 atque
1435 1146 1536 1205 excel·

280 1254 461 1321 tentiae
493 1272 587 1330 super
615 1272 720 1312 omnes
746 1255 823 1313 alias
848 1273 901 1312 res
925 1263 1050 1313 creatas
1067 1254 1095 1311 ei
1111 1254 1279 1312 restituere
1305 1254 1418 1323 voluit,
1445 1264 1537 1332 atque

284 1369 416 1429 ideo
439 1359 618 1433 de'hostia,
649 1381 705 1440 per
728 1383 817 1441 mam
841 1363 1020 1423 auctoritati
1043 1361 1212 1421 inviolabili
1229 1363 1445 1423 sanctissimae
1462 1381 1537 1423 suae
1627 1425 1643 1442 ff·

289 1481 325 1536 te
336 1474 430 1551 gis
447 1472 628 1542 satisfieret,
644 1472 786 1547 providit.
808 1474 873 1529 Non
892 1481 1013 1548 poterat
1030 1472 1109 1529 enim
1127 1474 1213 1530 Deus
1230 1481 1390 1547 peccatum
1407 1472 1538 1532 bominis
1641 1443 1656 1458 ..

296 1587 363 1643 iun
372 1582 527 1658 punitum
544 1581 715 1651 dimittere,
732 1581 802 1658 quia
813 1581 918 1655 justus
936 1590 995 1649 est,
1013 1599 1069 1639 nec
1087 1599 1145 1638 non
1165 1612 1176 1626 ·
1194 1590 1334 1639 sanatum
1351 1582 1538 1659 relinquere,

302 1692 421 1769 quia
436 1689 618 1750 misericors
634 1700 693 1752 est.
733 1690 986 1748 satisfactionem
1004 1700 1105 1748 autem
1120 1690 1205 1748 illam
1222 1690 1381 1749 sanctitati
1398 1709 1433 1749 ac
1446 1690 1537 1765 justi·

305 1802 412 1859 tiae
435 1799 571 1870 divinae,
592 1809 684 1874 prout
705 1809 835 1857 naturae
860 1808 989 1855 nostrae
1009 1797 1280 1869 instaurationem,
1301 1808 1464 1874 praestare
1481 1815 1539 1862 nee

239 1919 242 1926 '
308 1918 484 1986 poterat,
501 1908 562 1966 nisi
576 1910 692 1977 Deua,
710 1927 799 1984 quum
817 1927 875 1966 non
893 1909 993 1965 minus
1011 1908 1052 1966 sit
1068 1909 1145 1966 bene
1163 1925 1244 1989 esse,
1257 1926 1345 1985 quam
1358 1909 1539 1985 simpliciter

312 2036 438 2097 esse,
460 2036 518 2076 nec
543 2018 691 2085 debebat,
717 2018 778 2076 nisi
795 2018 915 2085 bomo;
931 2035 1063 2076 neccsse
1080 2028 1158 2096 ergo
1175 2028 1253 2088 erat,
1270 2018 1401 2077 utillum
1420 2019 1540 2079 faceret

312 2127 340 2183 l)
358 2144 398 2184 e
412 2124 635 2201 us·bomo¹).

457 2256 595 2313 Verbum
626 2255 730 2332 itaque
763 2254 922 2326 divinum,
962 2274 1017 2332 per
1039 2256 1118 2336 quod
1136 2256 1302 2337 omnia,et
1318 2265 1444 2333 propter
1461 2257 1539 2334 quod

316 2364 453 2422 omnia
478 2365 562 2424 facta
593 2375 683 2434 sunt,
705 2383 799 2425 carne
821 2374 929 2424 nostra
946 2375 1099 2435 assumta,
1118 2384 1218 2445 genus
1235 2366 1398 2425 humanum
1415 2366 1539 2444 ingres·

317 2487 437 2552 sum,
462 2474 529 2548 ejus
550 2476 721 2533 membrum
745 2494 781 2535 ac
804 2484 894 2552 caput
911 2477 1055 2535 effectum
1073 2485 1137 2546 est,
1154 2476 1198 2535 ita
1219 2486 1253 2535 ut
1270 2495 1348 2555 ergo
1366 2476 1540 2536 satisfactio

319 2578 363 2634 ab
413 2582 494 2658 ipso,
519 2585 618 2660 capite
635 2594 763 2653 nostro,
780 2585 946 2661 praestita,
964 2585 1138 2646 satisfactio
1155 2594 1273 2656 nostra,
1290 2587 1311 2648 i.
1329 2605 1355 2646 e.
1373 2586 1468 2644 totius
1486 2603 1541 2664 ge·

319 2691 438 2748 neris
454 2692 578 2750 humani
595 2694 646 2763 sit,
663 2702 753 2770 atque
771 2694 826 2752 tali
841 2694 963 2753 ratione
979 2697 1081 2765 Deus,
1104 2705 1195 2771 prout
1212 2696 1312 2755 omnia
1327 2712 1384 2771 per
1400 2694 1541 2753 Verbum

322 2811 532 2871 creaverat,
561 2821 617 2879 per
633 2803 713 2862 idem
730 2803 869 2862 Verbum
885 2803 1097 2873 incarnatum,
1120 2804 1150 2862 in
1177 2823 1294 2883 genere
1312 2804 1442 2863 humano
1460 2802 1541 2862 exsi-

324 2913 457 2980 stens,
488 2911 543 2970 sed
576 2920 607 2970 et
637 2912 728 2970 simul
745 2931 840 2989 supra
863 2913 939 2972 illud
961 2915 1090 2982 elatum,
1112 2914 1211 2973 omnia
1231 2914 1386 2973 instauret
1410 2933 1446 2974 au
1469 2932 1540 2976 oon·

325 3031 492 3081 summat.

456 3134 599 3190 Attamen
632 3148 691 3189 non
723 3139 846 3206 poterat
876 3134 972 3192 Pater
1004 3132 1150 3193 eoelestis
1174 3133 1297 3192 mittere
1318 3133 1427 3193 l'ilium
1453 3152 1541 3193 suum

331 3235 557 3315 unigenitum,
584 3250 744 3316 antequam
766 3258 865 3319 genus
888 3252 974 3301 esset
993 3252 1210 3320 praeparatum
1232 3244 1267 3302 ad
1286 3243 1352 3317 ejus
1370 3244 1542 3306 adventum.

332 3341 460 3408 Nullus
483 3349 563 3408 enim
585 3350 706 3427 quaemt
727 3350 893 3420 medicum,
911 3352 970 3410 nisi
986 3363 1211 3431 recognoscat,
1228 3344 1263 3411 se
1280 3371 1350 3411 esse
1369 3361 1542 3431 aegrotum.

336 3447 547 3536 Quapropter
564 3461 694 3518 debebat
723 3459 819 3535 prius>
833 3479 962 3531 sensus,
984 3462 1204 3522 redemtionem
1227 3481 1297 3521 esse
1314 3461 1538 3533 necessariam,

337 3564 440 3632 atqu,
473 3569 660 3628 desiderium
682 3569 877 3627 Redemtoris
898 3570 928 3628 in
952 3571 1124 3630 hominibus
1142 3571 1282 3632 excitari.
1323 3572 1408 3646 Quod
1426 3572 1542 3630 factum

339 3675 393 3722 ⁸⁸1
416 3680 529 3747 partim
547 3699 593 3748 eo,
611 3679 689 3756 quod
705 3681 793 3738 Deus
809 3680 965 3740 vaticiniis
982 3681 1062 3739 datis
1080 3680 1208 3758 aliisque
1226 3682 1389 3750 institutis,
1408 3681 1542 3739 futuram

338 3775 573 3848 redemtionem
590 3788 850 3859 adumbrantibus,
868 3792 974 3850 oculos
995 3791 1149 3850 bominum
1167 3791 1203 3849 ad
1222 3792 1417 3851 salvatorem
1436 3799 1541 3849 ventu·

337 3895 415 3944 ΝΜ
432 3898 606 3967 convertit,
632 3899 807 3975 pertimeo,
825 3901 902 3976 quod
919 3910 1080 3976 peceatum
1096 3901 1176 3970 illis,
1204 3901 1254 3978 qui
1270 3901 1368 3976 ipsius
1385 3899 1489 3959 ductui
1507 3916 1542 3956 se

337 3988 589 4076 ⁸¹¹btraheham,
632 4025 779 4066 sensuum
811 4009 975 4068 desideriis
1007 4009 1170 4088 indulgere
1202 4011 1358 4078 volentes,
1392 4007 1543 4075 dominari

336 4111 501 4176 immisit.
529 4117 605 4176 lllud
637 4117 752 4176 factum
770 4118 887 4176 esseio
913 4118 1096 4188 Judaismo,
1120 4119 1178 4178 hoc
1204 4119 1234 4177 in
1253 4117 1447 4187 Gentilismo,
1470 4135 1541 4177 con·

337 4205 510 4289 ⁸Pissimus.
1112 4231 1114 4237 '

337 4369 566 4406 χ.-

344 4558 349 4570 ‚
460 4497 487 4574 ¹)
506 4497 659 4561 (lfIreu.
691 4502 769 4565 Ado.
786 4503 868 4562 baec.
886 4503 905 4560 l.
922 4503 951 4561 3.
970 4520 996 4563 o.
1013 4504 1063 4562 18.
1088 4522 1119 4581 p.
1137 4497 1202 4564 209
1220 4520 1259 4563 ss.
1290 4489 1476 4561 Albanas.
1502 4501 1543 4558 Ia

339 4561 445 4643 atiud,
462 4590 572 4649 Omnia
587 4590 664 4650 mibi
679 4592 796 4651 tradita
811 4599 890 4663 sual,
909 4600 961 4656 ete.
977 4613 1008 4656 n.
1025 4598 1053 4652 2.
1088 4591 1166 4673 Opp.
1184 4593 1223 4653 Τ.
1241 4589 1270 4653 Ῐ.
1288 4613 1318 4672 p.
1335 4589 1388 4654 42.
1408 4588 1542 4670 cyrill.

340 4649 389 4750 Α)
400 4689 454 4742 ex.
470 4683 517 4738 De
532 4683 658 4741 Inuera.
677 4681 757 4761 Opp.
776 4684 814 4742 Τ.
831 4679 863 4747 5.
880 4685 916 4744 P.
937 4681 966 4745 1.
982 4705 1012 4764 p.
1029 4680 1105 4746 584.
1128 4683 1250 4743 Basil.
1273 4685 1313 4742 In
1328 4687 1382 4743 Pa.
1406 4685 1457 4744 48.
1474 4701 1505 4743 n.
1522 4684 1543 4741 3

234 4782 258 4828 t·
342 4765 599 4850 “4.0pp.T.1.
618 4795 647 4852 p.
668 4771 741 4834 180.
759 4772 923 4835 Ambros.
940 4777 982 4834 In
997 4777 1051 4835 Pa.
1070 4771 1400 4854 48.e.17.0pp.r.1.
1418 4793 1443 4833 o.
1461 4769 1538 4841 942.

347 4830 503 4928 insutu.
539 4863 828 4932 OarDeatomot
853 4868 874 4931 l.
891 4870 920 4932 1.
937 4886 963 4931 o.
980 4869 1029 4927 12.
1047 4874 1078 4926 et
1094 4869 1143 4927 24.
1162 4863 1242 4948 Opp.
1259 4886 1290 4952 p.
1309 4861 1350 4926 79
1368 4858 1496 4936 atlas,
