3775 5625
352 429 417 494 332

349 593 403 667 tia,
419 604 513 677 atque
530 611 566 654 se
583 610 703 676 negare
721 611 783 652 non
801 602 918 674 potest,
935 600 1102 674 peccatum
1119 587 1181 652 sibi
1196 610 1333 673 prorsus
1351 587 1535 672 oppositum,

349 700 492 767 aversari
509 721 547 764 ac
562 720 681 783 poena,
699 711 731 761 et
747 698 872 784 quidem
890 700 1001 782 culpae
1018 697 1247 770 conveniente,
1274 696 1409 762 afficere
1443 699 1536 773 debet,

349 789 485 896 illudque
496 808 681 894 impunitum
693 807 872 892 relinquere
884 819 938 871 ant
956 809 1139 871 condonare
1155 829 1219 870 non
1237 819 1347 891 potest
1355 812 1395 885 ¹),
1412 806 1476 871 nisi
1492 828 1537 891 per

348 942 486 1006 poenam
501 920 585 984 illam
602 917 819 1002 promer-itam,
835 916 970 1001 injuriae
985 917 1089 981 illatae
1107 918 1368 1001 respondentem,
1386 929 1442 980 aut
1457 916 1538 981 aliam

348 1029 393 1094 illi
416 1028 663 1115 aequivalentem
685 1039 878 1101 sustentam,
901 1026 1018 1111 injuria
1033 1027 1084 1091 illa
1102 1026 1192 1112 quasi
1210 1038 1422 1111 compensata
1438 1046 1477 1091 ac
1491 1027 1537 1090 bo·

349 1161 410 1203 nor
428 1140 533 1202 laesus
549 1135 733 1209 restitutus,
750 1148 783 1199 et
798 1135 847 1200 sic
863 1135 1025 1200 sanctitati
1041 1156 1079 1199 ac
1090 1135 1234 1219 justitiae
1252 1134 1394 1210 divinae,
1419 1156 1479 1200 seu
1494 1156 1538 1198 an·

349 1246 489 1327 ctoritati
506 1247 588 1309 baud
605 1243 771 1308 violandae
787 1243 870 1331 legis
893 1244 1017 1308 divinae
1040 1244 1239 1308 satisfactum
1261 1244 1367 1308 fuerit.
1391 1244 1497 1322 Quare
1510 1256 1541 1308 ut

347 1368 480 1441 propter
501 1367 684 1440 peccatum,
706 1374 765 1438 per
787 1355 871 1439 qnod
887 1353 919 1416 in
936 1355 1075 1427 Adamo‚
1098 1353 1229 1441 generis
1245 1353 1375 1418 hnmani
1391 1353 1511 1439 capite,
1525 1375 1541 1418 a

347 1468 416 1529 Deo
434 1464 535 1528 avulsi
551 1486 672 1537 sumus,
689 1476 720 1526 et
738 1476 871 1548 propter
888 1463 948 1527 alia
963 1463 1119 1536 delicta‚a
1136 1462 1249 1547 quovis
1265 1475 1416 1527 nostrum
1433 1447 1542 1548 sponte

347 1576 486 1659 adjecta,
502 1572 709 1658 promeritam
726 1594 863 1657 poenam
880 1585 1043 1636 aeternam
1060 1571 1168 1636 snbire
1186 1573 1276 1635 band·
1286 1573 1473 1647 debeamus,
1489 1574 1542 1636 sed

347 1682 528 1767 apeccatis
560 1682 681 1745 nostris
714 1681 900 1745 liberemur:
931 1681 1150 1745 necessarium
1178 1693 1247 1744 erat
1268 1682 1306 1744 de
1324 1679 1543 1745 satisfactione

346 1791 524 1876 provideri,
541 1812 620 1876 qnae
638 1812 656 1855 a
672 1812 792 1877 genere
809 1792 964 1865 humano,
982 1792 1066 1875 quod
1083 1790 1238 1874 peccavit,
1256 1789 1384 1875 quidem
1403 1791 1542 1854 solvere·

346 1914 397 1965 tur
406 1907 449 1980 ²),
473 1902 530 1964 sed
551 1900 644 1965 simul
668 1913 756 1964 esset
778 1899 872 1985 pretii
895 1899 1024 1973 infiniti,
1048 1901 1085 1963 ad
1102 1899 1258 1963 infinitam
1275 1899 1402 1984 peccati
1421 1900 1543 1983 culpam

345 2012 534 2083 tollendam,
554 2012 696 2095 adeoque
717 2031 893 2095 aper-sona
913 2009 1079 2096 dignitatis
1100 2008 1242 2073 infinitae
1265 2007 1437 2093 praestita3
1464 2028 1543 2080 nam,

262 2180 266 2184 .
345 2120 485 2207 dignitas
501 2119 661 2193 exterior,
679 2141 758 2205 qnae
775 2122 814 2184 ad
832 2119 1019 2207 dignitatem
1043 2118 1230 2182 interiorem
1252 2117 1394 2192 accedit,
1412 2138 1542 2202 eamque

345 2241 456 2315 auget,
479 2229 587 2313 operis
609 2227 832 2302 satisfactorii,
849 2241 883 2291 nt
900 2227 1043 2313 cujusvis
1060 2227 1140 2292 alins
1157 2226 1234 2291 boni
1250 2225 1376 2311 operis,
1395 2224 1541 2291 aestima-

346 2351 396 2402 tur
412 2360 477 2402 non
496 2360 538 2401 ex
553 2338 736 2402 conditione
768 2337 870 2422 ipsius
893 2338 1017 2423 operis,
1036 2360 1053 2402 e
1070 2358 1131 2423 qua
1153 2338 1223 2401 sola
1244 2336 1372 2399 interna
1405 2333 1541 2424 dignitas

346 2449 453 2533 operis
474 2448 604 2532 pendet,
626 2450 684 2511 sed
703 2469 720 2510 e
739 2446 921 2511 conditione
948 2468 1108 2532 personae
1140 2444 1387 2520 satisfacientis,
1412 2458 1446 2510 et
1461 2444 1541 2510 sicut
1574 2472 1586 2513 .·

345 2557 488 2622 offensae
510 2555 653 2643 gravitas
675 2556 793 2641 petitur
815 2578 858 2621 ex
880 2557 1036 2644 dignitate
1059 2575 1235 2642 personae,
1262 2575 1343 2641 quae
1360 2554 1539 2629 offenditur,
1562 2608 1586 2636 ε

344 2667 389 2731 ita
404 2665 540 2751 pretium
560 2665 791 2730 satisfactionis
808 2688 850 2730 ex
866 2665 1022 2754 dignitate
1043 2686 1217 2750 personae,
1235 2685 1315 2750 quae
1332 2663 1537 2744 satisfaciet).
1553 2715 1581 2732 .

344 2778 421 2841 lllud
438 2787 543 2840 autem
561 2787 681 2840 tantum
698 2797 737 2840 eo
754 2774 824 2840 fieri
841 2774 959 2862 potuit,
982 2777 1066 2862 quod
1089 2775 1236 2841 Christus
1253 2773 1428 2850 Dominus,
1444 2773 1586 2843 Fituse

344 2886 403 2950 Dei
426 2885 626 2959 incarnatus,
647 2908 706 2971 pro
732 2886 823 2950 nobis
846 2908 962 2970 passus
987 2907 1025 2950 ac
1041 2899 1185 2950 mortuus
1218 2898 1277 2949 est.
1309 2883 1438 2949 Etenim
1471 2907 1586 2952 cumn

345 2996 492 3061 Christus
523 3009 689 3081 utramque
721 3008 881 3070 naturam,
914 2996 1051 3060 divinam
1073 3017 1110 3060 ac
1131 2998 1316 3069 humanam,
1337 2990 1582 3063 inderauuda

306 3095 312 3103 ¹
345 3108 547 3190 conjunctam
569 3107 717 3170 baberet:
739 3106 808 3191 ipse
831 3128 891 3191 pro
908 3127 966 3170 sua
982 3119 1095 3170 natura
1110 3107 1247 3169 hnmana
1263 3128 1327 3169 non
1344 3118 1468 3170 tantum
1483 3125 1586 3190 per!

344 3215 530 3300 passionem
555 3237 593 3279 ac
617 3228 752 3279 mortem
769 3216 868 3279 libere
887 3229 1071 3301 susceptam
1092 3237 1228 3300 poenam
1246 3238 1305 3300 pro
1323 3215 1467 3299 peccatis
1484 3237 1586 3279 κιο-ι

345 3326 422 3390 stris
445 3325 554 3390 subire
575 3338 716 3410 poterat,
738 3328 796 3390 sed
813 3338 845 3389 et
860 3325 970 3410 passio
987 3328 1074 3410 ejus,
1093 3338 1202 3410 utpote
1218 3325 1354 3389 membri
1371 3346 1410 3389 ao
1427 3325 1573 3411 capitis

342 3436 410 3500 veri
432 3434 563 3522 generis
596 3436 699 3499 nostri
731 3435 841 3520 passio
864 3449 976 3500 nostra
1000 3449 1066 3510 est,
1090 3457 1150 3519 pro
1173 3448 1287 3498 natura
1303 3434 1410 3499 divina
1426 3447 1586 3499 autem·

343 3565 404 3630 qna
427 3566 499 3608 cnm
521 3555 633 3606 natura
664 3545 800 3608 hnmana
832 3545 1083 3609 substantialiter
1116 3547 1320 3629 conjunctam
1341 3547 1381 3608 ad
1405 3544 1586 3609 divinar-

344 3652 584 3718 subsistentiam
612 3655 783 3726 extulerat,
809 3654 952 3738 passioni
969 3676 1006 3718 ac
1023 3654 1119 3717 morti
1136 3675 1213 3718 snae
1230 3654 1367 3739 pretium
1386 3653 1586 3717 insanitur-

338 3840 557 3857 μ

450 3949 477 4022 ¹)
496 3943 542 4006 Of.
559 3947 611 4006 Ps.
629 3943 660 4020 5,
678 3943 775 4008 6—7.
794 3945 824 4018 6,
842 3945 872 4009 2.
891 3948 980 4007 Zach.
1001 3944 1032 4020 8,
1053 3946 1103 4008 i'l.
1121 3949 1207 4007 Rom.
1228 3945 1322 4028 l‚l8.
1340 3945 1586 4024 2,5-6.-·-

345 4033 373 4122 ²)
391 4036 436 4096 Ol.
456 4037 589 4117 Oyrill.
607 4039 712 4096 Alex.
737 4041 784 4097 De
808 4042 933 4099 Incero.
958 4039 1082 4114 Unipen.
1110 4036 1189 4118 Opp.
1209 4041 1247 4100 T.
1264 4035 1295 4100 5.
1313 4039 1349 4101 P.
1370 4032 1584 4118 1.p.681=·

343 4130 380 4190 Ε.
398 4138 430 4187 ct
446 4129 607 4191 Ansalm.
642 4129 707 4188 Oen
737 4133 826 4188 Dens
843 4131 953 4189 bomo?
969 4133 987 4189 l.
1006 4133 1034 4187 2.
1053 4150 1077 4189 c.
1098 4133 1124 4188 7.
1143 4127 1222 4210 Opp.
1240 4151 1270 4209 p.
1290 4126 1342 4192 88.
1362 4133 1382 4189 l.
1401 4134 1428 4192 1.
1447 4149 1469 4189 e.
1485 4128 1575 4188 12-

342 4242 373 4300 P·
393 4217 445 4282 79.
462 4239 486 4278 c.
505 4224 554 4283 20.
574 4244 603 4300 p.
622 4217 675 4281 84.
694 4256 734 4264 —
753 4215 780 4302 ³)
798 4220 841 4280 Of.
860 4221 1042 4279 Athenas.
1061 4223 1110 4279 De
1126 4223 1253 4281 Incero.
1271 4241 1301 4282 n.
1321 4224 1348 4281 7.
1368 4214 1536 4301 Opp.T.l
1556 4253 1566 4267 ·

343 4313 379 4372 P.
399 4309 427 4371 l.
446 4332 475 4389 p.
492 4307 545 4372 53.
572 4313 648 4371 Onne
664 4311 772 4370 Patris
790 4312 833 4368 sit
852 4313 978 4370 Verbum
993 4318 1023 4368 et
1038 4312 1176 4370 omnibns
1193 4315 1278 4387 lonpe
1295 4314 1462 4382 arateeellot,
1482 4325 1558 4367 so-

343 4405 401 4461 lus
426 4403 755 4476 quoqneipseideirco
787 4403 1010 4461 instaurare
1035 4410 1207 4476 poterat:
1241 4405 1351 4461 solus
1383 4403 1549 4460 idoneos

337 4493 430 4571 fuit,
450 4493 594 4568 quipro
611 4494 997 4568 ornnibnspateretnr.
1011 4482 1532 4571 AugustinEnebir.c.108.T.6·

344 4605 369 4644 c.
386 4581 462 4644 237.
481 4585 584 4658 Neque
595 4604 654 4659 per
670 4585 772 4658 aprum
789 4585 987 4644 liberaremur
1001 4605 1095 4643 enum
1111 4585 1311 4644 Mediatorem
1325 4585 1388 4643 Dei
1404 4590 1429 4641 et
1442 4574 1524 4640 torni-

343 4694 415 4732 nnm
430 4677 537 4734 Jesnm
555 4674 724 4749 Uiriatum,
749 4676 829 4734 nisi
852 4682 953 4734 esset
975 4683 1006 4733 et
1020 4678 1130 4734 Deua.
1154 4677 1250 4738 Iren.
1270 4677 1356 4735 Oont.
1374 4677 1450 4736 beer.
1464 4667 1516 4728 ld·

344 4786 369 4824 e.
387 4767 436 4823 18.
454 4785 484 4823 n.
502 4769 529 4824 7.
547 4788 575 4845 p.
593 4762 669 4827 211.
687 4767 806 4825 Basil.
825 4769 865 4825 Io
881 4769 936 4828 Po.
954 4770 1004 4827 48.
1023 4787 1053 4826 o.
1071 4769 1100 4826 4.
1119 4764 1199 4846 Opp.
1218 4768 1257 4829 T.
1277 4763 1307 4830 l.
1324 4789 1354 4846 p.
1374 4762 1442 4828 181.
1455 4761 1508 4821 tn

342 4857 383 4921 M.
401 4854 496 4916 Serra.
515 4859 564 4916 50.
583 4860 631 4915 De
642 4876 729 4935 poss.
749 4861 839 4917 Dem.
859 4861 886 4916 1.
905 4878 929 4916 c.
949 4861 976 4919 1.
995 4861 1023 4916 2.
1043 4857 1122 4940 Opp.
1140 4879 1170 4937 p.
1190 4855 1264 4922 119.
1283 4858 1325 4921 Et
1342 4857 1380 4922 al.
