3775 5625
344 445 410 513 382

453 609 585 677 Gratia
607 609 945 697 supernaturalis,
972 610 1010 674 de
1032 629 1093 696 qua
1109 610 1202 675 nobis
1218 610 1271 676 lrio
1287 623 1412 677 tautum
1427 633 1521 678 sermo

344 732 405 794 est,
422 720 616 785 discernitur
632 720 664 784 iu
680 719 855 807 gratiam
873 718 1112 784 conditoris
1138 732 1177 783 et
1192 720 1360 807 gratiam
1376 722 1519 786 Redeu-

343 828 454 893 toris.
479 828 615 893 Gratia
644 827 893 902 Conditoris,
915 848 1008 913 quarn
1025 828 1120 892 etiam
1143 828 1339 894 sanitatis
1367 830 1519 915 adpellant,

343 951 394 1003 est
409 938 472 1013 illa,
489 958 582 1024 quam
598 938 687 1001 Deus
703 958 744 1002 ex
760 957 849 1001 mera
865 936 1052 1001 liberalitate
1068 937 1187 1001 homini
1203 940 1372 1025 nonlapso‚
1390 940 1518 1026 adeoque

342 1068 407 1111 non
422 1046 560 1131 positive
580 1046 730 1133 indigno,
747 1059 839 1132 atque
855 1048 940 1110 nullo
957 1046 1080 1131 peccati
1097 1048 1228 1111 vulnere
1245 1060 1298 1112 ant
1316 1050 1432 1113 morbo
1448 1048 1512 1113 affli-

344 1168 396 1220 cto
429 1153 638 1235 concessit¹).
671 1155 807 1219 Gratia
845 1154 1107 1230 Redemtoris,
1147 1155 1241 1220 etiam
1281 1154 1516 1222 medicinalia

345 1265 438 1342 dicta,
455 1286 493 1330 ea
508 1278 568 1340 est,
585 1286 664 1351 quae
681 1286 744 1329 non
762 1277 826 1329 tem
843 1286 884 1328 ex
898 1263 1097 1339 liberalitate,
1114 1285 1207 1350 quam
1223 1264 1333 1349 potius
1350 1286 1393 1329 ex
1408 1265 1515 1331 miseri·

344 1374 454 1438 cordia
469 1373 529 1438 Dei
544 1372 683 1449 infinita,
705 1374 888 1438 bominibus
913 1374 1039 1457 peccati
1061 1374 1245 1438 vulneribus
1262 1353 1447 1449 sauciisaet
1458 1375 1518 1440 ideo

343 1483 480 1568 positive
495 1483 648 1571 indignis,
664 1484 777 1547 intuitu
793 1483 981 1548 meritorum
999 1483 1118 1548 Christi
1134 1484 1344 1548 distribuitur.
1361 1484 1421 1550 Hic
1438 1484 1519 1549 locia
1564 1569 1566 1576 Ι

344 1592 576 1658 nobistantum
593 1593 632 1658 de
661 1592 836 1678 posteriori
852 1592 957 1680 gratia
972 1592 1040 1680 agi,
1066 1613 1108 1657 ex
1126 1592 1201 1677 ipso
1225 1605 1311 1657 statu
1328 1607 1459 1659 naturae
1473 1614 1518 1657 uo·

345 1713 442 1777 strae,
458 1701 490 1766 in
507 1723 568 1788 quo
585 1701 617 1766 in
634 1701 816 1787 praesentia
832 1723 953 1777 sumus,
971 1702 1141 1789 colligitur.

449 1813 551 1875 Porro
568 1812 700 1899 gratia
715 1812 1035 1896 supernaturalis
1051 1812 1112 1876 alia
1127 1824 1178 1877 est
1201 1813 1331 1900 gratia
1347 1814 1450 1886 data,
1473 1809 1521 1875 alia

344 1934 498 2010 gratum
530 1922 698 1998 faciens,
721 1944 779 1987 seu
798 1922 904 2009 gratia
924 1943 1024 1987 sensu
1047 1921 1252 1987 strictissimo
1278 1934 1422 2006 accepta.
1447 1921 1520 1985 Gra-

344 2031 398 2095 tia
412 2031 540 2119 gratis
557 2033 650 2097 data
665 2031 781 2098 dicitur
796 2033 867 2107 illa,
884 2053 965 2118 quae
980 2053 1039 2116 per
1055 2052 1091 2097 se
1109 2053 1146 2097 ac
1162 2030 1315 2116 primario
1333 2052 1398 2095 non
1413 2030 1445 2094 in
1460 2050 1521 2115 pro·

346 2141 465 2225 prium,
481 2142 587 2206 sedin
604 2141 737 2206 aliorum
755 2143 958 2206 commodum
975 2154 1007 2205 et
1023 2141 1218 2225 spiritualem
1233 2141 1403 2205 utilitatem
1420 2160 1520 2204 conce·

346 2250 444 2325 ditur,
465 2250 510 2314 uti
533 2264 583 2316 est
613 2273 641 2316 e.
674 2274 705 2339 g.
737 2264 882 2338 potestas
907 2273 1003 2316 sacra
1033 2250 1189 2316 Ministris
1220 2250 1389 2315 Ecclesiae
1414 2250 1524 2321 collata,

344 2380 444 2442 porro
462 2363 580 2424 donum
596 2361 831 2437 miraculorum,
849 2369 950 2441 etc.⁹).
967 2360 1098 2426 Gratia
1114 2373 1268 2447 gratum
1284 2360 1301 2423 l
1303 2359 1442 2424 aciens
1458 2378 1524 2422 vcro

346 2467 539 2553 adpellatur‚
571 2490 650 2554 quac
671 2469 818 2555 proxime
834 2491 872 2534 ac
888 2469 1092 2554 potissimum
1113 2471 1153 2534 ad
1169 2468 1334 2554 propriam
1350 2467 1525 2554 recipientis
1564 2535 1566 2544 ,

345 2576 541 2660 spiritualem
566 2580 699 2643 salutem
722 2582 973 2665 promovendam
989 2582 1096 2654 datur,
1122 2577 1245 2664 quique
1261 2580 1360 2641 bomo
1378 2578 1448 2642 Deo
1463 2597 1525 2666 gra·
1564 2563 1566 2576 ¹

344 2698 396 2751 tus
412 2699 445 2751 et
460 2700 611 2772 acceptus
627 2688 788 2764 redditur,
820 2689 888 2754 sive
909 2689 1105 2764 formaliter,
1130 2688 1159 2752 si
1180 2688 1222 2752 sit
1247 2687 1353 2775 gratia
1370 2686 1527 2752 habitualis

344 2818 402 2861 seu
434 2796 653 2875 sanctificans,
686 2799 753 2864 sive
775 2799 963 2885 dispositive
985 2822 1022 2864 ac
1047 2798 1305 2884 praeparatoric,
1328 2797 1357 2862 si
1376 2797 1420 2863 sit
1435 2795 1527 2886 gratie

344 2907 485 2973 actualis.
518 2910 604 2988 Quae
627 2910 756 2993 partitio
773 2911 896 2996 gratiae
913 2923 1037 2984 tamen,
1053 2908 1098 2972 uti
1118 2930 1177 2994 per
1202 2930 1239 2974 se
1256 2908 1457 2995 intelligitur,
1472 2928 1526 2970 nou

346 3029 396 3081 est
411 3016 455 3080 ite
470 3017 670 3102 accipienda,
690 3039 729 3082 ec
752 3018 781 3082 si
797 3040 858 3104 qua
874 3017 916 3082 sit
932 3019 1051 3105 gratia,
1085 3038 1164 3104 quae
1186 3038 1250 3080 non
1267 3017 1310 3081 sit
1326 3017 1432 3104 gratis
1449 3019 1524 3087 datm
1563 3038 1566 3131 p

345 3147 417 3190 uam
434 3125 538 3190 omnis
554 3127 658 3214 gratia
675 3148 717 3191 ex
733 3148 793 3191 sua
807 3127 913 3191 indole
929 3126 1116 3191 necessario
1133 3139 1184 3190 est
1199 3125 1352 3213 gratuita,
1370 3138 1463 3210 atque
1479 3145 1525 3188 uo·
1564 3138 1566 3169 ³

345 3257 416 3298 men
433 3237 564 3323 generis
587 3238 738 3302 duntaxat
755 3236 807 3300 uni
823 3234 963 3320 speciei,
985 3258 1080 3322 quum
1106 3235 1237 3319 proprio
1261 3248 1372 3299 careat
1404 3235 1528 3306 nomine,

344 3344 548 3431 relinquitur;
579 3348 629 3410 vel
652 3346 760 3431 potius
782 3347 854 3409 ideo
881 3345 986 3432 gratia
1012 3345 1065 3409 illa
1081 3345 1183 3432 gratis
1207 3346 1279 3409 data
1297 3344 1430 3420 dicitur,
1461 3363 1526 3430 quo·
1564 3394 1566 3439 :

345 3454 428 3520 niam
445 3455 515 3519 sine
531 3457 593 3520 ulla
609 3455 832 3540 expectatione
850 3467 903 3519 aut
920 3455 1115 3541 obligatione
1133 3456 1294 3518 bonorum
1310 3476 1447 3539 operum
1463 3474 1525 3517 con·
1564 3456 1566 3553 l

347 3565 455 3627 lertur.
1564 3558 1566 3625 l

438 3673 581 3735 Tandem
596 3675 709 3759 gratia,
727 3697 805 3762 quae
822 3673 969 3761 proxime
987 3675 1024 3737 ad
1042 3675 1176 3738 salutem
1200 3685 1347 3737 nostram
1365 3672 1526 3743 ordinatur,

349 3792 458 3864 potest
479 3781 638 3847 homiuem
658 3786 708 3849 vel
725 3785 867 3849 exterius
884 3783 1043 3859 adlicere,
1075 3783 1120 3847 uti
1142 3782 1339 3867 praedicatio
1362 3778 1526 3869 Evangelii,

347 3889 483 3973 patratio
500 3891 743 3968 miraculorum,
764 3915 844 3980 quae
865 3893 937 3958 ideo
965 3906 1139 3957 externa
1159 3903 1378 3976 nuncupatur,
1396 3903 1449 3956 aut
1463 3906 1527 3953 vero
1564 3894 1566 3901 '

346 3998 485 4064 animum
507 4000 641 4067 interius
662 4016 813 4090 tangere,
842 4003 945 4090 gratia
969 4002 1137 4066 interna
1159 4012 1335 4085 propterea
1363 4001 1463 4075 dicta,
1479 4017 1528 4062 uos

346 4107 468 4173 scilicet
483 4111 664 4176 inuovaudo
682 4134 720 4177 ac
736 4112 980 4186 sanctificando,
1007 4124 1060 4175 aut
1075 4132 1152 4175 vero
1170 4110 1202 4173 in
1220 4109 1379 4193 operibus
1396 4109 1487 4175 bonis
1502 4118 1527 4170 et

353 4245 398 4255 ⁸—-
407 4250 482 4255 —.....
493 4251 535 4256 ,-...
543 4252 548 4256 .
561 4251 566 4257 ι

349 4329 393 4390 tia
416 4331 480 4391 dici
501 4339 612 4410 potest:
648 4333 721 4409 quia
736 4355 798 4392 non
812 4333 1055 4412 praecedentium
1071 4332 1243 4408 aliquorum
1259 4332 1413 4394 bononem
1428 4348 1537 4411 opmu

350 4422 486 4495 meritis,
519 4427 573 4483 sed
593 4425 729 4500 promito
750 4425 812 4485 Dei
834 4423 963 4483 bonitate
979 4427 1092 4483 donata
1108 4430 1168 4484 eol:
1200 4423 1264 4482 alia
1281 4430 1327 4482 eet
1344 4431 1463 4497 tamen,
1490 4440 1538 4498 pao

348 4514 570 4590 praedestinati
600 4535 750 4588 vocamur,
773 4515 1071 4594 justificamur,
1103 4513 1408 4592 glorificamur.
1452 4513 1539 4595 apin

352 4608 421 4666 177.
438 4625 468 4666 n.
488 4608 515 4664 7.
534 4603 615 4685 Opp.
632 4608 669 4666 T.
686 4604 717 4669 2.
734 4627 759 4668 c.
778 4603 844 4668 624
861 4628 884 4666 s.

457 4703 487 4769 ¹)
504 4697 590 4756 Talis
614 4717 730 4778 quoque
756 4700 854 4776 gratie
870 4707 949 4779 erat,
973 4719 1050 4779 quae
1076 4716 1224 4758 concessa
1240 4707 1291 4758 est
1308 4700 1467 4785 Angelis,
1497 4716 1543 4759 nac

348 4804 408 4845 non
423 4797 553 4848 naturae
578 4786 725 4849 humanae
745 4789 776 4848 in
799 4787 918 4850 Gbristo
936 4789 1055 4870 obtigit.
1079 4788 1123 4852 Of.
1140 4791 1216 4851 Luc.
1235 4785 1268 4861 2,
1286 4787 1346 4854 40.
1388 4829 1430 4842 -
1467 4789 1492 4882 2)
1506 4790 1544 4854 Gi.

354 4872 383 4943 l.
401 4875 470 4941 Gor.
491 4875 542 4957 12,
558 4875 592 4947 4.
610 4875 732 4945 8-11.
