3775 5625
1386 455 1449 525 l'l'l

326 641 366 698 ue,
389 633 422 686 et
443 619 602 708 gratiae
632 619 856 695 infusione,
886 619 1047 686 sedeatis
1071 632 1172 695 esset,
1195 620 1223 686 si
1247 623 1334 687 Dens
1358 623 1451 688 nohis

326 751 352 796 te
365 742 532 816 paeonum
548 730 683 814 amplius
700 749 765 793 non
781 727 959 813 imputaret.

370 838 402 904 4.
417 839 528 924 Neque
545 840 673 903 tandem
688 840 792 913 Deus,
808 836 861 923 qui
877 857 943 901 non
958 837 1063 922 punit,
1081 837 1143 903 nisi
1159 851 1302 914 sontem,
1318 838 1453 925 aliquem

326 959 370 1014 ast
390 968 481 1011 rcum
504 950 638 1023 hahere,
661 947 723 1012 nisi
744 967 858 1012 revera
879 967 955 1011 reus
972 946 1023 1011 sit
1047 949 1173 1012 Poenas
1189 947 1364 1013 alienorum
1378 969 1452 1033 pec·

326 1077 408 1121 oram
423 1068 556 1141 portare
572 1055 685 1141 aliquis
700 1067 824 1140 potest,
846 1068 880 1120 ut
890 1054 1035 1139 justitiae
1051 1055 1175 1121 divinae
1191 1056 1379 1132 satisfaciat,
1396 1058 1453 1121 sed

326 1185 388 1251 ¹tarn
410 1165 544 1230 alienam
565 1165 599 1229 in
621 1185 658 1229 se
681 1164 864 1250 suscipere,
886 1164 949 1229 nisi
965 1164 1069 1250 aliquo
1086 1167 1182 1229 modo
1199 1167 1341 1251 ejusdem
1357 1165 1452 1251 parti·

326 1273 418 1350 ssit,
438 1275 678 1359 haudquaquam
698 1285 814 1357 potest.
832 1310 873 1321 —-
891 1272 1060 1357 Imputatio
1086 1273 1208 1358 peccati
1240 1287 1291 1338 est
1320 1273 1454 1338 effectus

326 1384 447 1469 sequela
463 1383 574 1467 culpae
590 1381 684 1446 nohis
700 1380 866 1466 propriae,
888 1402 1085 1468 nequaquam
1101 1395 1205 1447 antem
1221 1383 1363 1466 ejusdem
1381 1402 1453 1446 carr·

326 1513 355 1558 to
370 1492 477 1580 origo.

354 1604 460 1666 ‘llaec
475 1599 638 1666 Calliarini
654 1612 686 1664 et
701 1599 806 1687 Pighii
825 1601 1012 1685 hypothesis
1029 1603 1068 1665 ah
1085 1601 1155 1666 aliis
1170 1601 1215 1665 ita
1229 1601 1392 1665 immutata
1409 1613 1453 1664 at-

354 1712 521 1776 emcndata
552 1722 616 1784 est,
639 1721 675 1773 ut
705 1721 896 1785 statuerent,
929 1710 1102 1775 essentiam
1133 1709 1257 1794 peccati
1289 1709 1455 1797 originalis

326 1841 358 1883 m
383 1840 457 1884 esse
479 1819 511 1883 in
534 1817 690 1907 relatione
706 1818 904 1902 peccatoris,
929 1824 997 1887 brut
1013 1819 1165 1904 liabiqttt
1183 1819 1407 1902 litthiltuiit,
1422 1818 1455 1881 in

332 1947 436 2016 genus
446 1931 614 1993 humanum
625 1948 683 2012 per
690 1927 936 1992 inobedientiam
944 1928 1183 2013 protoparentis
1195 1930 1384 1993 collocamm
1395 1940 1455 2001 est,

326 2057 406 2125 [uam
423 2036 552 2123 quilibet
567 2037 718 2121 proinde,
736 2036 967 2122 quamprimum
989 2039 1165 2102 membrum
1182 2036 1313 2124 generis
1329 2035 1457 2100 humani

338 2148 499 2213 carnalem
515 2146 757 2233 generationem
773 2145 825 2220 fit,
851 2167 977 2232 qnoque
993 2146 1187 2233 ingreditur,
1211 2167 1269 2210 sen
1288 2145 1322 2210 in
1343 2158 1456 2216 reatu

326 2257 424 2342 ipae),
447 2255 480 2323 ia
498 2260 565 2322 beat
582 2255 821 2341 &multiplum
843 2276 936 2340 quem
957 2276 1070 2319 omnes
1085 2255 1118 2319 in
1134 2268 1288 2340 peccante
1305 2267 1456 2339 protopa-

327 2377 357 2430 te
372 2364 472 2430 totius
488 2363 618 2452 generis
634 2364 762 2428 humani
779 2385 951 2449 personam
968 2365 1145 2429 sustinente
1161 2364 1381 2429 contraximus
1396 2369 1434 2444 ¹).

372 2476 492 2538 Verum
514 2474 609 2538 etiam
632 2473 676 2539 ita
695 2472 880 2538 immutatae
903 2474 1072 2558 hypothesi
1092 2473 1137 2538 illi
1160 2473 1345 2559 adstipulari
1375 2473 1457 2537 haud

327 2601 447 2648 wmus.
471 2582 552 2647 Nam
574 2582 649 2647 licet
668 2582 846 2647 sententiae
868 2582 942 2647 huic
965 2581 1094 2647 minime
1116 2582 1212 2667 ohjici
1235 2582 1355 2667 possit,
1372 2584 1458 2668 quod

326 2704 431 2758 uatum
464 2690 619 2779 originale
644 2713 708 2756 non
731 2690 899 2777 uuicuique
930 2691 1096 2776 proprium
1128 2691 1286 2766 admittat,
1309 2704 1363 2755 ant
1382 2692 1458 2755 illud

326 2824 332 2866 ι
346 2800 580 2888 propagatione
595 2801 628 2865 in
645 2822 759 2866 ornnes
775 2802 914 2866 transire
932 2802 1090 2876 adstruat,
1111 2814 1166 2867 aut
1180 2821 1259 2866 vero
1276 2802 1401 2886 culpam
1416 2821 1459 2866 ex

326 2909 471 2975 sunone
486 2910 612 2975 ratione
629 2910 761 2975 sinistra
777 2911 914 2975 derivet:
940 2911 1071 2975 obstare
1089 2922 1193 2977 tamen
1210 2910 1313 2975 eidem
1330 2930 1455 2996 quoque

326 3031 388 3084 atarr
411 3019 553 3084 delinitio
580 3019 768 3095 Consilii,
792 3033 960 3105 peccatum
983 3020 1140 3108 originale
1160 3042 1225 3084 non
1241 3033 1364 3084 tantum
1381 3039 1460 3083 nou

326 3136 459 3198 tutori
471 3130 515 3208 ²),
539 3140 633 3214 atque
653 3130 805 3214 parvulos
821 3129 854 3193 in
870 3129 1096 3194 remissionem
1110 3141 1320 3214 peccatorum
1335 3127 1456 3192 veraci·

329 3237 500 3322 baptizari,
517 3252 555 3302 ut
568 3245 604 3300 in
618 3245 666 3301 eia
682 3245 998 3317 reponeretione
1012 3247 1198 3318 mundetur,
1216 3245 1303 3317 quod
1314 3258 1457 3316 penmo-

326 3366 353 3410 te
367 3360 609 3411 constrauerunt
619 3349 656 3426 ³).
680 3349 798 3413 heatus
815 3347 899 3412 enim
917 3348 1029 3431 culpae
1044 3345 1187 3420 actualis,
1205 3351 1266 3413 bui
1284 3345 1456 3430 &albige

326 3472 457 3543 :tropen
486 3462 540 3525 ter
567 3457 767 3543 begonfleaeu
799 3457 989 3541 §inlicitur
1021 3456 1123 3540 thot,
1145 3455 1215 3519 sole
1235 3454 1456 3539 non-imputa-

326 3586 351 3630 ιο
366 3567 408 3630 oh
424 3565 539 3629 merita
554 3565 674 3630 Christi
691 3566 870 3631 Salvatoris
886 3564 1074 3637 remittitnr3
1092 3576 1185 3650 atque
1201 3565 1265 3628 hoc
1280 3575 1371 3628 reatu
1387 3575 1454 3627 tan·

326 3700 330 3738 ι
344 3674 515 3739 innodatus
531 3696 596 3738 non
612 3673 875 3762 regeneratione,
892 3675 951 3739 scd
967 3675 1036 3738 sola
1052 3673 1212 3738 solutione
1227 3672 1360 3760 indiget.

341 3808 343 3813 ·
370 3783 428 3849 llis
443 3784 543 3871 igitur
559 3782 728 3848 sententiis
743 3784 815 3868 plus
831 3783 936 3848 minus
953 3782 1099 3848 erroneis
1116 3781 1275 3868 expositis
1290 3794 1406 3856 restat,
1422 3794 1458 3845 ut

327 3894 381 3958 ad
395 3913 505 3958 veram
524 3893 716 3958 sententiam
732 3892 954 3978 explicandam
971 3892 1172 3957 accedamus.

370 4002 406 4068 Si
425 4005 494 4087 jam
521 4015 667 4067 naturam
690 4002 814 4088 peccati
836 4001 1014 4090 generatim
1037 4000 1219 4065 adcuratius
1236 4000 1457 4085 expendimus,

326 4132 356 4178 te
380 4133 475 4177 usum
496 4111 646 4197 loquendi
667 4132 868 4176 communem
889 4109 1148 4175 consideramus:
1170 4129 1232 4173 nos
1255 4108 1368 4196 fugere
1391 4130 1455 4174 non

326 4232 382 4297 ast,
397 4232 565 4306 peccatum
579 4219 725 4285 bilariam
741 4219 860 4305 accipi;
885 4240 949 4285 uno
966 4219 1062 4282 modo
1080 4239 1140 4303 pro
1157 4216 1257 4282 lihera
1271 4220 1454 4306 transgres-

326 4350 356 4395 re
370 4328 467 4395 divini
491 4330 669 4415 praecepti,
696 4350 754 4394 seu
770 4350 830 4415 pro
862 4327 1075 4393 aversione
1092 4325 1252 4400 actuali,
1267 4325 1301 4390 in
1318 4347 1379 4412 qua
1394 4326 1456 4390 sita

368 4602 395 4691 ¹)
413 4604 458 4669 cf.
477 4605 622 4688 hlauta,
640 4606 730 4670 ueto
747 4607 799 4670 bot
816 4604 921 4684 Μαι
938 4605 996 4668 aab
1015 4604 1058 4667 bie
1076 4602 1307 4683 &attellanam
1318 4599 1453 4664 bethala

326 4695 358 4760 lt.
373 4694 522 4778 hltgtttil.
542 4694 638 4759 1838.
655 4717 686 4776 p.
704 4693 747 4759 70
764 4719 803 4759 ss.
821 4695 881 4771 Qui
895 4705 998 4756 tamen
1014 4694 1085 4755 alibi
1100 4713 1164 4755 rem
1180 4711 1285 4754 rursus
1301 4692 1387 4752 aliter
1404 4711 1454 4750 ex·

326 4786 360 4850 n't
390 4787 546 4870 &rhodi
578 4787 820 4866 dituculeriton.
852 4788 919 4850 ‘litt
952 4783 1112 4864 &tiliois
1130 4781 1161 4848 3.
1178 4782 1221 4849 ta.
1237 4804 1267 4863 p.
1285 4778 1349 4844 657
1368 4804 1391 4844 s.
1412 4818 1453 4828 —

326 4874 416 4942 lonc
433 4878 599 4942 Trident.
615 4879 696 4941 Scae.
715 4881 748 4939 ὀ.
764 4881 855 4940 Daor.
873 4881 909 4938 de
922 4897 1004 4956 paco.
1021 4876 1098 4953 erip.
1114 4878 1144 4940 5.
1161 4910 1207 4923 —
1226 4873 1250 4955 ⁸)
1268 4873 1315 4935 Ib.
1331 4877 1362 4932 4.

1195 4981 1237 5047 12
