3775 5625
1501 440 1546 505 53

348 609 415 666 sola
434 605 577 682 corporis
594 604 818 682 propagatione
836 604 1031 664 sufficienter
1049 605 1217 682 explicari,
1240 607 1359 666 frustra
1376 608 1405 666 in
1424 610 1545 669 dubium

347 726 490 777 vocatur.
518 715 604 790 Quod
622 725 723 774 autem
741 715 778 773 ad
796 715 1031 774 translationem
1049 717 1143 775 animi
1158 718 1382 795 proprietatum
1401 738 1418 777 a
1435 739 1545 796 paren·

346 829 431 888 tibus
459 828 496 885 ad
518 826 635 885 liberos
664 826 788 884 attinet:
822 825 1042 884 advertendum
1065 836 1128 896 est,
1153 827 1236 885 illam
1260 847 1378 906 quoque
1401 831 1545 910 exlege,

346 958 439 1017 quam
454 940 541 996 Deus
561 954 616 1012 pro
631 931 762 1005 infinita,
780 954 857 1012 quae
873 935 970 1011 ipsius
989 944 1048 1005 cst,
1066 938 1228 1013 sapientia,
1245 938 1275 996 in
1293 939 1394 1000 anima
1411 943 1546 1000 creanda

346 1048 436 1125 sequi
461 1049 547 1116 vult,
581 1055 666 1104 etex
693 1063 752 1121 qua
776 1045 922 1123 analogia
938 1045 1020 1103 inter
1037 1047 1245 1122 proprietates
1279 1050 1420 1125 corporis
1454 1061 1544 1128 atque

346 1159 468 1217 animae
487 1157 638 1225 obtineat,
656 1156 734 1213 satis
756 1155 909 1231 perspici,
940 1155 984 1213 ita
1001 1164 1034 1214 ut
1050 1175 1242 1234 nequaquam
1259 1159 1380 1230 omnia,
1399 1179 1476 1237 quae
1494 1181 1545 1221 eo·

345 1268 414 1327 dem
440 1268 529 1325 modo
561 1266 592 1324 iu
618 1265 799 1341 parentibus
831 1283 867 1324 ac
889 1264 998 1323 liberis
1016 1266 1174 1342 adparent,
1207 1268 1299 1327 etiam
1322 1270 1428 1329 eodem
1457 1273 1545 1332 modo

345 1380 382 1437 ab
411 1378 475 1435 illis
503 1376 539 1434 ad
568 1375 624 1434 hos
651 1376 803 1436 translata
829 1374 996 1452 cogitanda
1022 1375 1094 1437 sint.
1144 1376 1198 1437 Sic
1226 1388 1312 1437 certo
1342 1378 1468 1455 quilibet
1498 1382 1547 1441 sui

345 1488 496 1549 conscius
511 1495 568 1558 est,
583 1486 627 1544 uti
638 1494 786 1561 parentes
804 1484 853 1541 sui
870 1484 989 1543 conscii
1006 1495 1087 1556 sunt,
1106 1486 1176 1563 quin
1195 1496 1297 1546 tamen
1313 1489 1390 1548 haec
1408 1492 1457 1549 sui
1474 1510 1545 1551 con·

344 1597 494 1667 scientia,
511 1605 599 1655 recte
617 1595 758 1672 quoniam
776 1594 967 1655 conscientia
984 1596 1033 1653 sui
1050 1606 1108 1668 est,
1127 1597 1163 1655 ab
1180 1597 1228 1654 his
1245 1597 1438 1658 haereditate
1457 1619 1545 1660 accc·

341 1718 398 1785 pta
421 1725 493 1765 csse
512 1716 613 1783 queat.
631 1707 760 1781 Insuper
777 1722 836 1762 non
853 1723 938 1773 raro,
957 1724 1034 1781 quae
1053 1707 1091 1765 ad
1110 1706 1241 1766 animam
1258 1708 1449 1780 referuntur,
1463 1710 1544 1785 ejus·

342 1837 404 1895 que
421 1817 643 1894 proprietates,
659 1824 779 1874 tantum
796 1815 833 1873 ad
851 1833 964 1890 corpus
981 1816 1119 1891 proxime
1137 1818 1245 1874 saltem
1264 1827 1415 1894 spectant.

453 1983 480 2023 e.
505 1964 674 2024 Peccatum
691 1963 844 2040 originale
863 1962 982 2021 animae
999 1962 1144 2021 rationali
1164 1963 1318 2034 insidere,
1336 1965 1545 2026 certissimum

337 2086 416 2145 est,
440 2082 473 2133 et
498 2073 607 2142 etiam,
628 2072 701 2131 illud
717 2073 958 2151 propagatione,
976 2091 1035 2131 non
1051 2073 1223 2133 imitatione
1240 2075 1432 2133 transfusum
1450 2077 1545 2134 omni·

330 2185 413 2253 nus,
431 2185 537 2242 inesse
554 2184 717 2260 unicuique
734 2184 906 2259 proprium:
925 2193 974 2241 ast
990 2184 1068 2242 l'also
1087 2202 1105 2243 a
1133 2186 1230 2242 Kleeo
1249 2184 1375 2261 ejusque
1394 2185 1543 2261 discipulo

331 2295 533 2364 adstruitur,
549 2294 654 2352 verbis
673 2294 797 2353 concilii
809 2293 985 2352 Tridentini
1002 2293 1133 2363 definiri,
1150 2304 1311 2370 peccatum
1329 2295 1461 2373 originis
1478 2296 1546 2372 ipsa

326 2405 573 2485 propagatione
591 2404 704 2472 activa,
722 2422 777 2461 seu
793 2404 860 2480 ipso
879 2404 1092 2481 generationis
1111 2413 1181 2463 actu
1196 2404 1371 2463 immediate
1388 2405 1419 2462 in
1435 2405 1544 2464 Adami

326 2527 492 2595 posteros
516 2514 692 2573 transfundi
703 2537 711 2583 3
735 2532 825 2590 quum
847 2532 959 2571 sensus
976 2515 1143 2572 verborum
1160 2515 1282 2573 illorum
1304 2515 1407 2590 potius
1424 2515 1474 2573 hic
1492 2515 1544 2585 sit,

326 2646 452 2689 omnes
476 2624 616 2682 homines
643 2633 804 2699 peccatum
831 2623 985 2701 originale
1006 2624 1139 2693 habere,
1164 2643 1219 2682 seu
1242 2634 1371 2701 propter
1395 2625 1545 2684 Adamum

326 2746 531 2817 peccatores
550 2753 632 2805 esse,
650 2753 709 2793 non
727 2734 805 2811 quod
823 2735 922 2811 ipsum
939 2745 1120 2813 peccantem
1136 2736 1313 2804 imitentur,
1331 2736 1545 2813 sedquoniam
1630 2766 1633 2771 Δ

326 2870 371 2912 ex
391 2850 469 2925 ipso
487 2847 642 2924 originem
659 2847 782 2915 ducant,
801 2846 1052 2923 quemadmodum
1071 2846 1215 2905 Christus
1232 2846 1382 2904 Dominus
1400 2847 1437 2905 ad
1453 2846 1543 2905 Nico·

326 2963 465 3022 demum
485 2957 546 3020 ait:
589 2953 815 3028 Quadratum
831 2961 941 3016 estes
957 2975 1070 3033 corne,
1090 2974 1169 3014 caro
1187 2961 1239 3015 est
1249 2953 1287 3032 ¹).
1314 2955 1470 3015 Statuitur
1486 2956 1543 3014 ita·

326 3091 395 3152 que
420 3088 438 3127 a
456 3067 611 3135 Concilio,
629 3066 885 3144 propagationem
904 3067 1024 3143 quidem
1042 3086 1112 3125 esse
1131 3085 1255 3125 causam
1272 3067 1395 3142 peccati
1411 3066 1544 3144 originis

329 3203 356 3243 n
379 3198 448 3240 nos
468 3176 629 3246 transfusi,
647 3176 702 3233 sed
719 3193 778 3233 non
794 3175 878 3234 illam
895 3195 966 3234 csse
985 3177 1121 3251 ejusdem
1139 3196 1263 3237 causam
1281 3176 1448 3253 propriam,
1467 3195 1543 3253 quae

326 3303 382 3353 est
402 3290 496 3350 Adae
513 3296 687 3364 peccatum,
704 3305 802 3362 neque
820 3287 912 3344 etiam
935 3306 1059 3347 causam
1078 3288 1263 3363 proximam,
1282 3305 1359 3363 quae
1377 3286 1543 3347 secundum

326 3403 441 3463 rerba
474 3398 528 3456 illa
554 3398 614 3457 alia
639 3416 709 3456 esse
732 3399 842 3455 saltem
863 3408 977 3473 potest.
1017 3399 1101 3456 Unde
1129 3398 1222 3456 etiam
1244 3407 1460 3475 argumentum
1486 3395 1544 3455 hoc

331 3517 398 3574 ale
420 3527 485 3569 non
503 3517 561 3577 est,
579 3508 658 3585 quod
687 3525 818 3582 prorsus
840 3507 961 3566 revinci
979 3524 1015 3566 ac
1033 3506 1188 3566 debilitari
1208 3517 1349 3584 nequeat.
1388 3508 1489 3565 Porro
1506 3524 1546 3564 ex

326 3621 575 3684 =rearian0rum
609 3618 751 3678 doctrina
782 3619 973 3677 solummodo
1006 3618 1168 3698 statuitur,
1202 3636 1335 3694 corpus,
1361 3627 1452 3694 prout
1482 3616 1546 3675 lert

326 3734 443 3812 psius
460 3738 582 3798 natura,
602 3728 740 3804 adeoque
758 3728 883 3805 physice
902 3746 973 3785 esse
991 3738 1169 3802 corruptum
1195 3745 1230 3786 ac
1253 3727 1283 3785 in
1306 3726 1444 3786 deterius
1462 3744 1543 3786 com·

326 3848 517 3907 nutatum,
542 3857 732 3915 nequaquam
751 3849 851 3897 autem
878 3846 1007 3914 peccato
1031 3837 1278 3913 coinquinatum;
1297 3845 1386 3913 atque
1415 3837 1545 3895 animam

326 3971 394 4010 ter
432 3948 678 4023 conjunctionem
711 3967 778 4008 cum
812 3966 959 4024 corpore,
993 3966 1051 4024 qua
1076 3948 1107 4005 in
1130 3966 1229 4025 genus
1252 3947 1415 4005 humanum
1438 3946 1544 4024 ingre·

326 4062 438 4129 litur,
451 4068 574 4117 reatum
587 4059 709 4134 peccati
726 4058 966 4144 Adacactualis,
976 4058 1054 4134 quod
1069 4057 1105 4115 ad
1117 4057 1386 4135 genushumanum
1398 4059 1544 4132 pertinet,

326 4179 451 4246 utpote
476 4168 541 4243 ejus
558 4168 679 4226 nominc
698 4167 910 4236 commissum,
933 4167 1136 4237 contrahere,
1154 4175 1245 4242 atquc
1270 4167 1465 4225 aversionem
1490 4167 1543 4227 ha·

326 4281 492 4338 ·itualem
514 4298 532 4337 a
547 4281 627 4348 Deo,
644 4279 664 4340 i.
683 4298 709 4343 e.
726 4279 935 4338 infirmitatem
952 4279 1121 4336 voluntatis
1143 4278 1343 4355 gravioribus
1368 4277 1544 4336 tentationi·

326 4408 405 4446 vus
453 4388 640 4457 resistendi,
686 4388 898 4448 necessariam
936 4388 1109 4447 aversionis
1155 4407 1211 4446 seu
1259 4389 1365 4463 culpae
1412 4388 1543 4447 actualis

334 4500 520 4574 equolam,
548 4498 615 4557 sive
638 4517 693 4574 per
713 4499 959 4574 conjunctionem
992 4517 1061 4557 oum
1093 4507 1241 4575 corrupta
1258 4514 1369 4567 carno,
1396 4498 1462 4556 sive
1485 4497 1543 4555 alio

326 4608 446 4677 nodo,
462 4609 617 4684 recipere.
639 4611 717 4669 Nam
734 4629 824 4686 quum
842 4628 898 4686 per
915 4609 1034 4668 animae
1053 4627 1122 4670 cum
1145 4626 1277 4685 corpore
1299 4607 1544 4682 conjunctionem

457 4884 483 4967 ¹)
498 4883 591 4972 Joan.
609 4878 639 4960 3,
657 4879 688 4944 6.
