3775 5625
1480 614 1584 679 Pagina

825 793 1068 870 articulus
1083 795 1155 864 lv.

425 924 478 989 De
494 922 692 988 fructibus
707 922 860 1011 gratiae
876 923 1048 999 divinae,
1065 943 1132 987 seu
1149 923 1192 985 de
1209 922 1327 987 bonis
1344 922 1546 1007 operibus,

400 1127 425 1210 ξ.
445 1123 519 1189 124.
535 1127 627 1186 Notio
644 1126 715 1188 boni
731 1127 840 1207 operis,
862 1134 952 1207 atque
968 1124 1245 1188 summadoetrinae
1256 1124 1428 1185 Catholicae
1520 1120 1586 1185 538

400 1217 426 1300 ξ.
445 1215 519 1279 125.
536 1217 594 1279 Dei
609 1226 770 1297 praecepta
779 1218 865 1296 justo
890 1217 928 1277 ad
945 1216 1166 1278 observandum
1191 1225 1260 1279 sunt
1275 1217 1431 1297 possibilia
1521 1212 1586 1275 541

400 1307 426 1391 ξ.
446 1306 521 1371 126.
537 1308 657 1369 Dantur
675 1330 769 1389 opera
783 1310 863 1369 bona
1522 1302 1588 1367 543

400 1397 426 1478 ᾖ.
447 1398 519 1462 127.
537 1398 640 1479 Opera
654 1401 735 1461 bone
750 1410 819 1461 sunt
835 1401 873 1460 ad
889 1399 1016 1460 salutem
1027 1402 1201 1461 necessaria
1300 1434 1306 1446 ·
1413 1433 1418 1444 ·
1520 1393 1587 1458 545

400 1484 428 1565 ἓ.
447 1487 520 1554 128.
539 1489 640 1571 Opera
657 1492 739 1552 bona
755 1501 824 1551 sunt
839 1490 992 1551 meritoria
1080 1525 1086 1539 ·
1192 1526 1198 1539 ·
1304 1525 1310 1538 ·
1416 1522 1423 1557 7
1522 1483 1589 1549 548

295 1638 297 1642 .
323 1642 325 1648 ,
401 1574 428 1656 5.
448 1579 521 1645 129.
537 1582 625 1642 Licet
644 1584 675 1641 iu
700 1584 813 1643 meritis
834 1582 974 1644 fiduciam
1003 1581 1133 1664 aliquam
1158 1582 1316 1656 collocare,
1340 1591 1431 1662 atque

537 1674 644 1733 intuitu
659 1673 805 1735 mercedis
822 1682 964 1734 aeternae
980 1673 1058 1734 bene
1073 1674 1192 1755 operari
1305 1706 1312 1720 ·
1419 1706 1425 1719 ·
1524 1666 1590 1734 554

402 1760 730 1848 §.130.00ntinuatio
920 1807 923 1813 -
1523 1757 1590 1824 555
1650 1770 1653 1774 ’

403 1854 430 1937 §-
449 1851 523 1916 131.
539 1856 690 1917 Meremur
710 1856 797 1916 bonis
821 1856 963 1935 operibus
985 1865 1179 1935 augmentum
1194 1856 1327 1934 gratiae,
1344 1854 1431 1913 felici-

538 1955 630 2007 tatem
646 1956 810 2022 aeternam,
827 1950 953 2029 ejusque
968 1948 1184 2008 incrementum
1306 1980 1313 1993 ·
1419 1978 1426 1991 ·
1525 1940 1589 2006 551

403 2036 430 2122 ξ.
449 2034 524 2100 132.
541 2036 736 2099 conditiones
754 2059 879 2117 operum
894 2040 1115 2100 merituriorum
1191 2071 1198 2085 ·
1305 2070 1311 2082 ·
1418 2069 1425 2082 ·
1524 2032 1589 2095 558
