3775 5625
1475 402 1541 467 359

348 591 413 653 que
429 572 589 631 donorum
606 571 785 650 operam1).
802 564 939 631 Deinde:
956 568 1072 649 Neque
1083 588 1145 648 per
1156 573 1348 644 sanquinem
1360 573 1540 648 hircorum,

350 688 412 741 aut
431 682 626 754 uitulorum
658 681 720 739 sed
736 700 796 759 per
818 685 991 759 propriam
1014 685 1205 755 sanquinem
1227 684 1375 740 introivit
1393 681 1496 740 semel
1508 686 1543 740 in

349 797 483 867 sancta,
502 797 671 851 aeterna
688 792 935 849 redemtione
958 794 1137 864 invenio,
1160 798 1330 871 postquam
1351 807 1397 850 sc.
1420 788 1494 851 dato
1510 786 1542 851 in

348 896 488 981 pretium
505 896 660 984 sanguine
678 918 748 971 suo,
764 895 857 960 nohis
874 897 915 959 ob
932 907 1065 979 peccata
1087 894 1232 959 servituti
1256 894 1370 959 mortis
1384 896 1543 972 'obnoxiis

350 1004 566 1091 acquisiverat
581 1026 690 1070 veram
712 1025 902 1090 semperque
925 1025 1109 1068 mansuram
1128 1002 1373 1079 redemtionem,
1394 1016 1429 1067 ut
1445 1007 1544 1070 altera

349 1114 504 1202 passione
520 1117 569 1179 vel
590 1114 788 1179 redemtione
810 1135 1007 1199 nequaquam
1029 1113 1072 1178 sit
1088 1135 1168 1197 opus
1181 1119 1218 1192 ²).
1256 1113 1353 1177 Tum:
1389 1116 1544 1178 Carisius

351 1227 457 1289 semel
485 1227 617 1287 adlatus
648 1233 699 1287 est
729 1228 774 1287 ad
802 1227 1018 1287 multorum
1050 1227 1328 1286 ertarrrienda
1354 1222 1542 1307 (expianda)
1601 1272 1604 1279 ,

347 1342 562 1418 peceata³).
602 1335 725 1418 Atque:
760 1333 837 1396 [lna
859 1335 1026 1395 oblatione
1042 1339 1329 1395 consummavit
1343 1340 1384 1395 in
1399 1342 1544 1415 serapi-

352 1455 509 1508 ternam
524 1448 836 1523 sanctificatos,
860 1440 880 1505 i.
898 1462 924 1505 e.
942 1440 1103 1525 praestitit
1120 1440 1269 1507 Christus
1287 1462 1349 1506 una
1371 1442 1544 1517 oblatione,

350 1567 388 1618 ut
405 1573 517 1617 omnes
533 1552 572 1615 ad
588 1551 765 1635 perlectum
781 1551 984 1630 ducantur4),
1002 1563 1160 1635 quotquot
1181 1550 1402 1615 sanctificandi
1422 1552 1544 1631 suntl).

351 1664 397 1727 Et
412 1664 431 1725 d
437 1681 598 1726 oannes:
623 1659 770 1738 Sanpais
787 1660 874 1722 Jesu
887 1661 1011 1722 Christi
1026 1664 1181 1723 moandot
1195 1683 1257 1723 nos
1274 1664 1320 1724 ab
1338 1670 1440 1724 oroni
1452 1684 1543 1743 pec·

353 1775 488 1850 sator).
505 1769 731 1834 -Posterius
748 1781 864 1842 autem,
880 1768 974 1832 nohis
990 1767 1138 1833 videlicet
1161 1768 1328 1854 speciatim
1350 1782 1416 1833 tum
1431 1791 1544 1855 pecca·

352 1895 422 1945 tum
438 1879 593 1967 originale
610 1892 677 1943 tum
693 1891 828 1963 peccata
846 1877 1031 1963 personalia
1052 1900 1110 1964 per
1127 1878 1246 1943 Christi
1263 1892 1400 1943 mortem
1416 1879 1545 1955 remitti,

352 2002 388 2054 et
403 1988 529 2075 quidem
544 1988 650 2073 primo
666 1987 751 2062 illud,
767 1986 884 2051 iterum
898 1988 1040 2052 Paulus
1058 1988 1162 2063 tradit,
1180 2010 1274 2073 quum
1292 1987 1350 2052 ait:
1376 1989 1475 2052 Sient
1484 2012 1545 2071 per

353 2107 456 2163 anius
487 2101 639 2162 delictam
669 2106 704 2160 in
725 2119 838 2160 omnes
860 2104 1007 2160 homines
1030 2105 1064 2160 in
1080 2102 1396 2161 condemnationem:
1428 2108 1487 2160 sie
1508 2108 1548 2162 et

349 2231 425 2291 per
456 2216 580 2271 anias
600 2213 814 2285 Justitiam
844 2214 887 2269 in
915 2212 1246 2269 omneshomiues
1268 2213 1544 2289 injustifica-

356 2326 504 2381 tionem
534 2326 653 2381 vitae.
694 2316 792 2379 Siout
812 2324 897 2378 enim
914 2340 976 2399 per
998 2321 1248 2380 inobedientiam
1273 2326 1373 2381 anias
1394 2324 1545 2393 hominis,

350 2413 547 2510 peccatores
562 2435 730 2489 constituti
745 2435 826 2489 sarit
839 2428 958 2505 multi;
991 2434 1038 2488 ita
1056 2450 1128 2508 per
1150 2436 1265 2490 artius
1283 2430 1546 2491 obeditionem

344 2544 460 2617 justi
491 2538 936 2599 eonstitrrentarmalti
951 2537 986 2615 ⁷).
1027 2534 1147 2615 Quibus
1178 2536 1254 2600 licet
1292 2537 1473 2601 emundatio
1507 2540 1546 2601 ah

353 2646 442 2712 omni
466 2644 600 2732 peccato
622 2667 680 2731 per
703 2641 882 2720 Christum,
907 2657 1011 2709 tamen
1029 2645 1196 2730 speciatim
1213 2645 1359 2711 liberatio
1376 2668 1395 2711 a
1410 2660 1545 2731 peccato

354 2755 504 2847 originali
520 2755 687 2821 manifeste
704 2754 906 2841 praedicatur
916 2756 952 2836 ⁸).
994 2756 1084 2835 Quod
1101 2768 1207 2821 autem
1225 2759 1264 2820 ad
1280 2770 1415 2841 peecata
1430 2779 1544 2843 perso-

353 2865 448 2941 nalia,
464 2865 532 2930 sive
549 2877 622 2930 ante
638 2864 706 2930 sive
723 2877 798 2949 post
814 2878 951 2929 mortem
964 2865 1084 2931 Christi
1101 2865 1283 2941 commissa,
1300 2865 1426 2931 attinet:
1444 2866 1544 2954 inquit

351 2977 439 3042 idem
455 2977 608 3040 Paulus:
636 2976 755 3038 Omnes
767 2985 998 3058 peccaverant,
1017 2985 1050 3038 et
1064 2986 1156 3055 spent
1168 2979 1277 3055 pluria
1292 2979 1365 3041 Dei.
1405 2979 1542 3060 Justili-

298 3130 303 3143 .
353 3094 420 3150 cati
447 3094 554 3164 pratis
573 3108 634 3166 per
656 3093 798 3163 qratiam
829 3094 952 3168 ipsius,
982 3108 1043 3166 per
1065 3089 1309 3165 redemtionem,
1338 3109 1422 3169 qaae
1444 3096 1496 3149 est
1510 3097 1543 3153 in

355 3197 488 3259 Christo
506 3196 601 3258 Jesa.
630 3195 731 3270 anm
743 3203 920 3277 proposuit
933 3198 1026 3258 Deus
1038 3203 1304 3277 propitiationem
1323 3219 1383 3277 per
1396 3201 1494 3278 sidem
1509 3207 1543 3260 in
1595 3219 1603 3236 ·

299 3386 300 3393 ἵ
351 3312 511 3384 sanquine
534 3312 639 3386 ipsius
649 3351 661 3385 ,
693 3309 739 3368 ad
752 3313 971 3369 ostensionem
990 3311 1146 3384 justitiae
1164 3314 1301 3388 propter
1317 3315 1542 3371 remissionem

347 3418 678 3499 praecedentiam
715 3418 982 3493 delictorum,
1015 3413 1035 3479 i.
1073 3435 1101 3478 e.
1135 3414 1209 3479 olim
1242 3414 1541 3497 commissorumr).

349 3526 473 3590 Porro:
496 3526 546 3588 ut
557 3528 629 3587 ideo
646 3531 721 3586 nori
740 3527 939 3587 Testamenti
955 3528 1114 3587 mediator
1138 3533 1203 3603 est,
1227 3534 1265 3587 nt
1279 3535 1383 3589 morte
1398 3535 1541 3590 interce·

299 3634 305 3689 l
350 3639 448 3698 dente
478 3633 608 3715 (facta),
640 3643 673 3696 in
696 3638 926 3698 redemtionem
953 3657 1089 3697 earam
1111 3643 1539 3717 praevaricationum,

299 3764 309 3889 q
348 3767 455 3831 quae
485 3748 691 3807 erontsud
710 3766 844 3827 priori
869 3743 1542 3825 testamento,1eutpnamorlenos

299 3862 307 3949 l
346 3853 526 3920 redimeret
549 3874 567 3917 a
591 3853 919 3938 praevaricationibus
943 3856 1076 3919 durante
1099 3867 1184 3918 statu
1205 3854 1324 3920 veteris
1343 3856 1542 3920 Testamenti
1649 3918 1652 3926 ,

299 4018 304 4081 f
344 3962 561 4053 perpetratis,
582 3972 869 4045 repromissionem
892 3972 1072 4047 acceptant,
1096 3973 1151 4048 qai
1171 3973 1278 4028 vocati
1293 3974 1373 4028 sunt
1388 3974 1543 4029 aeternae

299 4076 567 4142 *haereditatis
571 4093 629 4152 ,1
651 4093 679 4136 e
707 4074 745 4136 ad
769 4071 962 4157 promissam
984 4085 1147 4138 aeternam
1170 4072 1459 4153 haereditatem¹⁰).
1484 4075 1540 4138 Et:

343 4185 477 4249 Notum
498 4188 597 4260 ipitar
618 4189 664 4244 sit
681 4185 790 4262 vobio,
813 4189 874 4244 riri
892 4187 1025 4263 fratres
1057 4184 1110 4264 (ad
1136 4181 1355 4247 Antiochenos
1377 4183 1541 4249 Israelitas

345 4312 536 4359 sermonem
560 4291 666 4372 lacit),
687 4298 764 4376 qaia
782 4315 843 4375 per
863 4299 949 4357 tanc
970 4296 1065 4357 notis
1081 4299 1233 4357 remissio
1246 4301 1459 4375 peccatoram
1476 4317 1540 4358 an·

465 4567 489 4644 ¹)
507 4567 570 4632 Tit.
586 4567 618 4640 2,
639 4564 689 4628 14.
709 4604 750 4614 ·-
769 4571 797 4646 ¹)
814 4567 911 4628 Hebr.
929 4565 960 4644 9,
980 4566 1030 4631 12.
1048 4604 1088 4614 -
1108 4571 1136 4646 ³)
1154 4567 1251 4629 Hebr.
1267 4565 1300 4642 9,
1317 4567 1371 4633 28.
1389 4605 1429 4615 -—
1449 4569 1476 4648 ⁴)
1495 4569 1540 4634 Ci.

346 4659 460 4720 Cone.
478 4659 578 4721 Trid.
595 4659 677 4721 Sese.
697 4663 746 4725 22.
764 4681 789 4723 a.
808 4663 837 4722 1.
854 4695 898 4706 -
916 4665 944 4740 ὅ)
961 4659 1056 4720 Hebr.
1076 4657 1128 4733 10,
1148 4656 1284 4739 14.—⁶)
1304 4658 1333 4722 l.
1350 4661 1443 4721 Joan.
1463 4658 1493 4734 l,
1511 4659 1540 4723 7.

349 4786 394 4796 -
413 4753 441 4827 ²)
458 4750 545 4810 Rom.
562 4746 594 4824 5,
614 4747 665 4813 18.
684 4747 735 4812 19.
771 4788 810 4796 -—
831 4751 858 4831 ⁸)
875 4750 920 4811 Cf.
941 4749 969 4815 1.
986 4750 1056 4813 Cor.
1076 4747 1126 4826 15,
1143 4748 1186 4815 45
1203 4772 1244 4817 ss.
1261 4753 1376 4837 Ephes.
1392 4749 1424 4829 2,
1442 4749 1540 4821 3-5.

350 4877 395 4890 -
412 4843 442 4922 ⁹)
457 4842 546 4904 Rom.
563 4839 594 4919 3,
612 4839 756 4909 23-25.
774 4879 815 4892 -·
834 4845 876 4922 ¹⁰)
892 4842 990 4907 Hebr.
1007 4839 1038 4917 9,
1058 4839 1108 4908 15.
