3775 5625
1430 463 1492 532 15⁷

286 636 424 722 gulata,
446 645 539 711 quam
564 624 708 691 concil.
726 622 1002 689 'tridentinum
1019 635 1132 691 contra
1153 625 1317 692 Calvinum
1334 630 1492 713 sequenti·

284 745 364 808 bus
380 734 488 800 verbis
504 734 681 800 solenniter
701 733 902 819 pronuntiat:
926 734 969 798 ss·
995 741 1068 815 quis
1085 744 1279 816 parvulos
1299 743 1343 800 nt
1365 745 1495 803 uteris

284 856 463 915 matrum
499 850 761 924 baptizandos
789 858 922 927 nepot,
963 850 1078 909 etiam
1108 851 1141 909 si
1177 850 1335 922 fuerint
1368 853 1493 929 tepti-

288 961 409 1025 uatis
419 961 655 1034 parentibus
671 960 751 1019 orti
756 979 771 1035 ;
796 967 856 1019 cut
868 960 963 1036 dicit,
989 961 1024 1017 in
1040 960 1261 1019 remissionem
1282 963 1408 1037 quidem
1420 978 1493 1037 pec·

293 1078 446 1131 catorum
461 1085 517 1128 eos
532 1069 711 1144 baptizari,
736 1072 792 1127 sed
805 1067 891 1127 ninii
904 1084 948 1126 erc
963 1068 1081 1127 Adam
1098 1068 1256 1128 trudere
1273 1070 1494 1144 criminalis

297 1179 466 1257 peccati,
493 1181 594 1253 quod
617 1178 936 1253 repenerntionis
962 1180 1122 1236 lavucro
1144 1195 1305 1238 necesse
1343 1181 1397 1238 sit
1423 1196 1492 1239 ec·

303 1290 406 1364 pieri
429 1291 477 1347 nd
501 1289 620 1347 citum
643 1295 839 1347 ueternum
864 1290 1194 1364 consequendum
1220 1291 1304 1347 unde
1322 1288 1492 1361 fitconse·

305 1400 416 1475 'qucum
434 1406 472 1458 ut
485 1399 528 1456 in
544 1398 604 1457 eis
621 1397 758 1469 formu
773 1396 1041 1472 Baptismntis
1057 1399 1096 1456 in
1112 1400 1390 1459 remissionem
1402 1416 1492 1476 pec·

312 1515 475 1566 catorum
494 1523 698 1585 munnere,
725 1510 791 1566 sed
809 1506 923 1578 futen
938 1508 1225 1582 inteiiiqctur:
1250 1527 1279 1568 u.
1303 1508 1375 1584 s.¹).
1393 1504 1492 1583 Quam

249 1651 253 1688 ·.
315 1609 517 1677 definitionem
531 1610 699 1676 Ecclesiae
714 1610 807 1676 facile
824 1622 933 1676 estex
948 1624 1084 1697 utroque
1105 1611 1311 1679 revelationis
1332 1613 1420 1678 sonte
1437 1614 1490 1679 de·

317 1733 490 1787 monstrare.
506 1722 588 1786 Nam

407 1831 436 1896 1.
453 1832 539 1917 quod
554 1833 593 1897 ad
609 1834 669 1897 SS.
686 1831 857 1897 Litteras
875 1830 1007 1895 attinet:
1030 1831 1212 1897 Christus
1234 1832 1421 1897 Dominus
1446 1833 1490 1897 di·
1576 1903 1580 1910 ,

319 1949 385 2003 terte
400 1941 540 2022 docet¹),
557 1942 704 2028 cuique,
720 1954 755 2005 ut
769 1962 907 2029 regnum
918 1940 1058 2005 divinum
1074 1940 1195 2005 intrare
1205 1941 1321 2027 possit,
1338 1963 1489 2008 necessa·

316 2042 382 2113 llum
396 2071 486 2128 esse,
503 2063 538 2116 ut
553 2061 676 2136 mue,
694 2042 813 2117 droun
820 2100 833 2135 ‚
857 2073 901 2116 ec
916 2074 1002 2131 upon
1022 2064 1055 2116 et
1072 2051 1203 2133 Spiritu
1223 2051 1260 2116 S.
1283 2065 1488 2136 renascetur,

314 2158 790 2243 quoniamquounammen
809 2183 1008 2244 secerne,
1035 2182 1126 2225 caro
1143 2175 1221 2242 est;
1239 2173 1332 2247 atque
1348 2162 1490 2227 Paulus

312 2267 406 2345 tradit,
421 2270 454 2334 in
472 2293 603 2336 omnes
618 2276 764 2336 homines
778 2283 912 2335 mortem
924 2276 1178 2349 pertransivisse
1191 2292 1365 2351 perunum
1382 2275 1489 2335 domi·

309 2393 387 2463 uem,
412 2388 446 2444 in
462 2404 526 2463 uuo
543 2402 670 2446 omnes
681 2381 947 2461 peccaverunt¹),
967 2379 1012 2444 ita
1027 2392 1062 2444 ut
1076 2393 1245 2465 peceatum
1266 2380 1403 2469 originis
1425 2394 1490 2446 tom

308 2484 474 2556 universale
494 2511 585 2567 esse,
606 2511 699 2578 quam
721 2489 910 2555 universalis
932 2488 975 2554 sit
1001 2511 1106 2566 mors,
1127 2503 1271 2566 asserat,
1303 2504 1336 2556 et
1356 2491 1490 2576 insuper

306 2608 424 2675 tunes,
440 2600 583 2666 ludaeos
600 2622 699 2687 aeque
717 2622 755 2666 ae
773 2600 929 2675 Gentiles,
945 2598 1056 2666 fideles
1074 2621 1173 2686 seque
1190 2622 1228 2666 sc
1249 2600 1396 2666 infideles
1420 2624 1488 2665 nn·

303 2710 385 2772 turri
405 2714 492 2787 filios
516 2718 586 2775 irae
619 2734 690 2776 csse
709 2710 873 2789 scribit⁴);
897 2730 958 2774 nec
983 2731 1048 2773 non
1080 2710 1164 2774 idem
1186 2711 1304 2775 docent
1330 2710 1487 2777 indirecte

303 2827 366 2878 tum
385 2821 483 2885 Paulo
504 2821 618 2907 reliqui
632 2820 796 2907 Apostoli,
817 2820 870 2884 ubi
893 2820 1057 2886 Christum
1076 2819 1241 2884 hominum
1264 2820 1405 2885 omnium
1426 2822 1485 2886 Re·

302 2917 470 2994 lentorem
486 2929 680 2995 annuntiant.
1199 3008 1200 3013 γ

395 3040 427 3105 2.
445 3041 537 3120 Quod
553 3060 631 3104 vero
649 3052 774 3125 spectat
790 3041 829 3104 ad
847 3039 1132 3105 Traditionern:

395 3173 426 3212 a.
442 3150 579 3215 Patres
594 3149 677 3215 locis
701 3170 800 3234 supra
818 3149 955 3214 laudatis
970 3150 1115 3225 tradunt,
1137 3149 1170 3212 in
1188 3154 1343 3226 fraudem
1359 3172 1487 3232 serpen·

300 3249 347 3330 ¹¹⁸,
365 3279 424 3322 seu
439 3271 604 3343 peccatam
614 3258 760 3348 originis,
778 3281 885 3324 omne
898 3281 1022 3339 penus
1037 3263 1247 3323 humanum
1263 3264 1429 3342 incidisse,
1448 3281 1488 3324 uc

297 3358 330 3414 (θ
350 3385 409 3432 suc
434 3375 555 3433 semine
576 3374 733 3446 infectum
755 3392 844 3451 esse,
872 3381 907 3432 ut
931 3368 1119 3433 tustinus
1142 3381 1174 3432 et
1197 3366 1485 3443 Tertullianum

296 3476 505 3541 0111333333
520 3485 616 3559 culpa
630 3486 733 3562 mori,
758 3490 793 3542 ut
815 3477 1026 3552 Tatisnus3
1051 3490 1230 3558 serpentem
1255 3499 1486 3559 omnempo·

292 3583 478 3652 'teritum'
485 3610 501 3650 s
525 3594 698 3652 sodalem
714 3593 862 3668 centonio
877 3593 1174 3667 praevaricationis
1189 3592 1363 3671 infecisse,
1391 3600 1484 3674 atque

289 3695 552 3779 innocuoque
574 3705 705 3762 unimn
731 3704 906 3762 incarne
925 3711 1137 3775 nascatur,
1161 3704 1347 3780 iniquitatis
1361 3710 1394 3762 et
1404 3720 1485 3779 pec·

285 3803 355 3862 ⁰⁶²5
370 3816 469 3872 sorde
481 3814 602 3891 pollui,
620 3820 654 3872 ut
671 3806 789 3896 Origo
801 3828 886 3897 nes3
908 3820 1076 3887 peccatum
1091 3809 1184 3872 Adae
1199 3814 1235 3871 in
1252 3829 1361 3872 omnes
1376 3811 1486 3871 homi·

281 3912 612 3995 ”espertraneiim,
627 3930 664 3987 ut
679 3917 943 3990 Athanasium
962 3939 1126 3981 commune
1148 3940 1217 3982 esse
1240 3923 1383 3981 omnium
1401 3921 1485 3980 deli·

278 4021 393 4111 ⁰¹²tm,
419 4049 646 4108 omnemque
662 4035 852 4109 lucendum,
877 4034 935 4107 qui
960 4034 1030 4091 sine
1051 4030 1219 4108 Baptiemo
1246 4034 1424 4109 moriatur,
1452 4037 1486 4090 ut

277 4076 621 4222 chrysostomus,
647 4159 755 4201 omme
770 4144 805 4201 in
818 4143 925 4218 primo
942 4141 1072 4200 homine
1084 4143 1286 4218 peccavisse,
1316 4149 1411 4215 atque
1424 4158 1485 4217 per

234 4237 431 4315 naturae
446 4254 682 4312 successionem
702 4255 816 4329 culpae
831 4269 959 4327 quoque
973 4253 1013 4310 ud
1029 4267 1094 4310 uno
1116 4252 1158 4310 in
1180 4267 1308 4309 omnes
1330 4250 1484 4326 transsu-

234 4342 235 4353 ἵ
276 4348 356 4413 ⁸⁰²¹·
380 4363 616 4421 successionem
635 4380 720 4436 esse,
744 4369 778 4421 ut
800 4355 1054 4450 Ambrosium¹
1079 4376 1138 4440 per
1159 4355 1296 4440 primurn
1321 4355 1484 4419 hominem

274 4456 455 4531 stracten
472 4488 554 4530 cum
575 4480 729 4532 nutura
743 4471 913 4531 humanu
940 4487 1010 4529 esse
1031 4471 1238 4530 commistum
1245 4513 1258 4547 ,
1282 4478 1317 4529 ut
1339 4465 1481 4554 Grego-

281 4588 511 4633 x.—

402 4688 534 4767 ¹)Sess
554 4691 583 4751 5.
604 4691 698 4752 Decr
719 4691 756 4747 de
779 4707 858 4766 pecc
880 4687 955 4764 orip
979 4691 1009 4753 4
1025 4724 1069 4733 -
1093 4685 1118 4772 ²)
1148 4686 1239 4749 Joon.
1265 4685 1296 4761 3,
1317 4684 1480 4749 3-6.-

287 4746 471 4912 anim*
415 4775 480 4912 'nis'
491 4777 602 4912 172.-
630 4778 657 4859 4)
672 4779 786 4861 Ephes
809 4776 840 4854 2
861 4776 892 4843 3
922 4779 990 4841 0011.
1012 4779 1142 4859 Philipp.
1169 4776 1199 4854 3,
1220 4775 1251 4841 5
1277 4777 1348 4839 Act
1372 4775 1425 4854 23,
1449 4776 1480 4842 3.
