3775 5625
330 420 379 488 tt

326 587 498 653 Notionem
515 598 621 651 autem
636 586 720 652 illam
736 586 769 651 in
785 589 858 653 loco
875 602 990 654 nostro
1008 611 1134 676 quoque
1147 593 1328 658 membrum
1341 596 1529 681 oppositum

327 698 515 763 necessario
531 697 688 781 postulat;
709 710 904 783 quapropter
920 711 953 763 ct
968 700 1077 763 Aban
1093 702 1198 765 Esra
1219 704 1354 769 verbum
1377 718 1529 770 nostrum

329 819 576 875 commentatur:
597 808 662 884 θον·
678 815 821 872 ambulat
833 814 869 871 in
886 814 939 871 οἰο
956 815 1092 889 recta1).
1120 811 1226 875 Docet
1241 810 1347 897 itaque
1363 816 1526 881 Ecclesia·

328 933 407 993 stes,
429 918 591 983 bominem
614 938 633 981 a
653 918 724 982 Deo
747 917 780 981 in
802 918 972 983 sanctitate
996 940 1035 983 ac
1050 920 1193 1005 justitia,
1216 922 1380 989 sanctitati
1401 923 1530 1004 (ΙίνίοοοΙ

329 1028 497 1104 conformi,
520 1040 663 1093 creatum
686 1048 772 1103 esse,
793 1028 940 1093 homines
958 1041 1064 1093 autem
1080 1052 1139 1115 per
1156 1052 1192 1095 se
1209 1031 1315 1098 factos
1332 1053 1409 1098 esse
1425 1036 1527 1100 malos

329 1160 366 1204 ac
381 1158 567 1224 perversos.

436 1247 467 1313 3.
489 1247 577 1311 Idem
599 1248 729 1311 tandem
750 1246 847 1311 tradit
868 1250 905 1312 A.
927 1249 1093 1323 Paulus,
1117 1249 1169 1334 qui
1192 1250 1321 1315 scribit:
1352 1252 1395 1316 St
1419 1266 1526 1318 tamea

328 1365 421 1421 illum
438 1356 630 1437 (Christum)
648 1362 798 1437 audiatis,
817 1368 850 1420 ct
865 1364 900 1419 in
915 1364 984 1437 ipso
1011 1363 1115 1421 edocti
1136 1366 1230 1434 ertia,
1256 1367 1342 1424 sicut
1355 1371 1387 1443 et
1405 1369 1527 1427 veritae

329 1474 365 1530 in
380 1469 481 1530 Jeau:
498 1473 656 1544 deponere
679 1487 738 1529 coa
753 1475 927 1529 secundum
940 1473 1116 1547 pristinem
1137 1476 1418 1535 conversationen
1439 1484 1526 1537 vm·

329 1599 397 1640 rem
412 1581 585 1656 bominem,
611 1580 668 1654 qui
683 1581 904 1655 corrumpitur
920 1586 1096 1640 secundum
1111 1583 1272 1642 desideria
1287 1586 1426 1646 erroris.
1454 1585 1526 1646 na-

328 1692 527 1751 noocmini
543 1697 648 1749 autem
664 1691 783 1765 spiritu
799 1693 915 1749 mentia
930 1699 1079 1769 vestrae,
1104 1701 1137 1751 et
1150 1694 1275 1752 induite
1295 1711 1438 1754 novum
1467 1696 1526 1756 lao-

328 1804 475 1877 minem,
491 1801 556 1876 qui
572 1798 911 1858 secundumDeunt
926 1808 1086 1860 creatus
1101 1810 1167 1873 est,
1183 1787 1526 1878 νὶνκαινόνᾶνθρωννον,

328 1901 380 1967 τὸν
399 1900 477 1965 κοντοὶ
494 1899 759 1974 &adsurrectum
779 1912 996 1985 injustitia
1011 1919 1048 1970 et
1062 1913 1275 1972 sanctitate
1291 1912 1526 1991 ceritata'a').

330 2021 373 2084 Et
389 2018 478 2082 abbi:
495 2020 609 2081 Nolite
624 2022 754 2080 mentiri
771 2022 921 2089 invicem,
947 2022 1168 2093 exspoliantes
1183 2038 1242 2079 coa
1257 2031 1397 2082 veterem
1420 2023 1527 2083 boucl-

328 2150 400 2191 ncm
416 2149 488 2190 cum
504 2133 628 2191 actibus
644 2132 726 2208 auia,
746 2138 779 2189 et
793 2132 961 2189 induentes
975 2147 1115 2189 novum
1133 2148 1218 2209 eura,
1237 2135 1294 2208 qui
1309 2142 1528 2194 renovatur

330 2244 365 2301 in
380 2243 578 2317 aquiuonem
595 2243 800 2300 secundum
816 2241 1021 2312 {rectricem
1036 2240 1139 2315 ejus,
1165 2243 1222 2317 oui
1244 2244 1400 2303 creavit
1424 2245 1527 2314 illurn,

329 2340 381 2407 ada
395 2341 476 2418 rebe,
502 2340 554 2405 adr
576 2339 826 2423 ἀνακαινούμενον
849 2345 889 2412 εἰς
905 2342 1060 2423 ἐπίγνωσιν
1083 2340 1149 2403 κατ’
1166 2334 1265 2404 εἰκόνα
1287 2350 1341 2406 τοῦ
1374 2346 1529 2417 κτίσαννος

329 2451 469 2536 αὐτόν’).
493 2459 529 2522 ln
545 2469 681 2542 utroque
698 2459 770 2520 loco
787 2455 963 2540 Apostolus
980 2454 1091 2519 fideles
1108 2456 1260 2520 advitam
1277 2470 1436 2534 sanctam,
1456 2458 1527 2523 reli·

328 2566 418 2653 gioni
436 2567 636 2632 Christianae
653 2587 841 2653 congruam,
858 2565 993 2638 excitat3
1017 2578 1049 2629 et
1064 2578 1239 2650 propterea
1253 2586 1313 2631 eos
1330 2568 1528 2643 adhortatur,

329 2689 364 2740 ut
379 2688 522 2741 veterem
542 2676 719 2751 bominem',
750 2676 770 2741 i.
792 2698 819 2740 e.
841 2675 982 2739 indolem
1003 2695 1149 2759 pravam,
1187 2697 1230 2740 ex
1249 2678 1373 2740 Adamo
1401 2691 1526 2743 contra·

329 2798 423 2862 ctam,
441 2797 534 2872 atque
543 2807 601 2871 per
617 2797 752 2871 peccata
762 2783 945 2870 personalia
959 2783 1123 2850 fallacibus
1136 2783 1317 2850 libidinibus
1332 2785 1528 2875 indulgendo
1544 2803 1546 2809 '

329 2908 470 2970 auctam,
501 2895 603 2970 exuti,
635 2916 814 2980 novumque
833 2894 867 2958 in
884 2893 1012 2978 justitia
1027 2906 1060 2958 et
1085 2893 1254 2958 sanctitate
1270 2915 1362 2969 vera,
1395 2915 1455 2960 scu
1470 2917 1528 2982 per

327 3026 438 3069 veram
465 3003 683 3091 cognitionem
706 3003 858 3078 divinam,
885 3016 978 3089 atque
1000 3002 1074 3066 inde
1096 3002 1358 3088 proficiscentem
1390 3005 1527 3070 charita·

328 3119 393 3178 t'em
410 3111 627 3187 efformatum,
648 3112 743 3177 talem
766 3111 903 3187 scilicet,
930 3111 1031 3197 qualis
1048 3123 1133 3186 erat,
1156 3111 1208 3197 qui
1225 3133 1244 3175 a
1259 3113 1329 3176 Deo
1351 3115 1529 3179 secundum

327 3222 501 3310 imaginem
517 3221 619 3306 ipsius
638 3233 765 3287 creatus
782 3220 855 3295 fuit,
876 3220 992 3294 induti,
1008 3219 1155 3284 interiori
1171 3219 1315 3295 bomine,
1338 3234 1446 3287 mente
1463 3223 1529 3288 ani·

327 3354 443 3418 moque
468 3344 679 3406 renovcrrttu,
712 3330 950 3395 similitudinem
975 3329 1035 3394 Dei
1062 3329 1251 3396 referentes.
1284 3331 1446 3395 Admonet
1470 3330 1528 3396 ita·

328 3463 388 3529 que
407 3442 436 3506 1.
452 3443 568 3505 Paulus
591 3462 667 3515 nos,
695 3452 729 3504 ut
754 3443 995 3517 renovemur⁴)‚
1027 3450 1119 3523 atque
1143 3437 1251 3513 simul,
1282 3439 1530 3505 renovationem

327 3563 473 3614 nostram
488 3550 521 3614 in
538 3550 664 3613 interita
681 3547 935 3613 sanctificatione
953 3568 991 3610 ac
1002 3545 1249 3631 justificatione,
1275 3569 1334 3633 per
1355 3547 1453 3614 fidem
1474 3571 1527 3616 ve·

326 3679 395 3722 ram
413 3659 552 3733 obtenta,
570 3670 721 3722 constare
739 3658 843 3720 docet.
868 3655 927 3733 Qui
944 3666 1050 3719 autern
1066 3655 1233 3731 renovari,
1253 3656 1286 3720 in
1302 3669 1420 3721 statum
1432 3659 1528 3742 jasti-

260 3811 263 3825 ·
327 3769 389 3834 tiae
406 3789 444 3832 ac
460 3767 637 3832 sanctitatis
654 3765 782 3830 restitui
791 3765 923 3849 jubetur
929 3789 938 3839 ;
964 3787 1060 3850 quum
1077 3765 1245 3830 renovatio
1260 3765 1529 3832 instaurationem

327 3879 412 3963 ejus,
435 3877 520 3962 quod
537 3876 612 3940 olim
628 3875 700 3950 fuit,
731 3874 863 3938 indicet:
882 3874 1050 3960 aliquando
1068 3895 1185 3948 novus,
1218 3895 1277 3938 seu
1292 3874 1325 3938 in
1342 3875 1471 3959 justitia
1492 3897 1530 3942 ac

327 3985 496 4052 sanctitate
518 3984 711 4050 constitutus
733 4004 807 4048 esse
831 3983 947 4047 debuit.
981 3983 1061 4061 Quia
1081 3994 1187 4047 autem
1207 4004 1307 4068 porro
1324 4004 1386 4048 nos
1404 4004 1529 4062 omnes,

327 4096 380 4182 qui
396 4116 438 4160 ex
453 4095 575 4160 Adamo
598 4093 718 4158 carnali
738 4092 948 4179 generatione
972 4091 1131 4179 originem
1153 4091 1318 4166 ducimus,
1350 4096 1529 4158 secundum

326 4205 462 4268 eundem
491 4203 681 4288 Apostolum
706 4209 830 4266 natural
847 4206 911 4279 fitia·
933 4208 1004 4265 irae
1025 4222 1151 4275 sumus,
1183 4202 1325 4287 adeoque
1357 4202 1529 4267 sanctitate

327 4334 365 4378 ac
376 4312 502 4398 justitia
519 4311 675 4376 destituti:
700 4313 783 4376 hanc
804 4312 919 4376 saltem
939 4331 1000 4375 nos
1021 4309 1054 4373 in
1075 4322 1189 4374 nostra
1211 4310 1352 4396 origine,
1368 4310 1401 4374 id
1417 4324 1479 4386 est,
1496 4311 1528 4376 in

436 4570 461 4646 ¹)
479 4570 515 4628 In
543 4569 703 4630 Commeat.
726 4569 831 4629 Bibliis
863 4567 1028 4630 Buxtorf.
1059 4566 1193 4631 insertis.
1222 4603 1266 4615 --
1288 4569 1316 4643 ²)
1348 4567 1464 4647 Ephes.
1496 4565 1529 4642 4,

326 4657 471 4730 21-24.
488 4695 532 4706 -
549 4664 577 4739 ³)
595 4659 662 4722 Col.
680 4658 711 4732 3,
728 4656 849 4722 8-10.
866 4695 911 4706 -
927 4659 956 4735 ⁴)
982 4656 1028 4720 cf.
1045 4657 1184 4731 Wilke,
1211 4657 1325 4720 Oloris.
1348 4660 1388 4717 N.
1409 4661 1443 4718 Τ.
1459 4658 1528 4737 pti-

327 4755 376 4813 lol.
393 4751 507 4814 Drasd.
526 4747 712 4815 1839-40.
730 4752 767 4811 In
783 4757 976 4812 commentar.
992 4751 1040 4808 De
1054 4748 1086 4808 οἱ
1100 4748 1361 4829 praepositionum
1376 4748 1412 4808 ic
1425 4749 1530 4811 verbis

327 4841 506 4927 compositis
522 4842 651 4904 adnexo.
