3775 5625
1467 436 1533 503 329

342 599 422 663 beo
446 598 487 662 M.
501 603 543 678 ¹),
568 597 787 685 Gregorius
818 599 858 663 M.
874 600 899 677 ²)
922 611 954 662 et
975 599 1143 683 Cyrillns
1178 601 1281 664 Alex.
1295 608 1339 679 3),
1364 601 1416 685 qui
1448 601 1532 666 affir-

339 721 441 784 mant,
464 707 625 773 Christum
645 730 705 793 pro
729 707 850 772 nostris
875 709 1018 793 peccatis
1044 730 1117 773 esse
1142 710 1308 784 traditum,
1328 724 1461 795 peecata
1477 734 1533 775 no·

339 831 408 883 stra
423 830 590 904 portasse,
613 830 747 903 peecata
762 830 874 884 nostra
889 818 920 881 in
939 840 1077 902 corpore
1099 842 1158 883 sno
1176 842 1273 904 super
1289 820 1411 907 lignum
1428 834 1533 906 pertn-

338 927 431 1002 lisse,
447 939 580 1012 propter
604 950 664 992 nos
690 927 795 991 omnia
818 928 1026 1002 sustinuisse,
1047 929 1196 1002 verbera,
1220 931 1354 1014 probra,
1372 943 1533 996 contume-

338 1036 414 1112 lias,
432 1037 546 1122 quibus
562 1058 622 1101 nos
640 1037 727 1124 digni
744 1058 887 1111 eramus,
909 1037 940 1100 in
958 1058 994 1101 se
1013 1037 1230 1111 transtulisse,
1247 1052 1384 1102 mortem
1401 1061 1461 1123 pro
1479 1062 1534 1103 no·
1642 1105 1654 1132 l

337 1146 389 1212 bis
406 1146 561 1221 subiisse,
594 1147 847 1221 execrationem,
870 1168 950 1231 quae
975 1147 1068 1211 nobis
1085 1148 1258 1211 debebatur
1276 1149 1314 1212 ad
1332 1169 1368 1212 se
1385 1148 1535 1222 traxisse,

337 1268 502 1321 tormenta
517 1277 648 1341 passum
666 1269 698 1321 et
714 1256 870 1341 supplicio
887 1256 1035 1321 affectum
1052 1277 1137 1331 esse,
1152 1279 1214 1342 quo
1231 1279 1292 1321 nos
1308 1269 1441 1342 propter
1459 1260 1534 1321 nini·

338 1364 506 1430 titudiuem
538 1378 744 1451 peccatorum
778 1366 865 1453 digni
897 1387 1042 1439 eramus3
1076 1366 1188 1430 deinde
1222 1366 1384 1432 Christum
1417 1388 1535 1451 eorpus

339 1497 434 1539 suum
450 1473 643 1539 sacrificinm
660 1496 718 1558 pro
736 1474 830 1539 nobis
849 1474 1074 1558 peecatoribus
1108 1474 1308 1547 exhibuisse,
1340 1473 1535 1539 immolatum

339 1605 459 1672 agnum
481 1606 540 1669 pro
564 1582 658 1647 nobis
673 1604 764 1657 esse,
781 1606 817 1649 se
834 1607 893 1669 pro
912 1584 1006 1648 nobis
1025 1584 1219 1648 oblationem
1236 1597 1268 1647 et
1283 1583 1421 1647 hostiam
1440 1584 1533 1648 trudi·

340 1692 445 1766 disse3
471 1704 537 1756 tum
563 1692 724 1758 Christum
742 1714 777 1757 se
802 1693 907 1777 ipsum
932 1693 1161 1757 redemtionem
1187 1715 1245 1777 pro
1278 1692 1371 1756 nobis
1397 1693 1535 1766 dedisse,

340 1814 371 1865 et
393 1803 631 1866 suecedeneum
652 1804 763 1885 eulpae
789 1815 920 1867 nostrae
942 1824 1033 1875 esse,
1061 1824 1097 1865 se
1122 1824 1180 1886 pro
1206 1801 1353 1866 omnibns
1375 1802 1535 1888 gernibus,

340 1931 399 1994 pro
418 1909 484 1985 his,
502 1909 553 1994 qni
569 1910 601 1973 in
619 1909 801 1994 captivitate
824 1923 930 1983 erant,
953 1911 1088 1994 pretinm
1110 1910 1318 1974 redemtionis
1339 1910 1426 1974 Patri
1444 1912 1533 1974 obtu-

340 2019 432 2094 lisse,
449 2021 554 2104 plura,
572 2040 665 2104 qnam
683 2020 891 2093 debebamuS,
909 2019 1063 2093 solvisse,
1080 2019 1286 2105 sanguinem,
1302 2020 1487 2103 passionem
1504 2032 1536 2083 et

338 2142 479 2194 mortem
511 2150 627 2215 magna
652 2128 753 2213 pretia
777 2130 859 2193 vitae
885 2142 1015 2194 nostrae
1041 2150 1131 2203 esse,
1162 2129 1266 2213 pretio
1284 2129 1449 2217 sauguinis
1467 2131 1535 2213 ejus

336 2260 399 2305 nos
434 2259 509 2303 esse
540 2241 717 2313 redemtos,
741 2238 773 2300 in
792 2238 949 2324 sanguine
966 2241 1035 2323 ejus
1053 2260 1113 2302 nos
1130 2259 1204 2303 esse
1216 2238 1412 2322 justificatos
1430 2252 1462 2302 et
1479 2260 1536 2323 per

332 2361 478 2416 mortem
499 2350 567 2432 ejus
588 2348 656 2412 Deo
678 2347 921 2422 reconciliatos,
954 2349 1006 2433 qni
1038 2348 1170 2435 sanguis
1188 2350 1257 2432 ejus
1274 2348 1412 2412 indebite
1445 2348 1536 2412 fusus

331 2469 500 2545 tamquam
523 2457 660 2543 pretium
677 2480 736 2542 pro
754 2458 846 2522 nobis
864 2457 1064 2522 debitoribus
1089 2460 1180 2521 (latras
1198 2470 1263 2533 est,
1281 2471 1313 2521 et
1329 2458 1454 2542 quidem
1472 2459 1534 2521 sol·

328 2613 615 2630 -———-·

448 2678 474 2759 ¹)
491 2676 587 2738 Serm
605 2681 654 2740 60.
672 2682 721 2737 De
733 2698 821 2754 pass.
840 2682 888 2739 11.
908 2682 968 2738 e.3.
986 2676 1068 2757 Opp.
1080 2701 1109 2758 p.
1123 2675 1196 2739 134.
1214 2679 1339 2757 Fefeltit
1353 2678 1440 2737 illum
1457 2678 1535 2756 (dia-

328 2769 454 2848 bol-um)
470 2768 645 2845 maliynitas
662 2790 736 2844 sua,·
768 2770 872 2830 intulit
891 2770 1075 2846 supplicium
1091 2770 1176 2829 Filio
1192 2770 1270 2851 Dei,
1287 2774 1367 2846 quod
1393 2769 1537 2829 eunetis

328 2860 450 2937 filiis
473 2860 655 2922 homiuum
671 2862 712 2921 in
727 2863 929 2921 remedium
944 2868 1173 2935 uerteretur;
1192 2862 1283 2939 fudit
1297 2861 1535 2940 sanauinemju·

328 2960 434 3023 stum,
463 2950 517 3027 qui
540 2953 825 3013 reconciliando
857 2956 991 3013 mundo
1014 2960 1046 3011 et
1061 2952 1228 3026 pretium
1250 2958 1328 3011 esset
1346 2959 1374 3011 et
1384 2953 1536 3027 poculum.

328 3045 383 3107 cf.
403 3043 500 3104 Serm.
512 3044 561 3103 59.
574 3064 597 3105 e.
606 3049 634 3104 4.
646 3066 675 3125 p.
696 3042 759 3106 132
773 3068 797 3106 s.
815 3080 860 3091 —
877 3047 902 3124 2)
919 3046 1029 3103 Marad.
1048 3047 1067 3103 l.
1085 3047 1134 3103 17.
1152 3064 1176 3103 e.
1190 3047 1241 3103 30.
1253 3063 1283 3102 a.
1295 3046 1345 3103 46.
1363 3041 1442 3123 Opp.
1456 3044 1494 3106 T.
1508 3041 1535 3104 l.

328 3142 364 3202 e.
383 3133 463 3199 552.
487 3137 625 3195 Delenda
645 3155 715 3212 erqo
731 3143 797 3195 erat
810 3137 881 3195 tatis
898 3137 1001 3210 eahta,
1017 3139 1071 3194 sed
1091 3135 1155 3194 uisi
1166 3154 1224 3208 per
1240 3134 1426 3206 sacrificium
1443 3135 1537 3194 deberi

328 3251 401 3291 mon
413 3232 541 3303 poterat.
561 3261 602 3271 --
620 3229 723 3302 Neque
729 3230 849 3305 justum
859 3227 940 3304 fuit,
964 3235 999 3285 ut
1008 3245 1068 3300 pro
1084 3226 1232 3285 rationali
1246 3226 1366 3286 homine
1382 3227 1535 3284 brutorum

330 3318 520 3383 animalium
533 3318 673 3378 uictimae
689 3322 889 3378 caederentur.
902 3354 942 3364 -
959 3321 998 3378 Ut
1011 3317 1157 3376 rationol'
1190 3316 1317 3398 (autem)
1335 3323 1411 3376 esset
1424 3316 1535 3390 hostia,

331 3416 427 3474 homo
437 3410 546 3488 fuerat
561 3411 750 3489 offerendus;
775 3416 810 3468 ut
821 3429 891 3468 aero
907 3430 926 3468 a
937 3409 1073 3483 peccatis
1088 3416 1249 3468 mundaret
1262 3408 1425 3480 homiaem,
1449 3409 1536 3466 homo

335 3512 368 3564 et
392 3501 459 3561 sine
476 3507 609 3575 peceato.
636 3537 678 3545 -
694 3501 832 3560 Proinde
862 3500 943 3560 venit
966 3507 1094 3574 propter
1117 3519 1173 3558 aas
1197 3499 1230 3558 iu
1252 3506 1370 3558 uterum
1398 3497 1534 3574 Viryinis

335 3593 446 3656 ,attius
461 3591 535 3662 Dei,
562 3592 606 3650 ibi
625 3611 686 3667 pro
710 3592 797 3651 uobis
807 3592 914 3670 faetus
931 3599 975 3650 est
989 3594 1086 3651 horno.
1112 3589 1218 3652 Semta
1234 3598 1279 3650 est
1292 3592 1329 3649 ab
1345 3590 1400 3649 ttto
1415 3596 1535 3659 naara,

337 3706 402 3747 non
419 3685 518 3758 erma.
542 3682 631 3743 Fecit
647 3702 717 3759 pro
740 3684 848 3742 nobis
873 3683 1132 3760 sacrificium,
1159 3702 1294 3758 eorpus
1318 3702 1422 3741 suum
1438 3680 1537 3740 exhi-

339 3776 423 3839 bair
433 3794 504 3850 pro
515 3774 796 3848 peecatoribus,
821 3775 974 3835 uictimam
989 3774 1055 3833 sine
1069 3781 1203 3849 peceato,
1222 3793 1297 3849 quae
1314 3780 1342 3832 et
1355 3772 1539 3833 humanitate

339 3867 437 3939 mori,
461 3872 490 3925 et
503 3865 632 3944 justitia
653 3869 802 3925 mundare
820 3866 978 3941 potuisset.
997 3902 1039 3911 -
1059 3864 1085 3944 3)
1102 3865 1201 3939 Epist.
1225 3869 1267 3925 ad
1287 3864 1438 3924 Valeriae.
1457 3861 1538 3942 Opp.

334 3960 380 4021 ·Τ.
398 3955 431 4020 5.
448 3957 484 4016 Ρ.
503 3954 532 4018 2.
551 3977 574 4016 s.
593 3953 623 4018 2.
640 3978 670 4036 p.
691 3953 764 4018 163.
782 3956 822 4016 D.
840 3957 971 4028 Manet,
989 3957 1063 4018 eote.
1083 3957 1172 4017 oona.
1190 3957 1228 4015 Τ.
1240 3952 1271 4017 5.
1288 3975 1313 4014 e.
1325 3951 1401 4018 359.
1411 3955 1450 4013 D.
1471 3953 1538 4023 Quo

336 4056 431 4127 paeto
445 4066 609 4121 unuspro
635 4047 802 4107 omnibus
827 4044 994 4107 mortuus
1018 4054 1086 4117 est,
1112 4046 1166 4122 qui
1180 4049 1323 4124 justum
1338 4064 1408 4120 pro
1426 4045 1536 4104 omni·

341 4142 407 4201 bue
427 4137 592 4214 pretium
617 4140 835 4213 exsolveret,
854 4139 953 4198 siilla
963 4137 1102 4213 passio
1112 4137 1205 4211 puri
1221 4138 1391 4215 cujuspiam
1407 4135 1539 4195 hominis

337 4231 442 4310 fuisse
460 4235 598 4303 pretatur.
633 4232 683 4289 De
707 4237 777 4290 reet.
789 4229 847 4304 fid.
865 4233 906 4288 ad
919 4230 1028 4305 Redin.
1048 4249 1071 4288 e.
1092 4232 1118 4288 7.
1136 4229 1182 4291 th.
1200 4229 1238 4286 Τ.
1256 4224 1287 4288 4.
1306 4248 1330 4286 e.
1348 4223 1423 4288 810.
1456 4225 1536 4307 Opp.

344 4323 382 4383 Τ.
400 4318 433 4382 5.
450 4320 486 4379 P.
504 4317 534 4381 2.
551 4340 575 4378 s.
593 4316 624 4380 2.
642 4342 671 4399 p.
693 4317 764 4381 132.
798 4320 968 4379 Pretium
988 4338 1059 4394 pro
1082 4319 1348 4378 uniuersorum
1370 4317 1538 4395 peccatis

344 4432 425 4472 unas
455 4430 646 4485 nequaquam
675 4411 941 4487 persolvisset,
967 4411 996 4469 si
1019 4429 1117 4487 purus
1133 4416 1247 4468 tantam
1262 4411 1349 4468 homo
1366 4409 1537 4470 eaestitisset.

347 4503 436 4574 Quod
451 4501 481 4560 si
495 4507 530 4560 ut
543 4505 632 4561 Deus
657 4501 849 4573 incarnatus,
875 4501 1063 4579 propriaque
1078 4501 1112 4560 in
1128 4520 1218 4560 earne
1240 4507 1363 4560 mortem
1377 4518 1539 4577 perpessus

343 4600 437 4655 mente
462 4591 661 4670 concipiatur,
686 4592 829 4652 universa
853 4599 993 4653 ereatura
1014 4592 1165 4651 modicum
1181 4591 1254 4666 quid
1270 4591 1329 4650 erit
1342 4591 1405 4669 ipsi
1421 4609 1537 4666 eompa-

346 4692 432 4757 rata,·
458 4688 547 4758 atque
562 4686 637 4742 adeo
653 4686 694 4742 ad
710 4685 861 4743 humani
884 4683 1035 4760 ueneris
1056 4681 1318 4741 liberationem
1333 4681 1445 4740 auius
1462 4698 1537 4740 aar·

347 4776 407 4835 nis
430 4793 529 4834 mors
553 4776 692 4834 abunde
715 4781 775 4833 sot
790 4775 933 4850 fuerim
959 4774 1089 4852 propria
1106 4773 1185 4832 enim
1201 4780 1269 4832 erat
1287 4772 1387 4844 Verbi,
1405 4775 1485 4847 quod
1502 4791 1539 4839 eu

347 4869 412 4935 Deo
428 4872 533 4932 naum
549 4872 600 4929 est.
626 4866 668 4926 Et
683 4866 721 4935 al.
