3775 5625
1386 403 1451 471 est

326 595 384 649 su,
414 575 510 640 besto
531 572 739 637 redemtionis
764 593 821 656 spe
843 570 1022 645 sustentati,
1038 569 1144 656 quiete
1159 569 1353 636 habitatione
1368 570 1451 635 frue-

327 694 382 750 tur
393 687 427 765 ¹).
450 686 543 749 Hunc
554 685 622 768 jsm
639 684 754 755 locum,
770 681 802 745 in
819 703 881 767 quo
898 680 1022 746 sitimus
1034 682 1214 765 justorum,
1235 679 1286 765 qui
1307 679 1454 745 vixerant

326 814 339 860 e
356 794 519 860 Christum
536 804 706 867 mortuum,
723 791 953 866 detinebuntur,
970 793 1094 855 beatum
1110 812 1201 875 spem
1223 792 1452 877 adventumque

326 903 391 969 nise
407 904 515 991 megni
532 903 591 967 Dei
608 914 845 987 exspectantes,
860 900 1009 989 intelligit
1022 899 1185 974 Ecclesia,
1208 902 1332 985 quando
1348 902 1453 976 docet,

326 1011 429 1078 istum
441 1014 480 1078 ad
487 1012 609 1077 inferos
626 1011 843 1086 descendisse,
859 1011 903 1075 ite
920 1023 1027 1074 utnon
1044 1022 1166 1074 tentum
1183 1012 1253 1095 ejus
1268 1010 1319 1075 vis
1335 1032 1374 1074 ec
1389 1009 1451 1074 vir-

327 1123 402 1187 ¹sed
419 1121 490 1207 ipsa
506 1121 609 1187 anime
625 1143 661 1185 re
678 1133 710 1185 et
725 1120 907 1206 praesentis
923 1142 964 1185 eo
981 1119 1177 1205 pervenerit,
1199 1119 1304 1206 ibique
1320 1132 1384 1184 tam
1401 1120 1453 1184 diu

326 1230 431 1306 uestit,
447 1231 593 1316 quamdin
612 1252 730 1315 corpus
748 1230 925 1294 Salvatoris
936 1231 1067 1314 Jecebat
1082 1229 1113 1293 in
1130 1230 1311 1314 sepulchro.

370 1347 479 1423 Longe
497 1345 556 1404 elio
573 1362 667 1403 sensu
685 1343 763 1403 hunc
776 1344 851 1403 fidei
868 1343 1032 1403 articulum
1050 1343 1086 1402 de
1103 1344 1255 1403 descensu
1278 1342 1396 1401 utristi
1417 1343 1453 1402 sd

326 1471 385 1512 uos
402 1454 554 1514 intellexit
571 1453 764 1513 Calvinus.
789 1454 849 1513 tltc
867 1454 948 1512 enim
963 1452 1083 1522 docuit,
1103 1452 1260 1511 Christum
1276 1471 1351 1510 vere
1369 1452 1451 1511 dolo·

341 1564 511 1623 animorum
543 1565 753 1622 damnaturum
774 1580 897 1639 passum
919 1581 991 1620 esse
1013 1580 1052 1620 cx
1069 1571 1151 1620 metu
1173 1562 1283 1620 salutis
1309 1561 1452 1639 propriae

326 1673 467 1739 ,ttendae,
490 1682 521 1731 et
542 1672 613 1749 qnia
634 1670 834 1760 apprehendit
850 1673 949 1730 Deum
967 1671 1027 1729 sibi
1043 1671 1165 1730 iratum.
1205 1673 1245 1728 Et
1268 1670 1387 1747 quidem
1405 1689 1452 1729 se·

327 1780 398 1840 dum
421 1800 489 1839 eum
516 1780 660 1840 christus
685 1781 715 1838 ln
739 1780 860 1838 interno
877 1779 1000 1838 venanti
1024 1780 1126 1856 coepit
1149 1779 1201 1838 illa
1222 1779 1315 1849 hore,
1348 1798 1407 1857 que
1422 1780 1453 1839 in

326 1898 356 1947 to
373 1891 475 1965 coepit
492 1891 673 1950 contristari
680 1913 689 1960 ;
707 1889 886 1966 profundius
904 1889 1079 1956 descendit,
1097 1889 1214 1965 quondo
1231 1890 1261 1946 in
1278 1908 1373 1949 cruce
1391 1891 1452 1949 clu·

326 1998 374 2058 tit:
414 1999 507 2059 Deus
522 2017 614 2059 meus
622 2043 633 2075 ,
653 2000 743 2059 Deus
759 2018 863 2074 nesus,
882 2000 1013 2078 utquid
1027 1998 1230 2078 dereliquisti
1245 1994 1320 2058 me?
1337 2008 1368 2057 et
1383 2017 1452 2075 pro·

326 2108 462 2178 lissinis,
488 2110 606 2186 quando
628 2127 732 2169 eonem
756 2108 902 2168 tribunali
918 2109 978 2167 Del
995 2108 1166 2186 comparuit
1181 2118 1334 2185 tamquam
1353 2118 1452 2167 seten-

339 2219 449 2277 mortis
466 2237 552 2288 rcus,
569 2228 600 2276 et
617 2218 848 2277 severissimum
859 2218 1007 2292 judicium
1024 2218 1180 2277 sustinuit.
1206 2218 1320 2294 Sitque
1337 2218 1453 2276 tectum

326 2344 353 2395 s,
386 2328 518 2397 asserit,
551 2338 583 2386 ut
608 2328 753 2386 Christus
778 2346 845 2387 cum
870 2326 1039 2386 inferorum
1064 2327 1221 2385 doloribus
1242 2346 1363 2385 manum
1381 2346 1452 2386 con·

326 2439 397 2495 ando
414 2437 577 2496 victoriam
594 2439 631 2496 de
647 2438 709 2495 illis
726 2437 911 2508 reteri-w).

372 2547 586 2605 huthereni
617 2548 814 2607 consentiunt
836 2546 1011 2617 nobiscum,
1036 2557 1187 2624 quatenus
1205 2556 1236 2605 et
1251 2546 1310 2623 ipsi
1326 2548 1453 2606 descen·

326 2680 333 2712 t
351 2654 470 2714 christi
487 2656 524 2715 sd
540 2657 670 2726 interos,
694 2676 821 2734 eumque
838 2676 945 2715 verum
963 2658 1143 2722 essendone
1161 2666 1295 2716 ettamen
1313 2673 1349 2713 eo
1367 2674 1384 2714 a
1400 2675 1453 2714 no·

326 2764 506 2836 discedunt,
536 2768 613 2844 quod
637 2777 790 2838 statuunt,
812 2773 914 2828 tetam
934 2767 1062 2828 Christi
1079 2787 1274 2847 personam,
1301 2766 1407 2826 Deum
1423 2772 1456 2826 st

326 2879 438 2951 finem,
454 2884 533 2955 pest
545 2877 751 2955 sepulturam
769 2880 815 2937 ad
826 2880 957 2954 inferos
973 2880 1199 2954 descendisse,
1222 2884 1377 2938 satanam
1394 2877 1453 2935 ds-

326 3004 398 3062 sse,
413 2991 608 3064 potestatem
623 2989 809 3064 inferorum
825 2992 980 3048 euertisse
987 3030 998 3064 ,
1022 2992 1053 3046 et
1068 2987 1276 3068 diabolum
1291 2992 1325 3046 et
1334 2992 1453 3063 poten-

326 3112 348 3155 ts
363 3101 525 3175 eripuisse
531 3097 569 3171 ³).

375 3200 521 3266 Animam
538 3203 657 3268 Christi
673 3217 794 3277 eutem,
815 3217 849 3268 ut
865 3205 962 3268 docet
976 3202 1125 3268 Ecclesia
1142 3203 1320 3278 catholice,
1340 3224 1455 3270 revera

326 3311 473 3376 niernum
491 3313 709 3388 descendisse,
726 3316 821 3378 docet

375 3425 413 3484 Α.
431 3421 550 3485 diserte
567 3425 600 3486 S.
618 3425 771 3497 Petrus,
788 3423 952 3489 scribens:
966 3425 1096 3500 Qutaet
1110 3425 1263 3486 Obrtstus
1278 3427 1382 3486 semet
1390 3437 1453 3504 pre

326 3538 409 3593 :atis
425 3538 549 3593 nostris
566 3539 627 3611 (sc.
645 3531 823 3611 abolendis)
841 3543 992 3596 mortuus
1008 3540 1074 3610 est,
1087 3536 1215 3615 justus,
1225 3554 1287 3613 pro
1305 3539 1452 3613 injustis,

326 3658 379 3702 tes
395 3646 530 3722 efferret
545 3636 737 3722 (προςαγάγῃ,
755 3644 934 3704 adduceret
948 3642 975 3719 ’4)
992 3644 1077 3720 Deo,
1096 3646 1312 3722 mortificatus
1328 3646 1454 3725 quidem

326 3767 383 3828 ne,
416 3755 596 3832 vivificatus
620 3749 725 3828 (vinus
746 3771 784 3814 ac
806 3752 934 3830 beatus)
958 3759 1066 3814 autem
1087 3757 1207 3832 spiritu
1229 3751 1373 3832 (anime).
1414 3755 1454 3815 In

347 3865 478 3937 ethis,
501 3867 567 3941 qui
588 3867 626 3920 in
643 3880 806 3921 earcere
823 3859 978 3939 (inferno)
996 3869 1129 3933 erant,
1154 3864 1378 3942 spiritibus
1399 3884 1452 3923 ee·
1484 3856 1487 3861 ’

330 3989 379 4030 ns
410 3965 598 4047 (πορευθεὶς)
625 3972 899 4048 praedicavit:
931 3976 987 4051 qui
1016 3971 1179 4031 increduli
1208 3974 1350 4048 fueram
1386 3973 1452 4031 ats-

327 4080 395 4140 ndo
402 4122 414 4155 ,
448 4080 578 4160 quando
602 4081 921 4156 exspectabamus
943 4086 1136 4159 patientiam
1154 4069 1214 4158 (ὅτι
1235 4071 1454 4156 ἄπεξεδέχετοὴ

327 4187 407 4245 θεοῦ
419 4183 636 4263 μακροθυμία,
661 4206 756 4270 quum
776 4185 836 4250 Dei
857 4185 1041 4274 benignitus
1066 4189 1267 4272 expectaret)
1283 4193 1317 4248 in
1334 4189 1449 4250 diebus

326 4300 360 4370 };
377 4299 530 4374 (ettamen
547 4294 792 4378 superveniente
809 4295 936 4370 diluvio,
954 4295 985 4359 in
1003 4308 1149 4360 extremo
1174 4293 1315 4379 periculo
1334 4294 1451 4360 consti·

326 4461 479 4475 *—

373 4585 396 4661 ¹)
413 4586 474 4649 ud.
490 4587 596 4648 Vienn.
618 4585 713 4652 1833.
730 4609 759 4669 p.
777 4584 820 4651 53
838 4611 861 4652 s.
875 4585 956 4672 -·²)
970 4591 1074 4651 Instit.
1086 4594 1105 4653 l.
1124 4595 1152 4650 2.
1170 4611 1194 4652 c.
1213 4594 1450 4655 1e.n.10-12.

327 4720 338 4735 1.
358 4672 455 4739 1569.
473 4699 502 4756 p.
522 4676 585 4740 114
601 4701 641 4739 ss.
674 4679 718 4742 Of.
743 4680 834 4758 Confi
858 4684 945 4757 Betq.
970 4689 1028 4744 ert.
1052 4686 1101 4743 21.
1133 4683 1357 4763 Niemeyer.
1376 4683 1450 4746 Oott

326 4769 447 4847 ffie'u.
464 4788 507 4828 rr.
525 4771 562 4832 L.
582 4767 679 4833 1840.
695 4793 725 4851 p.
742 4769 818 4832 373.
850 4807 893 4818 -
921 4771 947 4850 ³)
965 4776 1068 4835 Fortu.
1087 4774 1177 4839 oona.
1193 4776 1232 4836 Ρ.
1250 4779 1278 4835 2.
1297 4794 1320 4836 c.
1338 4777 1367 4836 9.
1384 4775 1448 4840 LL.

333 4860 372 4925 E.
391 4862 428 4922 L.
444 4862 481 4923 L.
502 4857 598 4925 1847.
614 4862 650 4924 Ρ.
667 4859 698 4927 3.
714 4883 746 4946 p.
763 4859 839 4930 210.
857 4899 899 4911 -
917 4867 944 4942 ⁴)
965 4861 992 4927 1.
1010 4863 1092 4925 Petr.
1110 4860 1141 4940 3,
1160 4862 1300 4930 18-20.
1316 4861 1349 4942 4,
1361 4861 1397 4939 ,6.
