3775 5625
1486 429 1550 497 139

355 611 529 689 peccatum
540 595 885 682 eaderenonposslt¹).
904 595 1097 684 Origenes
1114 594 1219 672 tradit,
1227 609 1409 682 serpentem
1426 617 1554 663 omnnem

357 717 454 778 Evae
483 705 682 794 posteritatis
704 708 850 771 sobolem
872 707 1024 793 contagio
1048 706 1334 792 praevaricationis
1350 707 1554 788 infecisse2),

359 824 396 887 ita
417 831 458 883 ut
471 820 567 882 bomo
586 819 655 903 jam
675 818 707 881 in
728 817 833 902 primo
865 829 939 881 ortu
969 816 1094 903 peccati
1125 818 1222 881 sorde
1246 818 1418 901 polluatur,
1434 830 1466 881 et
1481 817 1554 883 ideo

360 925 517 1015 baptismi
540 927 671 992 lavacro
694 926 726 990 in
749 926 976 991 remissionem
998 938 1205 1012 peccatorum
1228 926 1370 1013 indigeat
1381 931 1420 1007 ³).
1442 929 1552 992 Atha·

361 1061 430 1104 nas
442 1038 500 1101 ius
524 1036 615 1111 dicit,
637 1050 791 1116 peccante
815 1039 937 1100 Adamo
958 1049 1125 1117 peccatum
1141 1043 1176 1100 in
1193 1058 1301 1099 omnes
1316 1041 1462 1100 domines
1474 1060 1554 1117 per·

360 1152 586 1228 tranmisse⁴);
610 1145 794 1221 Basilius,
818 1168 879 1209 nos
903 1153 939 1209 in
963 1149 1065 1209 Adam
1087 1167 1156 1209 esse
1187 1159 1347 1228 mortuos,
1375 1154 1552 1229 collapsos,

358 1264 523 1341 umentis
536 1261 660 1333 fraude
676 1259 928 1335 abalimatos⁵);
955 1256 1172 1342 Gregorius
1187 1256 1479 1332 Nazianzenus,
1495 1277 1556 1320 nos

355 1392 409 1451 per
450 1372 698 1431 inobedientiam
724 1372 900 1446 primipem'
920 1370 1061 1430 bominis
1082 1378 1166 1431 totos
1191 1366 1397 1446 cecidisse⁸),
1422 1372 1461 1429 ab
1485 1372 1554 1429 tm'·

471 1590 496 1671 ¹)
512 1591 648 1663 Paedap.
666 1588 687 1650 l.
703 1590 732 1651 3.
749 1606 775 1651 a.
793 1590 842 1649 12.
860 1584 939 1667 Opp.
957 1589 995 1647 T.
1015 1586 1044 1653 1.
1061 1609 1093 1667 p.
1111 1584 1187 1651 307.
1205 1588 1314 1650 Solus
1338 1590 1459 1665 Lepos
1484 1595 1555 1671 est,

357 1684 387 1742 in
416 1702 530 1757 quem
559 1686 748 1758 peccatum
778 1698 850 1737 non
880 1679 992 1741 cadit.
1031 1682 1098 1739 Est
1127 1679 1214 1739 enim·
1236 1698 1390 1757 peccare
1419 1687 1555 1740 natura

361 1773 530 1834 amnibus
546 1772 715 1831 innatum
729 1777 762 1828 et
777 1790 966 1832 commuue.
984 1770 1029 1832 (ll.
1048 1771 1168 1831 Cobort.
1186 1774 1227 1836 ad
1244 1770 1330 1834 (ient.
1348 1792 1372 1833 c.
1389 1774 1439 1836 11.
1456 1793 1487 1852 p.
1501 1768 1555 1833 86.

365 1863 476 1928 tuom
487 1866 506 1925 l.
514 1866 544 1923 3.
554 1884 579 1926 c.
587 1864 635 1925 16.
646 1856 760 1941 piot.
773 1864 845 1937 -²)
853 1863 893 1920 In
900 1863 986 1922 Cant.
995 1861 1081 1923 Cant.
1091 1864 1110 1924 l.
1123 1866 1152 1924 3.
1165 1858 1327 1943 Opp.T.3.
1333 1884 1363 1942 p.
1375 1859 1427 1927 83.
1438 1882 1463 1921 o.
1473 1860 1504 1925 2.
1516 1862 1551 1924 O.

366 1953 503 2035 tepens,
520 1953 858 2030 quiseduaeratanm,
875 1959 903 2011 et
918 1952 1030 2028 eloquii
1044 1953 1094 2012 sui
1102 1952 1231 2029 flatibus
1242 1952 1362 2028 peceati
1378 1953 1412 2012 in
1428 1973 1493 2013 eam
1507 1974 1553 2013 ue·

366 2063 440 2104 aena
459 2047 646 2126 diffundens,
664 2063 797 2104 omnem
812 2043 1061 2119 posteritatis
1077 2047 1238 2104 sobolem
1261 2045 1439 2121 cantapia
1451 2064 1554 2120 prae·

367 2137 616 2197 caricationis
632 2134 829 2212 infecerat.
846 2170 891 2180 -
908 2131 934 2220 ³)
951 2136 1305 2199 transdanuviana.
1323 2138 1361 2196 T.
1373 2134 1404 2201 2.
1415 2158 1445 2216 p.
1455 2133 1521 2198 229
1532 2158 1555 2199 a.

370 2223 495 2288 Videtur
510 2227 566 2287 tibi
581 2230 653 2286 baec
669 2233 729 2286 tam
742 2227 860 2302 praoia,
878 2234 906 2285 et
920 2234 983 2287 tam
999 2247 1126 2287 onerosa
1135 2226 1299 2305 imprecari
1310 2230 1460 2303 propbeta
1469 2227 1555 2309 (lob.
1660 2245 1663 2250 ·

367 2310 389 2388 3,
401 2314 442 2397 2)
457 2319 609 2396 potuisse,
624 2317 689 2377 nisi
704 2318 808 2391 sciret,
826 2338 889 2377 esse
904 2318 1024 2393 aliquid
1045 2318 1078 2377 in
1100 2318 1175 2377 ista
1197 2318 1407 2379 nativitate
1432 2339 1556 2395 corpo·

367 2424 437 2481 rea,
464 2414 562 2487 quod
586 2417 618 2468 et
639 2409 852 2487 hujusmodi
875 2409 1029 2485 dipnum
1053 2409 1381 2471 maledictionibus
1411 2409 1554 2471 uidere·

367 2501 444 2558 tara
462 2540 504 2547 —
523 2501 613 2571 Quod
628 2500 658 2559 si
667 2502 771 2575 pmcet
783 2500 904 2573 audire,
921 2501 997 2575 quid
1013 2500 1102 2561 etiam
1117 2500 1175 2559 alii
1190 2500 1290 2559 sancti
1306 2504 1346 2560 de
1368 2501 1443 2561 ista
1463 2501 1555 2561 nati·

367 2587 478 2653 ritate
508 2592 671 2666 senserint,
704 2592 779 2651 audi
800 2592 908 2651 David
938 2591 1099 2652 dicentem:
1125 2595 1170 2651 In
1192 2591 1469 2667 iniquitatibus
1493 2600 1555 2664 etc,

368 2686 537 2759 annuens,
562 2687 656 2759 quod,
681 2703 916 2758 quaecunque
945 2682 1130 2743 animuin
1155 2684 1471 2765 carnenasaitur,
1488 2684 1556 2743 ini·

370 2770 524 2843 quitatis
550 2782 582 2836 ct
604 2775 752 2853 peccati
782 2778 892 2835 sarde
922 2773 1117 2852 polluitur,
1143 2781 1171 2834 et
1189 2781 1354 2850 propterea
1378 2775 1490 2837 dictum
1514 2783 1559 2837 est

370 2859 461 2928 illud:
485 2868 574 2944 quia
598 2886 702 2926 nemo
724 2870 888 2926 mundus
910 2888 930 2925 a
956 2869 1066 2927 sorde
1081 2874 1132 2926 etc.
1151 2902 1195 2911 —-
1210 2867 1294 2927 Addi
1309 2867 1358 2927 bis
1375 2870 1464 2927 edam
1479 2869 1557 2928 illud

319 2940 323 2993 '²
368 2958 475 3033 polest,
498 2967 532 3018 ut
554 2957 740 3034 requiratur,
764 2959 840 3033 quid
864 2978 973 3047 capsae
989 2958 1044 3031 sit,
1061 2978 1127 3018 cum
1141 2958 1306 3033 Baptisma
1320 2959 1474 3018 Ecclesiae
1486 2979 1556 3035 pro

372 3050 585 3109 remissione
615 3057 856 3127 peccatorum
887 3052 1008 3122 detur,
1035 3052 1198 3109 secundum
1222 3050 1377 3109 Ecclesiae
1401 3053 1557 3110 observare·
1651 3047 1659 3063 ’

373 3130 440 3196 bam
455 3142 543 3200 edam
554 3140 729 3216 parvulis
753 3141 976 3215 baptismum
993 3140 1092 3213 dari,
1108 3161 1175 3200 cusm
1189 3141 1304 3215 utique,
1321 3141 1356 3201 si
1377 3142 1477 3201 nibil
1509 3162 1558 3202 es·

332 3286 334 3293 .
373 3232 421 3282 ⁸⁶l
431 3232 619 3305 parvulis,
636 3234 732 3306 quod
746 3234 792 3290 ad
806 3231 1060 3291 remissionem
1076 3233 1222 3291 deberet
1236 3240 1268 3291 et
1282 3232 1559 3309 indulpentiam

370 3324 568 3398 rectinere,
582 3322 707 3399 pratia
731 3322 907 3397 baptismi
930 3323 1345 3400 superfluavideretur.
1371 3323 1483 3383 Similia
1506 3325 1557 3384 ha·

371 3395 435 3469 bet:
459 3416 546 3478 Cant.
571 3413 648 3473 Cels.
666 3416 685 3472 l.
702 3417 731 3473 4.
750 3435 775 3478 a.
790 3418 840 3474 40.
867 3415 906 3476 T.
927 3415 955 3477 1.
973 3436 1002 3492 p.
1020 3410 1087 3476 534
1104 3435 1127 3475 s.
1146 3414 1353 3475 Hom.12.in
1368 3415 1463 3474 Lavit.
1480 3436 1510 3478 n.
1528 3419 1558 3475 4.

369 3485 408 3552 Τ.
428 3507 453 3566 2.
467 3527 496 3584 p.
513 3501 590 3566 251.
606 3507 731 3580 nram.
747 3508 826 3569 non.
842 3505 877 3563 n
892 3508 912 3566 c
928 3507 997 3565 Joc.
1015 3506 1054 3567 n.
1073 3502 1103 3569 2.
1121 3526 1149 3585 p.
1167 3501 1243 3566 500.
1260 3508 1301 3564 n
1315 3507 1426 3566 auen.
1443 3509 1558 3568 amns.

364 3593 397 3642 '²-
423 3597 447 3656 1.
461 3597 498 3657 T.
517 3594 547 3658 3.
565 3618 595 3674 p.
615 3593 679 3657 170
695 3617 719 3657 s.
736 3599 777 3655 In
792 3598 898 3655 Mattlc.
916 3603 935 3655 t.
946 3599 996 3660 15.
1011 3616 1042 3656 n.
1060 3599 1109 3657 23.
1126 3617 1157 3675 p.
1175 3594 1240 3659 685
1250 3592 1364 3681 s.-⁴)
1378 3597 1431 3656 Or.
1443 3602 1471 3658 1.
1481 3606 1558 3659 cont.

358 3669 477 3748 Arion
500 3709 531 3749 n.
555 3689 604 3747 51.
630 3685 710 3766 Opp.
733 3689 761 3746 T
792 3689 821 3751 1.
845 3709 875 3765 p.
892 3683 970 3749 455.
1005 3687 1262 3757 Quemadmodum
1284 3695 1423 3766 peccante
1442 3691 1559 3750 Adamo

352 3768 555 3838 peccatum
579 3778 619 3836 in
645 3798 763 3837 omnes
786 3778 949 3838 bomincs
964 3779 1215 3855 pertransiit:
1230 3787 1391 3856 postquam
1406 3781 1559 3840 Dominus

343 3845 569 3929 sacristana
586 3877 750 3946 serpentem
766 3869 888 3944 decicit,
909 3869 957 3927 vis
972 3870 1027 3928 illa
1042 3869 1233 3947 permanebit
1247 3871 1280 3929 in
1297 3889 1397 3930 omnes
1414 3872 1559 3942 homines,

348 3949 399 4001 αἶ
427 3961 534 4036 sinpali
556 3967 693 4020 nostram
709 3959 830 4019 dicant:
855 3963 944 4035 ,Non
960 3961 1038 4020 mim
1056 3961 1231 4036 ipnoramus
1248 3961 1444 4036 capitationcs
1461 3965 1554 4040 ejus.“

345 4055 416 4089 χ
433 4055 456 4129 ⁵)
472 4055 532 4129 up.
551 4049 624 4115 162.
640 4072 670 4112 n.
689 4056 717 4113 2.
736 4050 816 4131 Opp.
833 4053 871 4110 Τ.
889 4048 920 4112 3.
938 4072 968 4130 p.
985 4049 1062 4113 402.
1088 4051 1126 4112 Si
1140 4051 1269 4112 Domini
1284 4052 1318 4111 in
1340 4073 1430 4112 carne
1451 4057 1558 4113 aduen-

343 4117 421 4215 {¹⁴⁸
432 4143 583 4220 nonfuit:
601 4177 645 4186 -
660 4163 721 4201 non
737 4143 772 4200 in
789 4143 911 4203 Obristo
933 4142 1080 4218 vivificati
1099 4143 1285 4220 fuissemus,
1319 4143 1384 4217 qui
1415 4164 1559 4205 eramus

343 4221 408 4280 ²²2
431 4235 540 4294 Adam
563 4234 716 4294 mortui:
742 4253 803 4292 non
823 4240 973 4293 resartum
993 4233 1124 4311 fuisset,
1151 4237 1233 4308 quod
1257 4236 1463 4312 collapsum
1479 4243 1559 4296 crat:
1618 4299 1619 4302 .

344 4313 431 4380 '20⁷2
443 4325 658 4398 instauratum,
675 4328 757 4400 quod
772 4327 979 4403 confractum:
997 4345 1058 4384 non
1074 4329 1263 4403 conjunctum
1278 4328 1361 4402 Dec,
1383 4330 1464 4401 quod
1485 4348 1559 4387 ser-

344 4405 488 4476 Peneis
508 4418 654 4494 froude
672 4417 807 4494 fuerat
830 4417 1089 4476 abalienatum.
1118 4417 1163 4479 Of.
1180 4420 1220 4476 In
1235 4420 1290 4479 Ps.
1309 4418 1358 4478 29.
1375 4439 1406 4479 n.
1423 4420 1452 4477 5.
1470 4419 1509 4476 Τ.
1530 4419 1558 4479 1.

347 4495 395 4557 1¹·
421 4504 489 4570 129.
508 4510 550 4567 n
564 4510 619 4566 rs.
636 4511 686 4566 ss.
704 4529 735 4569 n.
752 4511 782 4572 3.
800 4509 838 4568 n.
858 4509 886 4569 1.
903 4528 934 4587 p.
954 4503 1028 4568 179.
1045 4510 1086 4566 ln
1101 4511 1156 4569 rs.
1170 4511 1240 4569 114.
1257 4529 1286 4569 n.
1297 4511 1327 4567 3.
1345 4510 1383 4567 r.
1397 4505 1425 4570 1.
1437 4530 1469 4588 p.
1481 4506 1558 4570 282.

349 4570 455 4658 Hom.
471 4600 506 4657 in
515 4599 597 4676 fam.
614 4604 643 4656 et
655 4598 734 4661 Sica,
751 4618 782 4663 n.
801 4603 827 4658 7.
846 4600 883 4659 T.
901 4595 933 4660 2.
952 4619 982 4677 p.
1000 4594 1052 4659 70.
1069 4602 1118 4657 De
1133 4598 1218 4675 Spir.
1234 4599 1268 4661 S.
1279 4602 1361 4660 c.14.
1375 4621 1406 4659 n.
1416 4603 1466 4659 31.
1477 4601 1515 4661 Τ.
1526 4598 1558 4662 3.

352 4679 397 4744 P·
417 4684 464 4751 26.
482 4726 528 4734 -
546 4687 570 4768 ⁸)
590 4689 642 4748 Or.
667 4692 716 4749 14.
740 4688 820 4769 Opp.
837 4691 876 4753 Τ.
895 4687 924 4752 1.
943 4710 969 4752 c.
989 4686 1062 4749 199.
1099 4692 1210 4748 Totus
1235 4690 1370 4762 cecidi,
1395 4698 1501 4766 atque
1517 4694 1559 4764 ob

352 4771 570 4856 Prinipent
585 4780 747 4840 bominis
763 4779 1058 4841 inobedientiam
1074 4788 1107 4840 et
1121 4781 1269 4842 diaboli
1286 4783 1465 4861 fraudem
1481 4802 1557 4843 con·
1608 4788 1613 4798 '

361 4853 566 4932 dannatus
582 4891 669 4937 sum.
