3775 5625
1477 427 1541 494 129

459 586 623 653 Adversus
653 586 714 652 bos
746 598 812 652 tum
843 601 971 653 veteres
998 602 1063 653 turn
1083 602 1232 655 recentes
1253 590 1444 677 Pelagianos
1462 591 1541 657 [ides

382 695 635 772 Catholicadocet,
652 695 791 763 derivari
807 696 933 782 quidem
950 697 980 761 in
998 710 1149 782 posteros
1160 700 1262 763 Adam
1282 721 1340 784 per
1362 701 1543 789 generatio-

380 827 433 871 nem
450 818 600 882 mortem,
620 808 753 871 morbos
779 805 900 892 aliaque
921 808 1020 882 mala,
1042 820 1135 893 atque
1153 808 1463 893 concupiscentiam,
1484 813 1542 876 sed

379 928 483 1000 practer
504 916 624 982 baecce
647 937 747 1001 porro
770 929 894 982 reatum
920 918 1031 1001 culpae
1048 939 1183 1003 quoque,
1200 940 1294 1003 quom
1310 920 1395 983 actio
1412 920 1542 985 malain

379 1024 457 1090 anima
477 1025 645 1112 relinquit,
667 1026 771 1090 donec
787 1027 924 1100 tollatur,
941 1047 1001 1091 sen
1017 1040 1185 1112 peccatum
1208 1050 1283 1093 vere
1301 1040 1333 1092 ot
1350 1028 1479 1113 proprie
1497 1028 1542 1092 di·

379 1145 444 1199 etum
456 1134 611 1200 iuAdami
626 1146 779 1220 posteros
796 1136 945 1209 transire,
961 1135 1005 1200 ita
1021 1148 1057 1200 ut
1073 1158 1185 1202 omnes
1202 1150 1336 1224 propter
1350 1139 1452 1202 A'dam
1468 1158 1543 1202 vere

329 1243 340 1270 ‘
380 1263 407 1309 ao
421 1243 541 1330 proprie
565 1256 757 1330 peccatores
785 1245 862 1319 sint,
895 1267 960 1309 non
982 1246 1132 1331 qnoniam
1153 1246 1258 1332 ipsum
1283 1246 1463 1321 imitantur,
1480 1248 1539 1310 sed

381 1352 502 1438 quoniam
532 1374 576 1419 ex
606 1353 679 1439 ipso
704 1367 809 1419 ortum
832 1356 958 1420 babent.
1000 1358 1077 1435 Quo·
1094 1355 1168 1421 fidei
1193 1357 1377 1423 Catholicae
1395 1358 1545 1443 dogmate

382 1460 432 1528 lere
456 1462 528 1528 nibil
560 1464 599 1528 ad
620 1462 868 1550 praedicandum
889 1477 940 1530 est
964 1466 1084 1531 certius
1106 1488 1145 1531 ac
1171 1467 1359 1532 evidentius.
1383 1467 1545 1530 Habemus

382 1570 444 1636 tniu
460 1593 528 1638 rem
550 1574 583 1638 in
606 1573 827 1661 scripturis
851 1576 937 1640 clare
954 1597 1166 1661 expressam,
1183 1589 1339 1662 perpetua
1356 1589 1389 1641 et
1404 1573 1544 1640 unanimi

384 1679 591 1748 'iraditione
608 1696 834 1771 propagatam,
857 1685 1125 1751 Corroiliorum
1151 1686 1340 1751 auctoritate
1364 1684 1546 1757 stabilitam,

386 1808 428 1855 tec
450 1813 509 1857 non
539 1792 707 1858 rationis
739 1806 869 1858 nostrae
892 1794 994 1879 ipsius
1020 1794 1203 1860 testimonio
1234 1808 1327 1880 atque
1356 1796 1545 1881 populorum

391 1915 517 1967 mensu
532 1900 698 1968 firmatam.

527 2173 562 2267 ξ.
581 2173 648 2247 30.
665 2175 714 2247 Δ.
732 2178 967 2248 Probatur
983 2196 1048 2249 ex
1064 2178 1141 2249 88.
1158 2178 1366 2294 Litteris.

464 2352 552 2432 Quod
567 2353 607 2418 ad
623 2356 683 2418 SS.
699 2352 876 2419 Litteras
893 2354 1020 2419 attinet:
1040 2367 1206 2439 peccatum
1223 2355 1381 2443 originale

465 2463 491 2528 1.
508 2463 628 2549 apertis
644 2463 754 2528 verbis
770 2465 809 2528 ab
826 2464 898 2548 ipso
917 2465 1075 2531 Christo
1092 2465 1253 2530 Domino
1271 2464 1421 2539 traditur,
1438 2462 1491 2527 ubi
1507 2465 1546 2528 ad

387 2562 567 2637 Nicodemum
589 2572 647 2647 ait,
669 2571 896 2638 necessitatem
913 2574 1067 2660 Baptismi
1083 2576 1273 2641 adstruens:
1313 2579 1435 2654 Amen,
1454 2595 1548 2637 omen

387 2675 439 2740 dico
457 2685 531 2765 etot,
557 2690 623 2746 utel
643 2689 717 2765 puls
737 2692 908 2746 renatus
926 2690 1060 2765 fecerit
1079 2688 1225 2764 denuo,
1250 2706 1326 2747 non
1338 2690 1547 2764 potestat-

386 2783 454 2854 derr
479 2815 639 2873 reqnum
657 2795 750 2876 Det,
776 2785 827 2873 τὴν
846 2793 1000 2873 βασιλείαν
1016 2798 1070 2855 τοῦ
1089 2790 1166 2854 Θεοῦ
1181 2796 1220 2873 ¹);
1244 2805 1276 2858 et
1298 2815 1394 2879 quum
1417 2793 1546 2860 aNioo·

385 2889 453 2964 lenio
481 2923 544 2967 non
575 2902 824 2991 intelligeretur,
848 2903 964 2970 clarius
986 2902 1117 2967 iterum:
1156 2905 1196 2967 N
1199 2911 1252 2966 tat
1268 2912 1360 2987 puio
1378 2912 1548 2967 renatus

381 3006 550 3081 steriles
566 3036 687 3098 apuu,
706 3024 740 3078 et
754 3015 917 3098 Spiritu
932 3021 1093 3086 sancto,
1118 3035 1196 3076 non
1213 3022 1354 3095 potest
1373 3021 1548 3077 introire

383 3117 574 3201 ltrepnum
590 3120 822 3200 net'ouou
844 3133 977 3188 nalum
998 3131 1062 3186 eat
1080 3145 1128 3186 ec
1156 3147 1293 3203 corne,
1319 3146 1431 3198 caro,
1458 3118 1546 3197 σάρξ,

381 3235 438 3290 ut:
464 3241 497 3297 e!
524 3238 615 3318 quod
628 3243 741 3299 notram
757 3243 808 3297 eol
823 3256 868 3297 ezr
882 3242 1004 3315 spiritu
1008 3279 1021 3313 ,
1040 3240 1196 3314 spiritus,
1218 3236 1340 3307 πνεῦμα,
1358 3236 1452 3311 est2).
1476 3232 1548 3295 Hoc

379 3325 435 3403 ¹⁰0⁰
462 3342 645 3411 Christus
677 3343 861 3409 Dominus
883 3344 993 3407 docet:
1034 3339 1546 3415 a.0mnembominem,nemine

379 3458 507 3538 except»,
538 3453 634 3519 etiam
654 3453 784 3518 ludaeis
806 3474 886 3527 non,
911 3451 1071 3537 originem
1089 3452 1128 3515 ab
1144 3451 1327 3516 Abrahamo
1346 3449 1546 3523 ducentibus,

379 3549 430 3622 tivo
456 3562 569 3628 adultis
601 3562 669 3628 sive
692 3561 878 3636 infantibus,
902 3560 1058 3642 (affirmat
1072 3561 1176 3636 enim,
1192 3568 1258 3624 otei
1274 3568 1359 3644 quis,
1379 3553 1430 3618 rio
1445 3552 1484 3636 μὴ
1502 3578 1548 3627 τις

379 3670 436 3747 lit.)
464 3671 648 3737 naturaliter
664 3692 723 3737 seu
740 3671 911 3737 carnaliter
932 3683 1060 3746 natum,
1093 3670 1356 3756 spiritualiter
1381 3687 1547 3756 regene-

376 3776 437 3842 11τί
451 3782 610 3857 debere,
627 3782 769 3867 adeoque
786 3781 994 3868 spiritualiter
1011 3793 1182 3855 mortuum,
1200 3801 1258 3845 seu
1273 3791 1498 3865 precatovero
1510 3795 1548 3840 ao

373 3890 486 3971 tropus
509 3902 659 3956 onustum
683 3912 777 3966 esse,
801 3890 949 3977 quoniam
973 3889 1101 3953 nonnisi
1123 3889 1175 3953 bic
1198 3887 1355 3973 spirituali
1375 3904 1547 3974 regenera-

369 3976 443 4063 i'llttt
464 4000 596 4089 indiget.
637 4005 665 4067 b.
688 4000 810 4065 Deinde
828 4020 969 4073 omnem,
987 3998 1165 4084 quicunqne
1192 3997 1400 4082 spiritualiter
1416 4005 1547 4059 renatus

361 4106 417 4164 ”⁰¹¹
439 4110 548 4186 fuerit,
580 4110 627 4174 ab
653 4109 836 4198 ingressu
865 4109 902 4172 in
923 4129 1086 4196 regnum
1108 4106 1193 4182 Dei,
1209 4106 1229 4173 i.
1247 4128 1275 4172 e.
1293 4126 1312 4170 a
1329 4104 1479 4170 felicitate
1495 4123 1546 4168 ae·

355 4202 446 4286 'ilua
475 4218 647 4295 excludi,
679 4219 791 4285 salutis
818 4218 1007 4304 participem
1028 4218 1112 4281 haud
1132 4215 1222 4289 lieri;
1256 4237 1329 4280 uam
1356 4216 1420 4280 boc
1449 4233 1547 4279 seusu

345 4360 570 4410 N...

334 4466 387 4539 ⁰⁸
412 4501 520 4565 omisa
535 4506 615 4579 prol.
632 4505 660 4559 el
673 4504 741 4559 slat.
757 4517 836 4577 poco.
854 4499 873 4559 l.
888 4500 918 4558 4.
936 4517 960 4558 c.
977 4499 1006 4558 2.
1018 4494 1110 4573 Disp.
1120 4497 1156 4554 de
1171 4499 1265 4554 contr.
1271 4490 1330 4569 fid.
1345 4493 1438 4572 Prag.
1451 4487 1546 4552 1721.

330 4574 428 4659 9⁸&-
448 4593 504 4655 111
526 4614 566 4654 ss.
584 4591 718 4664 Wiest,
740 4589 843 4651 Instit.
866 4589 953 4649 tbeol.
977 4583 1106 4666 Ingolst.
1126 4580 1212 4646 1732
1237 4605 1277 4649 ss.
1295 4579 1335 4648 Τ.
1351 4583 1382 4646 5.
1399 4605 1430 4663 p.
1447 4578 1490 4644 96
1507 4602 1546 4642 se.

330 4647 461 4852 ξὲἑεῗ,
492 4680 635 4763 ssebtbudp
668 4681 716 4744 ter
748 4678 1043 4763 Dogmrnpeldpicptt.
1076 4675 1196 4755 Quint,
1231 4671 1326 4738 1837.
1362 4674 1390 4736 1.
1422 4672 1479 4752 Sp.
1503 4671 1546 4736 (ᾗ.

462 4866 487 4945 ¹)
503 4865 595 4929 toan.
613 4861 644 4939 3,
660 4860 690 4926 a.
708 4898 749 4909 -
775 4861 800 4942 Ξ)
818 4861 865 4923 n.
882 4858 913 4933 3,
933 4857 1031 4922 5-6.
1115 4834 1117 4839 ’

1356 4962 1377 5025 e
