3775 5625
1496 444 1558 511 13⁷

342 615 532 689 mentandi
541 614 624 680 ratio
634 613 904 686 contraludaeos,
917 631 979 697 qua
995 632 1036 675 ex
1045 609 1217 674 universali
1226 609 1356 697 generis
1366 610 1493 675 humani
1502 632 1562 697 per

345 728 469 797 unius
483 727 571 791 Adae
586 736 754 811 peccatum
772 719 1037 788 condemnatione
1046 718 1256 785 universalem
1273 718 1393 805 pariter
1402 718 1562 806 peronius

351 834 494 907 Christi
505 833 620 900 merita
626 831 901 919 justificationem,
917 842 952 895 ut
968 849 1066 915 supra
1080 828 1227 904 vidimus,
1244 830 1452 905 demonstrat,
1467 828 1562 895 lidem

352 947 386 1012 in
413 956 587 1031 peceatum
603 941 741 1031 originis
758 943 840 1027 apud
857 940 990 1006 eosdem
1007 938 1193 1004 necessario
1211 937 1362 1024 supponit
1374 940 1408 1019 ¹).

535 1171 570 1263 ᾗ.
595 1169 663 1240 et.
687 1174 738 1239 lt.
762 1171 996 1241 Probatur
1020 1186 1083 1239 ex
1108 1166 1394 1238 'l'ratlitione

480 1379 607 1467 Dogma
622 1377 746 1464 peceati
763 1376 929 1464 originalis
945 1397 1046 1462 porro
1064 1387 1154 1440 certo
1171 1387 1300 1440 constat
1316 1395 1358 1440 ex
1370 1372 1562 1439 Traditio·

366 1509 408 1554 ne
419 1536 434 1564 ,
453 1488 544 1573 cujus
561 1499 663 1552 testes
679 1485 773 1550 nobis
789 1498 865 1551 sunt

483 1598 512 1661 1.
536 1599 601 1661 SS.
624 1597 782 1670 Patres,
805 1595 973 1661 Ecclesiae
995 1593 1160 1683 Magistri,
1184 1594 1236 1681 qui
1261 1594 1337 1659 illud
1368 1614 1497 1680 semper
1518 1607 1563 1659 te·

370 1718 510 1772 ruerunt
526 1727 565 1771 ac
580 1707 775 1780 docuerunt,
791 1704 859 1769 sive
877 1718 950 1770 ante
966 1704 1147 1791 Pelagium,
1164 1704 1231 1770 sive
1249 1705 1392 1788 ejusdem
1408 1716 1564 1789 tempore,

371 1814 440 1882 sive
457 1828 532 1902 post
547 1815 660 1900 ipsum.
684 1815 727 1878 Et
742 1815 867 1900 quidem
884 1816 969 1879 nulla
984 1827 1035 1878 est
1051 1813 1220 1878 difficultas
1237 1815 1275 1879 de
1292 1812 1489 1899 temporibus
1505 1816 1564 1879 Pe·

375 1923 465 2011 ugit,
482 1946 553 1989 eum
570 1925 609 1988 ab
625 1944 710 1988 muno
726 1923 803 1988 412.
820 1923 951 1989 circiter
966 1944 1067 2009 usque
1084 1924 1122 1988 ad
1139 1944 1166 1988 a.
1183 1922 1275 1998 431„
1300 1944 1362 2009 quio
1386 1922 1492 1988 babila
1507 1921 1566 1987 suit

376 2032 557 2116 bynodus
591 2032 753 2120 generalis
769 2033 989 2118 Ephesina,
1004 2033 1036 2097 id
1053 2046 1104 2098 est
1119 2032 1223 2118 spatio
1240 2053 1304 2097 non
1321 2032 1455 2118 amplius
1472 2052 1565 2118 quam

377 2142 570 2231 undeviginti
592 2164 763 2218 annorum,
795 2144 957 2209 celebrata
977 2142 1043 2208 sint
1064 2142 1177 2231 viginti
1200 2155 1336 2229 quatuor
1359 2140 1517 2217 Concilio,
1533 2139 1564 2205 in

376 2248 485 2336 quibus
503 2252 649 2317 omnibus
666 2263 819 2317 statutum
836 2266 903 2327 est,
920 2267 958 2317 ut
973 2260 1156 2333 quicunque
1178 2261 1374 2333 parvulae
1389 2264 1567 2315 recentes

375 2362 410 2419 tl
429 2368 562 2427 uteris
577 2374 740 2425 matrum
756 2367 1014 2442 baptizandos
1028 2375 1144 2442 neam
1162 2376 1221 2427 aut
1234 2367 1324 2443 dicit,
1343 2368 1378 2425 in
1394 2367 1566 2425 renuntio·

374 2485 442 2534 tem
458 2479 586 2555 quidem
599 2484 806 2551 peccatorum
822 2493 877 2534 eos
893 2478 1071 2555 baptizari,
1091 2481 1145 2565 sed
1160 2477 1267 2536 nibil
1280 2494 1328 2535 es·
1344 2475 1467 2535 Adam
1483 2484 1566 2535 tra·

373 2576 466 2645 lere
488 2587 705 2661 oripiuolt's
727 2588 906 2663 peccati,
933 2591 1036 2662 pund
1058 2589 1380 2662 reyeneralionis
1406 2590 1565 2646 lavucro

371 2698 578 2767 venietur:
594 2727 636 2737 -
654 2694 894 2757 anathement.
918 2691 1026 2755 Verba
1049 2703 1124 2756 sunt
1149 2690 1320 2757 Consilii
1344 2690 1567 2756 lllilevitani

370 2796 494 2866 s41o.
518 2800 588 2866 Nec
608 2799 670 2864 ulla
685 2811 884 2884 potestesse
902 2798 1073 2866 difficultas
1089 2801 1128 2866 de
1145 2800 1359 2888 temporibus,
1381 2821 1461 2888 quae
1476 2801 1565 2866 Pela·

367 2899 459 2986 gium
491 2911 686 2995 subsequuta
718 2921 807 2982 sunt;
832 2922 908 2974 tune
932 2910 1017 2976 enim
1040 2913 1133 2996 plena
1155 2924 1225 2975 erat
1246 2924 1278 2976 et
1300 2911 1415 2997 ubique
1436 2924 1568 2997 recepta

365 3019 496 3093 peccati
519 3017 686 3105 originalis
710 3015 801 3083 fides.
827 3020 911 3084 Tota
931 3019 1031 3106 igitur
1051 3018 1196 3106 quaestio
1222 3032 1342 3085 tantum
1364 3033 1511 3085 movetur
1528 3023 1567 3085 de

365 3116 518 3193 Patribus
541 3126 722 3214 Augustino
746 3128 987 3213 anitiquioribus.
1011 3130 1124 3194 Patres
1149 3141 1254 3194 autem
1270 3128 1303 3193 bi
1319 3149 1430 3195 omnes
1453 3150 1566 3216 peeca-

364 3236 431 3296 tum
462 3237 618 3324 originale
639 3249 864 3312 asseruerunt,
886 3259 988 3323 neque
1013 3259 1125 3302 eorum
1146 3251 1197 3303 est
1220 3239 1400 3325 quisquam,
1421 3237 1473 3325 qui
1490 3259 1566 3303 con·

363 3341 549 3411 mdixerit.
574 3347 621 3410 lta
637 3345 818 3411 lustinus
836 3347 964 3421 scribit,
982 3347 1143 3413 Christum
1160 3368 1221 3413 nec
1238 3348 1328 3412 nasci
1344 3368 1404 3411 nee
1421 3345 1568 3435 cruciligi

364 3441 442 3515 ileo
472 3454 681 3530 sustinuisse,
705 3466 793 3535 quod
815 3461 867 3520 bis
891 3463 988 3520 rebus
1004 3463 1174 3540 insumeret,
1193 3465 1250 3520 sed
1270 3479 1333 3538 pro
1350 3461 1490 3520 bumuuo
1505 3479 1566 3536 pe-

366 3574 463 3649 uere,
489 3577 593 3647 quod
615 3572 661 3628 ub
685 3568 832 3630 Adumo
859 3573 898 3630 in
925 3579 1083 3631 mortem
1108 3580 1145 3631 et
1169 3571 1567 3649 serpentisfraudem

368 3667 586 3756 inciderat,
619 3698 816 3756 unoquoque
839 3676 859 3739 i.
886 3696 913 3740 e.
937 3677 1062 3764 Angelo
1085 3689 1117 3741 et
1141 3675 1285 3751 homine,
1311 3699 1371 3741 suu
1392 3683 1487 3756 culpa
1503 3682 1566 3740 im·

367 3786 471 3848 lrvbe
501 3790 662 3864 npent02).
704 3785 824 3864 Quibus
858 3798 1024 3870 peccatum
1056 3785 1191 3873 originis
1223 3785 1390 3851 manifeste
1422 3785 1567 3850 traditur.

370 3876 492 3958 limites
508 3893 593 3958 enim
609 3914 628 3958 a
644 3907 795 3979 serpente
812 3895 937 3980 decepti
955 3908 1039 3970 sunt,
1056 3916 1168 3960 omnes
1184 3896 1215 3960 in
1233 3909 1370 3960 mortem
1388 3907 1420 3959 et
1435 3915 1566 3979 serpen·

368 4029 649 4060 N—

482 4133 507 4210 ')
524 4133 562 4193 In
581 4136 737 4205 Talmude,
762 4137 862 4195 Tenet.
883 4135 1066 4197 Scnbedriu.
1085 4156 1108 4197 c.
1128 4140 1176 4197 11.
1203 4136 1280 4194 haec
1295 4134 1390 4194 verba
1405 4135 1566 4214 leguntur:

373 4207 452 4281 Cum
472 4232 629 4300 peccatum
654 4226 696 4285 sit
720 4225 856 4303 privatio
877 4227 1011 4302 pectine,
1031 4226 1179 4301 posteri
1201 4225 1334 4286 Astomi
1356 4232 1567 4298 nascentes,
1597 4225 1600 4232 '

371 4306 517 4374 trivan
530 4317 671 4392 pratia,
688 4324 903 4395 peccatores
920 4317 1030 4377 etiam
1046 4324 1260 4379 naseuntur.
1287 4316 1380 4377 Plura
1396 4317 1569 4377 testimonia
1611 4324 1612 4327 ’

374 4405 403 4448 ⁶¹
420 4397 513 4466 libris
529 4405 718 4467 Judueorum
735 4409 861 4467 collecta
877 4409 1070 4468 inveniuntur
1087 4410 1116 4468 in
1133 4410 1244 4488 Raym.
1260 4409 1414 4468 Martini
1430 4407 1568 4486 Pupione

371 4475 445 4549 filei
458 4517 490 4571 p.
498 4499 528 4558 3.
540 4497 609 4560 dist.
621 4502 650 4558 2.
663 4519 687 4557 c.
707 4501 734 4559 6.
753 4505 782 4558 et
797 4503 837 4568 7.,
854 4499 924 4562 Jos.
943 4499 985 4559 do
1003 4500 1158 4559 Voissin
1174 4501 1285 4562 observ.
1303 4500 1425 4560 Martini
1437 4500 1568 4578 Pugioni

378 4570 519 4659 ldjectis,
537 4601 568 4646 et
584 4588 616 4648 J.
628 4590 724 4652 Hem.
742 4591 829 4667 blaji
847 4591 978 4667 Spnops.
999 4592 1237 4653 meotJuuvet.
1254 4598 1282 4650 et
1295 4610 1362 4650 nov.
1373 4587 1487 4670 p.205.
1502 4591 1569 4650 Noc

379 4668 475 4738 tumen
497 4679 610 4740 desunt
630 4681 711 4740 inter
727 4682 910 4741 recentiores
928 4683 1099 4752 Rabbinos,
1117 4683 1166 4763 qui
1182 4684 1297 4762 peceati
1314 4681 1467 4761 originalis
1485 4683 1563 4741 exsi-

382 4759 513 4829 mutiam
529 4781 651 4849 nogent.
678 4770 724 4836 Cl.
742 4772 874 4844 Wiost,
902 4773 1005 4834 lussit.
1027 4775 1113 4834 tbeol.
1132 4774 1152 4834 l.
1170 4794 1194 4834 e.
1212 4794 1243 4853 p.
1261 4769 1314 4835 95.
1332 4807 1374 4818 ·-
1394 4767 1419 4855 ²)
1435 4771 1525 4833 Diat.
1541 4792 1566 4832 c.

388 4839 491 4932 Pinple.
507 4881 538 4920 n.
555 4863 605 4922 88.
622 4859 702 4943 Opp.
719 4885 749 4944 p.
771 4859 843 4925 196.
