3775 5625
1509 420 1553 502 89

350 634 395 646 -
418 600 527 662 Tulit
545 619 640 678 erqo
663 600 854 661 Dominus
872 600 983 661 Deua
1013 601 1220 682 bominem,
1246 612 1284 663 et
1300 604 1442 680 posuit
1470 622 1554 666 eunt

350 714 395 770 in
415 713 614 789 paradiso
646 714 891 791 uoluptatis,
918 720 961 772 ut
983 721 1242 792 operaretur,¹
1263 722 1300 774 et
1329 717 1555 776 custodiret

351 825 471 882 strum
482 821 521 897 ¹).

434 998 443 1008 ,
469 925 501 991 2.
523 925 710 990 Gaudebant
728 937 980 1011 protoparentes
1002 926 1144 992 dominio
1160 925 1305 1013 perlecto
1328 927 1361 992 in
1384 927 1555 996 animantia

352 1050 386 1103 et
402 1049 506 1101 totum
521 1047 681 1100 terrarum
697 1036 818 1101 orbem.
834 1034 888 1101 Ait
904 1035 988 1099 enirn
998 1036 1086 1100 Deus
1102 1037 1264 1101 hominem
1280 1050 1463 1103 creaturus:
1479 1042 1554 1104 rta-

353 1154 480 1212 ciootus
495 1150 656 1211 bominem
670 1156 714 1210 ad
724 1152 909 1228 tmoqiueor,
923 1158 956 1209 et
967 1152 1208 1211 similitudinem
1219 1160 1379 1231 nostram,
1396 1162 1429 1213 et
1440 1172 1554 1230 prae·

354 1263 411 1321 ait
430 1260 676 1320 volutilibus
699 1261 818 1337 coeti,
842 1267 880 1318 et
899 1261 1060 1337 bestiis,
1085 1262 1375 1337 universaeque
1406 1270 1553 1343 terrae,

355 1372 541 1445 omnique
562 1372 671 1446 repta·
679 1372 709 1429 ta·
712 1413 726 1449 ,
744 1373 846 1445 quod
858 1377 1038 1428 moretur
1054 1370 1093 1429 a'n
1109 1378 1226 1430 terro.
1250 1370 1354 1454 Atque
1371 1368 1554 1435 neocreatis

355 1473 553 1541 benedicens
568 1474 684 1560 inquit:
713 1476 860 1539 Crescite
879 1485 911 1538 et
929 1480 1204 1559 ntultiplr'oamini,
1228 1488 1261 1540 et
1279 1485 1398 1557 replete
1419 1490 1553 1562 terrum,

358 1590 605 1666 etrutja'ctte
620 1605 720 1667 eom,
738 1597 775 1648 et
789 1590 1049 1648 dontinuma‘m'
1069 1591 1253 1665 piscibus
1275 1592 1418 1669 moria,
1436 1599 1475 1651 et
1489 1610 1554 1652 oo·

360 1697 549 1761 tortilibus
580 1700 703 1776 coeli,
730 1706 767 1758 et
787 1700 1001 1757 uniuersis
1032 1700 1323 1777 animantibus,
1358 1717 1457 1775 puae
1478 1717 1555 1761 mo·

356 1818 505 1869 rentur
535 1826 654 1884 super
685 1805 879 1883 terrant').
912 1804 1100 1868 Habuerunt
1115 1802 1221 1889 itaque
1237 1816 1487 1889 protoparentes
1499 1807 1555 1890 jus

356 1914 467 1979 utendi
488 1912 676 1978 animalibus
697 1914 736 1977 ad
760 1914 918 1989 laborem,
935 1916 976 1978 ad
993 1914 1098 1979 cibum
1115 1915 1202 1978 etad
1222 1913 1390 1988 vestitum3
1422 1913 1556 2000 insuper

357 2037 463 2089 autem
495 2023 566 2087 sine
598 2022 746 2087 molestia
763 2035 795 2088 et
809 2023 961 2088 violentia
985 2024 1095 2088 eadem
1113 2023 1173 2087 sibi
1190 2022 1350 2108 subjicere
1368 2035 1400 2088 et
1416 2025 1456 2088 ad
1472 2023 1554 2087 arbi·

357 2134 453 2200 trium
470 2134 602 2197 llectere
618 2145 802 2217 potuerunt,
819 2155 915 2219 quum
932 2133 1060 2197 demum
1075 2153 1134 2218 per
1150 2131 1424 2207 maledictionem,
1442 2153 1554 2217 pecca·

357 2258 423 2309 tum
438 2243 578 2330 primum
594 2256 862 2329 consequentem,
878 2255 998 2308 mutata
1014 2242 1056 2307 sit
1070 2264 1179 2308 rerum
1196 2255 1326 2319 natura,
1342 2254 1436 2329 atque
1452 2245 1556 2328 major

358 2353 483 2428 effecta,
499 2372 593 2439 quam
609 2364 682 2416 aute
698 2351 766 2428 luit,
782 2354 951 2417 brutorum
967 2349 1098 2417 ferocia.

472 2462 504 2527 3.
521 2462 665 2525 Tandem
680 2460 839 2527 immunes
855 2475 963 2537 erant,
979 2475 1014 2527 ut
1030 2482 1072 2526 ex
1087 2461 1196 2526 verbis
1213 2461 1380 2527 Geneseos
1396 2482 1496 2547 supra
1512 2461 1555 2526 ci·

358 2571 433 2637 tatis
450 2569 624 2659 colligitur,
641 2590 659 2635 a
674 2570 839 2636 laboribus
855 2571 1012 2646 molestis,
1028 2591 1087 2655 per
1103 2592 1185 2656 quos
1201 2570 1289 2635 vires
1306 2570 1455 2656 corporis
1471 2571 1555 2635 fran-
1636 2590 1644 2599 ’

358 2694 478 2771 guntur
501 2693 533 2745 et
556 2691 764 2756 enervantur,
785 2680 909 2766 provisi
928 2692 1098 2766 praeterea
1114 2680 1208 2765 copia
1223 2679 1328 2745 victus
1345 2693 1378 2745 et
1393 2680 1555 2747 alimento·

359 2815 431 2856 rum
453 2789 729 2856 suavissimorum.
763 2790 915 2857 Ceterum
944 2789 1089 2876 quamvls
1111 2791 1151 2855 ad
1173 2791 1389 2876 comparanda
1410 2789 1559 2857 alimenta

359 2924 425 2966 non
450 2922 533 2986 opus
564 2900 661 2965 fuerit
690 2901 992 2986 protoparentibus,
1008 2912 1043 2964 ut
1058 2901 1156 2964 multa
1173 2921 1252 2964 cura
1267 2913 1300 2965 et
1316 2922 1416 2986 opera
1430 2901 1556 2967 labora·

359 3022 432 3076 rent
454 3031 493 3076 ac
516 3008 683 3075 sudarent:
716 3009 822 3076 omnis
838 3023 945 3075 tamen
961 3010 1053 3075 labor
1069 3032 1133 3074 non
1151 3009 1263 3086 abfmt,
1287 3031 1382 3095 quum
1394 3011 1557 3096 Moyses

361 3140 518 3207 expresse
536 3118 634 3184 dicat:
650 3120 910 3199 deposueram
926 3127 962 3183 in
975 3127 1130 3201 paradiso
1148 3125 1338 3202 voluptatis,
1357 3131 1401 3183 ut
1417 3142 1557 3201 operu-

360 3243 495 3312 retur,
520 3241 559 3294 et
587 3234 816 3293 custodiret
845 3233 1011 3309 illum³).
1043 3227 1102 3307 Qui
1118 3227 1221 3292 facilis
1238 3248 1277 3292 ac
1287 3228 1450 3312 jucundus
1466 3226 1559 3291 labor

363 3352 450 3404 certe
472 3338 568 3403 inerti
590 3337 667 3413 otio,
690 3349 724 3400 ut
745 3343 861 3422 poetae
875 3337 908 3402 in
925 3337 1050 3425 eclogis
1067 3349 1098 3401 et
1114 3336 1220 3401 idilliis
1252 3336 1395 3424 lingunt,
1426 3335 1558 3400 multum

357 3459 514 3531 praestat,
530 3460 563 3512 et
579 3469 699 3533 corpus
715 3468 816 3532 aeque
832 3469 870 3512 ac
886 3447 1024 3511 animam
1039 3446 1165 3532 perlicit
1175 3451 1212 3527 ⁴).

474 3579 603 3639 Adnot.
619 3578 803 3637 Paradisum
820 3578 920 3637 locum
938 3577 1037 3636 fuisse
1054 3597 1161 3637 verum
1179 3597 1215 3639 ac
1233 3597 1427 3655 corporeum,
1444 3596 1558 3656 nequa·

374 3702 451 3758 quam
469 3696 572 3747 autem
589 3696 705 3746 tautum
723 3686 820 3746 inisse
838 3705 999 3757 summam,
1012 3706 1070 3764 qua
1087 3697 1157 3747 ante
1174 3697 1336 3765 peecatum
1352 3687 1444 3766 primi
1460 3688 1556 3748 bomi-

371 3797 629 3865 perfruebantur,
646 3797 826 3856 beatitatem
843 3805 875 3854 et
891 3796 1085 3866 felicitatem,
1101 3806 1135 3855 ut
1152 3797 1271 3873 quidam
1289 3807 1448 3874 putarunt,
1465 3816 1559 3874 porro

372 3895 460 3964 luisse
476 3905 561 3964 illum
577 3905 608 3964 in
626 3914 713 3964 terra
730 3907 834 3974 situm,
861 3913 953 3981 atque
979 3905 1076 3966 certis
1102 3905 1250 3964 limitibus
1276 3905 1559 3982 circumscriptum,

365 4020 418 4076 les
434 4014 605 4086 bominem,
631 4023 808 4074 servantem
833 4015 976 4073 mandata
1001 4014 1113 4084 divina,
1131 4013 1250 4073 demum
1268 4033 1363 4090 super
1379 4015 1559 4074 universum

362 4117 519 4183 letearum
551 4125 657 4182 orbem
690 4124 924 4193 extendendum,
952 4133 983 4183 et
1007 4123 1139 4197 minime,
1164 4133 1198 4182 ut
1215 4123 1267 4183 alii
1282 4122 1451 4183 halucinati
1478 4133 1561 4203 sunt,

357 4234 544 4305 coelestem,
561 4242 614 4292 aut
630 4233 791 4292 sublimem
807 4252 905 4310 usque
922 4234 959 4292 ad
975 4235 1077 4292 lunam
1095 4233 1335 4312 pertingentem,
1353 4243 1406 4292 aut
1421 4252 1496 4292 vero
1514 4243 1559 4293 to·

352 4331 427 4398 tum
452 4351 610 4401 terrarum
634 4344 740 4402 orbem
766 4344 942 4421 paradisum
967 4344 1138 4413 exstitisse,
1166 4362 1203 4402 ex
1228 4344 1378 4403 adcurata
1399 4342 1490 4418 hujus
1508 4342 1559 4401 de·

348 4482 648 4516 M...-

472 4594 496 4674 ¹)
517 4593 594 4658 Gen.
611 4593 643 4677 2,
659 4591 781 4658 8-15.
818 4633 841 4643 -
860 4593 887 4682 ²)
905 4596 983 4658 Gen.
1008 4594 1038 4674 1,
1054 4594 1110 4662 26.
1125 4594 1179 4660 28.
1197 4631 1240 4640 -
1258 4596 1283 4676 ³)
1302 4594 1380 4658 (ten.
1399 4593 1428 4678 l,
1444 4590 1500 4657 28.
1518 4630 1560 4640 -

346 4659 371 4747 4)
397 4681 570 4758 Copiosior
586 4687 748 4767 descriptio
764 4687 913 4748 felicitatis
922 4689 1083 4769 primorum
1092 4695 1252 4767 parentum
1269 4687 1350 4767 apud
1366 4685 1389 4747 J
1394 4687 1561 4748 ulianam

343 4751 367 4810 Ρ
380 4778 585 4859 emerium,
612 4781 661 4837 De
685 4777 749 4838 vita
772 4781 960 4858 contemplat.
978 4781 997 4842 l.
1014 4784 1043 4842 2.
1060 4800 1084 4842 c.
1102 4782 1151 4842 18.
1177 4776 1258 4859 Opp.
1281 4780 1454 4859 Prosper.
1471 4780 1509 4841 Ρ.
1527 4775 1558 4840 2.

344 4863 368 4906 ⁶·
395 4858 452 4930 39
468 4889 494 4932 s.
511 4869 651 4932 occurrit.
1132 4898 1138 4902 -
