3775 5625
354 415 422 482 300

353 579 478 644 realis
500 578 538 643 in
566 591 763 643 concreto.
804 578 1125 643 Communicatio
1157 580 1385 645 idiomatum
1407 580 1526 647 verbalis

353 695 404 752 est
418 709 466 761 ea,
482 709 543 773 qua
558 686 773 772 proprietates
789 687 884 752 unius
901 699 1033 753 naturae
1046 697 1216 802 ‘tamquam
1243 688 1274 752 in
1291 690 1425 753 atteram
1442 702 1526 755 trano

351 798 434 861 latae
450 809 482 861 ct
499 818 627 861 cumea
648 796 900 861 communicatae
922 809 1057 882 propter
1088 798 1350 883 conjunctionem
1367 811 1528 874 externam,

352 907 496 992 adeoque
513 904 641 970 nonnisi
658 905 832 991 improprie
850 927 888 970 ac
907 906 1033 992 tropice
1055 906 1289 993 praedicantur.
1331 908 1528 974 Communi·

354 1015 456 1079 catio
483 1036 561 1078 vcro
583 1013 705 1077 realis
730 1025 781 1077 est
796 1013 864 1089 illa,
890 1036 951 1099 qua
974 1015 1124 1081 attributa
1146 1016 1239 1081 unius
1262 1028 1395 1081 naturae
1418 1016 1451 1081 in
1472 1019 1529 1083 alte·

352 1145 421 1187 ram
438 1135 572 1207 propter
587 1124 706 1187 realem
724 1144 779 1186 seu
802 1122 965 1207 physicam
982 1124 1145 1211 utriusque
1163 1124 1425 1209 conjunctionem
1441 1138 1529 1191 trans·

352 1233 495 1297 seruntur
517 1243 550 1296 et
571 1254 642 1296 cum
668 1253 706 1297 ca
721 1231 959 1317 participantur.
1001 1234 1092 1312 Quod
1118 1233 1146 1298 si
1166 1245 1299 1319 propter
1320 1233 1476 1299 unionem
1492 1256 1532 1300 cs·

352 1341 518 1406 sentialcm
552 1342 669 1405 factum
691 1341 835 1425 ponitur,
860 1343 1002 1428 adeoque
1024 1342 1176 1408 attributa
1192 1341 1286 1408 unius
1303 1356 1439 1408 naturae
1455 1343 1484 1408 in
1498 1345 1532 1410 ai-

352 1464 452 1516 teram
486 1463 628 1515 naturam
650 1449 681 1514 in
705 1472 756 1525 se,
778 1472 927 1515 seorsum
955 1472 974 1515 a
1000 1475 1155 1538 persona,
1186 1475 1245 1538 per
1277 1474 1371 1539 quam
1388 1451 1536 1529 subsistit,

351 1572 526 1645 spectatam
543 1560 921 1649 transfusa'cogitantur‚
937 1561 982 1626 ita
997 1575 1032 1626 ut
1048 1562 1111 1627 dici
1127 1564 1240 1628 debeat
1257 1567 1415 1627 divinitas
1426 1586 1534 1646 passo,

349 1677 718 1749 humanitnaimmensa,
737 1681 813 1734 etc:
832 1669 1078 1734 communicatio
1095 1670 1279 1735 idiomatum
1294 1670 1417 1736 realis
1434 1670 1469 1736 in
1485 1672 1535 1736 ab·-

351 1790 506 1842 stracto
523 1779 666 1842 habetur.
693 1780 782 1857 Quod
800 1780 923 1845 sivero
941 1779 1115 1844 nairssusio
1133 1779 1185 1844 iha
1200 1779 1436 1865 proprietatum
1451 1778 1535 1846 unius

351 1900 483 1952 naturae
505 1887 537 1951 in
560 1889 690 1952 aiteram
713 1900 857 1952 naturam
882 1910 945 1953 uon
967 1887 998 1952 in
1021 1911 1057 1954 se
1075 1887 1329 1963 consideratam,
1350 1890 1409 1953 sed
1437 1900 1534 1975 quate·

349 2018 410 2060 rsus
441 1996 511 2081 ipsa
542 1995 687 2060 subsistit
718 1995 858 2082 persona
891 1995 1010 2071 divini,
1051 1999 1141 2083 cujus
1173 2011 1307 2084 utraque
1346 2010 1460 2062 natura
1491 2008 1533 2061 cst

349 2104 490 2191 propria,
506 2106 648 2190 adeoque
665 2118 797 2190 propter
813 2105 963 2171 urdonem
988 2105 1221 2193 hypostaticam
1244 2106 1330 2171 facta
1346 2127 1422 2170 esse
1438 2116 1530 2170 mente

350 2213 541 2299 concipitur:
572 2214 817 2280 communicatio
843 2213 1029 2281 idiomatum
1061 2215 1180 2280 realis
1212 2215 1248 2280 in
1281 2227 1472 2280 concreto
1493 2211 1527 2279 di·

350 2323 441 2389 citur.

456 2456 695 2525 Nestoriani,
714 2457 764 2532 qui
781 2457 921 2515 unionem
939 2458 1054 2516 realem
1072 2458 1200 2516 duarum
1220 2456 1251 2514 in
1270 2455 1397 2514 Christo
1415 2465 1522 2513 natura·

349 2583 417 2623 rum
434 2565 628 2642 rejiciebant,
645 2575 675 2624 et
692 2543 812 2624 nbnnisi
834 2576 994 2626 externam
1017 2567 1231 2646 admittebant,
1263 2565 1444 2626 necessario
1464 2562 1520 2638 reji-

349 2692 421 2732 cere
439 2693 556 2751 quoquc
578 2676 730 2734 debebant
751 2678 866 2734 realem
888 2676 1065 2736 idiomatum
1084 2676 1327 2735 communionem
1347 2693 1408 2733 non
1424 2681 1517 2733 tantun

349 2783 378 2841 in
397 2784 567 2866 abstracto,
584 2785 638 2843 sed
656 2794 687 2845 et
703 2785 732 2844 in
751 2795 909 2860 concreto,
938 2787 1034 2845 solam
1053 2785 1203 2862 tropicam
1220 2803 1276 2844 seu
1293 2784 1448 2843 verbalem
1463 2797 1516 2841 sou·

348 2893 504 2956 cedentes.

451 3023 686 3097 Eutychiani
703 3034 814 3094 autem,
831 3042 921 3100 quum
939 3042 998 3082 non
1014 3033 1133 3082 tantum
1147 3022 1288 3080 unionem
1302 3019 1514 3099 hypostaticam,

347 3133 401 3191 sed
420 3142 451 3191 et
468 3132 664 3191 essentialem
681 3133 842 3210 utriusque
860 3142 989 3191 naturae
1010 3133 1039 3190 in
1067 3132 1193 3191 Christo
1216 3132 1317 3191 iocum
1334 3130 1445 3190 habero
1460 3141 1515 3186 cou-

347 3243 526 3314 tcnderent,
558 3243 863 3302 communicationem
880 3243 1057 3301 idiomatum
1073 3240 1104 3299 in
1123 3239 1248 3299 cbristo
1266 3241 1383 3299 realem
1399 3237 1478 3297 stiam
1490 3229 1513 3288 it

346 3353 506 3413 abstracto
530 3352 740 3411 admittebant.
773 3385 815 3396 -
847 3354 880 3410 ln
903 3352 981 3411 hanc
1007 3351 1195 3410 sententiam
1216 3368 1337 3428 quoque
1369 3337 1514 3409 Lanuui

346 3463 502 3533 abierunt,
520 3472 716 3520 assumentes
738 3462 896 3533 videlicet,
919 3462 1037 3538 aliquas
1059 3460 1168 3519 saltem
1185 3468 1315 3517 naturae
1333 3458 1446 3517 divinas
1459 3466 1513 3530 prt-

345 3572 495 3647 prietates
516 3571 546 3629 in
569 3572 731 3630 humanam
748 3591 824 3630 vere
846 3591 883 3631 ac
901 3571 1024 3647 proprie
1044 3588 1115 3628 csse
1133 3569 1328 3648 transfusas,
1360 3557 1512 3626 nantuato

346 3679 547 3756 ubiquitatem
563 3698 618 3738 seu
636 3680 938 3760 omnipraesentiam,
955 3679 1200 3740 omniscientiam
1225 3687 1258 3737 st
1272 3672 1512 3754 conponendam

345 3788 376 3847 in
394 3806 461 3847 eam
478 3789 662 3848 sententiam
680 3790 802 3849 deducti
819 3790 985 3850 occasione
1001 3789 1065 3848 titis
1083 3788 1364 3860 sacramentariae,
1388 3804 1442 3864 quo
1454 3774 1511 3840 itti·

346 3898 405 3956 lius
422 3898 610 3958 valvinianis
627 3899 818 3975 respondere
836 3909 976 3975 possent,
995 3908 1026 3956 ct
1042 3898 1209 3956 ostendere
1233 3896 1355 3955 christi
1376 3883 1509 3954 rsum‘n

345 4008 544 4068 Eucharistia
574 4008 790 4084 praesentiam,
822 4008 1044 4084 Ubiquistae
1076 4017 1242 4085 propterea
1273 4004 1358 4069 dicti.
1388 4006 1509 4064 mmm

345 4117 426 4176 huno
443 4118 593 4176 insulsum
610 4117 708 4193 primo
725 4118 926 4177 Lutherus
944 4118 974 4176 in
995 4115 1214 4195 consessione
1230 4115 1270 4179 da
1283 4113 1394 4177 coena
1403 4102 1509 4179 Domini

346 4227 493 4296 asseruit,
509 4227 697 4286 Brautias
718 4237 834 4307 autam,
859 4228 1088 4304 Ubiquistaram
1109 4227 1228 4288 ideirco
1251 4226 1340 4302 quasi
1355 4236 1458 4301 pareat
1468 4211 1506 4271 bl·

345 4336 439 4405 bitus,
457 4335 548 4393 iatius
564 4335 750 4414 propagavit
758 4334 797 4408 ¹).
821 4375 823 4380 .

456 4457 618 4523 catholica
634 4481 673 4524 ac
687 4480 764 4524 vera
780 4458 940 4525 sententia
961 4456 1283 4525 communicationem
1299 4456 1467 4522 itionum
1482 4440 1504 4505 5¹¹

459 4753 484 4833 ¹)
502 4752 547 4815 cf.
564 4755 667 4813 Fortu.
687 4755 778 4816 Corsa.
807 4755 846 4814 P.
865 4755 893 4816 2.
911 4773 936 4813 c.
953 4755 983 4812 8.
999 4773 1030 4815 u.
1048 4755 1087 4814 76
1103 4773 1146 4818 sa.
1177 4753 1242 4816 bt.
1269 4772 1311 4816 sa.
1328 4752 1366 4818 Ε.
1382 4750 1416 4813 1..
1443 4741 1504 4823 bip.

349 4841 445 4923 1847.
463 4846 500 4911 P.
517 4843 548 4907 3.
565 4865 597 4932 p.
614 4840 680 4909 204
698 4866 737 4910 ss.
