3775 5625
1461 442 1528 509 339

338 615 487 685 tracium,
513 621 545 675 et
566 613 633 674 ideo
655 614 747 673 etiam
771 621 967 690 peccatorem
991 612 1148 683 aversari,
1171 623 1261 689 atque
1285 631 1381 690 poena
1402 612 1527 691 dignum

339 744 482 786 censere.

452 828 505 895 13.
528 832 704 903 Accedere,
727 832 804 908 quod
828 849 943 907 poenae
967 831 1059 891 vitam
1076 840 1272 907 praesentem
1289 841 1470 900 secuturae,
1488 831 1529 888 si·

339 951 393 1003 cut
413 960 530 1019 poenae
552 941 709 1000 naturales
728 938 839 1013 jamin
856 939 913 1000 bac
931 941 995 998 vita
1016 950 1143 1016 peccata
1168 940 1350 1017 saepissimo
1376 941 1530 1017 excipien-

339 1060 407 1122 tes,
429 1070 485 1128 per
507 1059 637 1108 mortem
660 1048 777 1107 Christi
802 1049 923 1107 minime
947 1051 1085 1109 sublatae
1107 1050 1184 1119 siut,
1208 1058 1297 1127 atque
1326 1052 1415 1109 etiarn
1440 1068 1531 1116 nunc,

339 1161 432 1220 salva
451 1159 575 1234 justitia
598 1159 715 1240 divina,
736 1168 852 1218 sortem
874 1160 1085 1219 tristissimam
1104 1169 1173 1237 post
1190 1170 1319 1219 mortem
1337 1178 1484 1237 quemque
1501 1160 1531 1216 in

338 1270 429 1330 vitiis
444 1278 695 1347 perseverantem
714 1287 838 1327 mouere
851 1267 891 1341 ¹).
903 1304 947 1313 -
959 1269 1076 1328 Verum
1094 1289 1131 1329 an
1150 1269 1294 1329 Christus
1311 1270 1460 1328 Dominus
1478 1287 1533 1343 per

338 1379 564 1438 redemtionem
587 1397 688 1449 suam,
716 1397 774 1457 qua
796 1379 883 1437 nobis
906 1380 1120 1438 remissionem
1136 1389 1334 1455 peccatorum
1352 1389 1383 1438 et
1400 1378 1533 1458 gratiam

340 1489 477 1549 divinam
508 1508 687 1566 promerere
709 1489 821 1559 voluit,
848 1499 881 1548 ut
902 1491 1032 1548 salutem
1053 1500 1190 1549 nostram
1213 1509 1386 1567 operemur,
1410 1506 1534 1549 cursum

333 1609 475 1684 ‚naturas
499 1599 661 1658 immutare
684 1600 808 1657 deboit‘t
832 1600 954 1660 Poenae
976 1601 1133 1659 naturales
1155 1610 1206 1659 aut
1229 1601 1266 1660 ad
1288 1618 1403 1676 poenas
1421 1608 1535 1674 tempo·

340 1712 428 1770 rales
449 1710 620 1788 pertinent,
643 1728 719 1787 quae
744 1711 856 1789 generi
879 1710 1009 1770 humano
1028 1721 1059 1770 et
1075 1711 1206 1789 singulis
1223 1711 1352 1769 luendae
1370 1729 1387 1767 a
1403 1711 1469 1766 Deo
1487 1725 1535 1764 sa-

340 1820 537 1899 pientissimo
559 1819 689 1879 consilio
705 1821 834 1880 relictae
852 1831 940 1891 sunt,
964 1832 1015 1881 aut
1031 1841 1106 1881 vero
1124 1822 1160 1879 ad
1177 1823 1274 1891 mala,
1292 1821 1401 1897 quibus
1419 1819 1455 1876 ad
1473 1837 1536 1876 ma·

336 1931 443 2006 jorem
459 1930 660 2007 perfectionis
675 1932 806 2009 gradum
824 1932 1001 2001 evehamur,
1019 1941 1091 1991 sunt
1107 1933 1301 1991 referendae.
1318 1930 1436 1988 Deinde
1454 1946 1538 1986 uum·

342 2059 381 2099 ne
417 2040 510 2099 etiarn
544 2042 759 2117 peccatoribus
784 2042 943 2101 obduratis
976 2061 1091 2120 poenae
1125 2051 1271 2101 aeternae
1300 2059 1357 2117 per
1381 2038 1537 2097 Christum

344 2150 533 2209 auferendae
551 2154 659 2210 crant?
685 2148 744 2225 Qui
759 2151 802 2211 ita
819 2152 855 2210 de
872 2153 1064 2212 redemtione
1087 2152 1205 2211 Christi
1228 2152 1379 2228 disputat,
1398 2168 1470 2207 vere
1489 2149 1538 2207 de·

345 2258 479 2337 sipucrit
495 2277 625 2319 necesse
643 2270 701 2323 est.
858 2255 862 2262 ’

459 2383 511 2448 14.
535 2390 713 2465 Apostolum
740 2391 869 2461 docere,
894 2390 1045 2449 homiuem
1066 2389 1235 2465 justificari
1256 2388 1359 2467 gratis
1369 2392 1417 2460 ²),
1451 2395 1540 2462 atque

347 2495 508 2568 Christum
533 2508 640 2574 sponte
671 2518 727 2559 sua
748 2508 877 2576 peccata
900 2500 1060 2560 remittere
1075 2504 1121 2572 ³),
1147 2500 1333 2575 eandemque
1356 2505 1540 2574 potestatem

347 2607 506 2685 Apostolis
529 2608 726 2681 tribuere4),
750 2610 834 2668 nulla
858 2610 967 2669 mortis
998 2610 1096 2686 ipsius
1113 2610 1228 2685 injecta
1245 2608 1409 2669 mentione.
1430 2640 1468 2650 -
1486 2609 1545 2663 Ast

346 2718 517 2796 Apostolus
540 2727 657 2776 tantum
683 2718 785 2791 docet,
814 2718 967 2777 homiuem
984 2719 1154 2793 justificari
1175 2721 1241 2778 sinc
1263 2717 1382 2777 meritis
1401 2725 1544 2792 exparte

348 2845 422 2899 sua,
440 2828 461 2887 i.
480 2808 507 2890 e.
525 2828 600 2886 nihil
622 2828 753 2897 babere,
771 2848 828 2907 quo
846 2829 912 2906 ipse
937 2832 1085 2889 offensam
1102 2832 1170 2888 Deo
1187 2831 1301 2889 illatam
1319 2785 1429 2897 diluat,
1446 2844 1544 2903 neque

349 2956 407 3015 quo
428 2937 628 2996 redemtionis
650 2939 832 2999 beneficium
856 2950 1030 3011 mereatur3
1056 2958 1246 3018 nequaquam
1279 2948 1381 2998 autern
1410 2936 1545 2996 excludit

348 3047 570 3108 redemtionem
601 3067 657 3126 per
691 3048 864 3130 Christum,
896 3050 1042 3108 sedeam
1067 3068 1216 3127 expresse
1238 3050 1306 3126 ipso
1332 3049 1399 3109 loeo
1422 3047 1544 3105 laudato

348 3167 586 3231 commemorat,
610 3177 701 3236 quum
725 3158 855 3218 scribat:
871 3158 1046 3235 Justifieati
1069 3162 1178 3235 protis
1196 3178 1256 3236 per
1278 3162 1421 3237 qratiam
1442 3158 1546 3233 ipsius

347 3267 475 3348 (Dei),
496 3287 557 3344 per
580 3271 819 3349 redemtionem,
845 3287 927 3344 quoe
948 3280 998 3330 est
1017 3273 1052 3329 in
1076 3268 1209 3330 Chresto
1230 3269 1328 3350 Jesu,
1354 3271 1398 3327 ita
1421 3277 1455 3325 ut
1476 3267 1544 3324 iude

346 3397 470 3438 summa
485 3378 516 3436 iu
533 3397 588 3437 nos
605 3379 665 3436 Dei
691 3379 867 3457 benignitas
886 3380 1025 3449 eluceat,
1043 3381 1120 3456 quod
1138 3399 1194 3456 pro
1212 3380 1298 3438 nobis
1318 3379 1476 3438 Christum
1494 3394 1544 3434 va·

346 3490 418 3550 dem
437 3498 469 3548 et
485 3507 666 3566 sponsorem
684 3490 890 3550 constituerit.
916 3489 1017 3548 Porro
1036 3510 1125 3567 quum
1145 3490 1290 3548 Christus
1306 3488 1457 3547 Dominus
1474 3505 1545 3563 pec.-

344 3609 421 3661 cata
437 3599 607 3675 paralytico
625 3601 804 3674 dimitteret,
824 3610 913 3678 etque
930 3607 1115 3677 potestatem
1134 3609 1261 3677 peccata
1277 3598 1454 3658 remittendi
1465 3599 1545 3673 Apo·

345 3710 440 3770 stolis
459 3712 659 3770 concederet:
684 3711 869 3770 mentionem
893 3712 1003 3770 mortis
1026 3730 1100 3770 suae
1117 3711 1246 3785 injicere
1264 3711 1388 3769 minime
1405 3708 1546 3775 debebat,

345 3819 492 3898 quoniam
508 3820 538 3879 id
554 3840 611 3897 per
628 3840 662 3880 se
679 3822 928 3900 intelligebatur,
952 3831 982 3882 et
1004 3822 1150 3880 Salvator
1166 3822 1196 3879 id
1213 3821 1274 3880 alia
1295 3820 1458 3881 occasione
1477 3837 1545 3876 ver·

345 3931 396 3990 bis
419 3930 547 3989 disertis
571 3931 758 4003 declaravit,
777 3951 811 3990 se
829 3932 921 3991 vitam
938 3932 1111 4009 positurum
1139 3951 1209 3990 esse
1227 3950 1283 4008 pro
1302 3930 1410 3988 ovibus
1428 3927 1493 3986 suis
1504 3932 1546 4000 ⁵),

349 4050 382 4100 et
397 4041 582 4120 sanguinem
600 4061 689 4101 suum
707 4044 837 4101 effusum
854 4043 895 4101 iri
911 4045 945 4102 in
963 4045 1184 4102 remissionem
1198 4043 1455 4118 peccatorumt).

461 4165 513 4230 15.
531 4171 757 4231 Remissionem
774 4181 975 4248 peecatorum
992 4173 1093 4248 potius
1111 4172 1141 4228 in
1160 4170 1222 4230 SS.
1236 4171 1367 4230 Litteris
1384 4168 1454 4226 fidei
1467 4168 1546 4225 Jesu

351 4275 490 4349 habitae,
509 4291 539 4341 et
555 4282 668 4342 reditui
686 4283 723 4341 ad
739 4282 897 4342 meliorem
915 4283 1039 4361 frugem
1061 4281 1156 4340 tribui
1167 4285 1206 4356 ⁷).
1224 4283 1319 4340 —ln
1337 4280 1398 4340 SS.
1415 4278 1546 4338 bitteris

458 4556 485 4637 ¹)
504 4553 549 4620 Cf.
566 4556 844 4636 chscheider,
861 4559 881 4617 1.
899 4581 923 4621 c.
941 4581 971 4639 p.
989 4555 1065 4620 528.
1083 4591 1127 4602 -—
1144 4555 1172 4642 ²)
1188 4559 1276 4617 Rom.
1294 4554 1325 4629 3,
1342 4553 1396 4619 24.
1415 4555 1460 4618 Of.
1478 4555 1545 4615 001.

353 4641 383 4720 2,
401 4643 454 4708 13.
481 4647 596 4728 Ephes.
614 4645 645 4723 2,
664 4648 681 4709 1
700 4669 740 4712 ss.
760 4685 801 4694 —
821 4647 846 4731 ³)
862 4650 971 4715 Matth.
988 4647 1019 4723 9,
1037 4647 1068 4712 2.
1086 4646 1116 4710 6.
1134 4684 1176 4694 -
1194 4649 1220 4727 ⁴)
1236 4647 1329 4708 Joau.
1348 4646 1403 4720 20,
1419 4644 1473 4710 23.
1500 4647 1545 4708 Cf.

353 4738 462 4804 Matth.
481 4736 535 4814 16,
554 4736 606 4801 19.
624 4735 676 4815 18,
692 4737 746 4802 21.
764 4777 806 4786 -
827 4739 850 4820 ⁵)
866 4740 960 4808 Joan.
980 4738 1031 4818 10,
1052 4738 1139 4802 14ss.
1157 4775 1198 4786 -
1217 4739 1242 4819 ⁶)
1258 4739 1365 4801 Metth.
1374 4736 1428 4820 26,
1439 4736 1546 4801 28.-

358 4824 380 4915 ')
396 4829 507 4892 Matth.
523 4829 556 4909 5,
573 4828 672 4894 2-1.
690 4829 743 4896 29.
762 4830 792 4909 9,
809 4829 839 4897 2.
855 4832 953 4898 Marc.
973 4831 1002 4911 1,
1017 4828 1050 4893 4.
1067 4833 1142 4894 Luc.
1160 4829 1191 4915 3,
1207 4830 1239 4894 3.
1258 4829 1287 4909 1,
1303 4831 1356 4895 41.
1376 4828 1428 4904 10,
1445 4828 1489 4892 25
1505 4850 1545 4890 ss.

355 4918 406 5001 15,
425 4919 467 4987 10
484 4944 526 4991 ss.
545 4919 597 5007 18,
617 4921 758 4992 10-14,
775 4923 830 5001 24,
847 4923 902 4987 41.
933 4926 1002 4990 Act.
1021 4923 1051 5003 3,
1070 4921 1121 4988 19.
1140 4919 1193 4989 38.
1214 4921 1265 5003 10,
1282 4921 1335 4988 35.
1353 4923 1399 4985 Cf.
1418 4921 1447 4988 1.
1464 4922 1545 4982 Sam.

1258 5037 1329 5104 22*
