3775 5625
353 436 396 501 10

346 616 437 669 tuere
457 624 557 689 posse
576 615 781 688 putaverunt,
806 624 924 669 causac
957 605 1119 669 naturales
1151 624 1193 668 ex
1233 604 1372 682 climate,
1401 606 1488 673 victu
1516 622 1550 674 et

346 713 430 779 vitae
450 713 592 789 ratione,
616 726 669 778 aut
690 712 811 778 similes
834 712 964 779 efficere
985 726 1137 799 possunt;
1167 735 1271 801 neque
1292 716 1465 783 varietates
1486 720 1549 784 hae

346 826 487 909 majores
504 836 592 899 suut,
616 844 710 910 quam
725 822 811 899 illae,
835 845 894 907 per
915 845 994 910 quas
1015 837 1089 889 ante
1111 826 1224 890 oculos
1246 838 1381 891 nostros
1398 840 1447 892 tot
1468 828 1548 894 alias

347 934 473 1020 species
490 954 663 1017 corporum
681 932 920 1019 organicorum,
943 932 1116 1017 praecipue
1131 954 1209 998 vero
1228 933 1389 1000 circurum
1406 936 1546 1002 animan·

346 1043 424 1108 tium
447 1041 531 1107 inter
552 1062 588 1107 se
610 1040 739 1105 differre
761 1042 980 1106 observamus.
1005 1044 1057 1106 Ex
1079 1042 1183 1130 nigris
1211 1042 1306 1107 etiam
1327 1045 1418 1109 albos
1440 1046 1547 1123 nasci,

346 1152 544 1238 experientia
566 1152 810 1237 comprohatum
831 1164 896 1225 est;
922 1164 954 1217 et
975 1152 1096 1237 pariter
1112 1165 1223 1217 notum
1240 1165 1305 1228 est,
1330 1155 1478 1223 homiues
1503 1158 1545 1221 al-

345 1265 422 1338 bos,
453 1283 525 1327 cum
553 1261 587 1325 in
610 1260 751 1326 Africam
767 1252 1015 1348 transmigrant,
1040 1263 1184 1326 colorem
1207 1262 1328 1327 sensim
1351 1276 1490 1341 mutare,
1514 1278 1547 1329 et

345 1386 421 1460 post
441 1372 561 1457 aliquot
582 1370 810 1458 generationes
835 1371 1033 1458 nigrescere.
1066 1371 1158 1449 Quod
1177 1359 1340 1437 Lusitanis
1358 1372 1546 1459 quibusdam

345 1481 472 1549 familiis
488 1481 634 1569 contigit,
651 1501 731 1567 quac
747 1502 832 1546 saec.
848 1482 929 1546 XIV.
947 1481 979 1545 in
997 1503 1073 1547 oras
1090 1481 1266 1547 maritimas
1282 1482 1421 1558 Africae,
1442 1505 1546 1550 nonae

344 1593 487 1659 torridae
502 1590 694 1665 viciniores,
718 1603 935 1665 secesserunt,
953 1603 985 1654 et
1001 1612 1083 1677 quos
1098 1590 1193 1655 hodie
1216 1612 1258 1655 ex
1280 1592 1341 1657 illis
1358 1593 1456 1658 terris
1481 1595 1544 1659 ori·

345 1704 448 1769 undos
466 1702 608 1775 diceres,
632 1700 694 1765 nisi
710 1699 845 1774 idioma,
869 1699 985 1787 religio
1007 1701 1152 1787 etleges
1175 1700 1361 1767 Lusitanam
1385 1703 1545 1791 originem

345 1813 566 1909 proderem).
583 1849 628 1859 —
643 1809 792 1884 Accedit,
818 1809 951 1895 capillos
968 1821 999 1873 et
1020 1810 1142 1874 calvam
1163 1810 1294 1875 aliarum
1319 1811 1467 1897 stirpium
1489 1834 1543 1878 ex·

344 1935 487 1987 terarum
504 1919 598 1985 etiam
618 1919 652 1983 in
672 1919 853 2003 Europaeis
877 1939 1104 2005 nonnunquam
1126 1918 1263 1984 inveniri
1270 1944 1279 1994 ;
1304 1934 1401 2005 prout
1431 1943 1545 1987 revera

345 2033 383 2096 cl.
405 2031 574 2103 Weber,
593 2028 769 2093 Professor
791 2028 987 2103 Bonnensis,
1012 2028 1118 2093 omnia
1146 2049 1243 2114 supra
1270 2031 1396 2095 laudata
1420 2043 1544 2116 septem

341 2140 473 2205 diversa
489 2138 608 2223 capita,
626 2139 748 2213 calvas,
772 2137 839 2203 oris
856 2140 993 2227 angulos
1010 2138 1041 2203 in
1058 2160 1123 2202 uno
1139 2139 1303 2204 Bonnensi
1320 2140 1472 2225 oppidulo
1491 2142 1542 2206 de·

343 2248 521 2336 prehendit.
545 2286 587 2297 —-
605 2250 749 2313 Tandem
766 2269 860 2313 omne
876 2248 952 2314 illud
969 2249 1142 2314 discrimen
1162 2248 1206 2314 ita
1226 2249 1339 2314 leviter
1362 2270 1400 2315 ac
1422 2251 1545 2316 sensim

344 2359 415 2425 sine
430 2379 528 2425 sensu
545 2358 769 2446 progreditur,
792 2371 828 2422 ut
842 2358 989 2444 nuspiam
1005 2358 1063 2446 figi
1078 2358 1184 2444 possit
1200 2358 1371 2435 terminus,
1397 2381 1459 2445 quo
1483 2381 1545 2425 una

344 2470 471 2555 species
488 2467 627 2543 desinat,
650 2469 750 2532 altera
770 2488 849 2532 vero
866 2467 1012 2552 incipiat.
1037 2470 1239 2553 Quapropter
1261 2488 1373 2532 omnes
1395 2468 1468 2533 illae
1490 2490 1543 2534 va·

344 2580 487 2655 rietates‚
504 2578 581 2643 licet
603 2591 789 2643 constantes
813 2580 1004 2663 adpareant‚
1029 2577 1176 2664 quamdiu
1192 2577 1316 2643 scilicet
1337 2598 1453 2642 causae
1473 2579 1544 2644 ilias

344 2692 529 2775 adjuvantes
551 2711 617 2753 non
635 2688 822 2764 immutatae
847 2688 981 2762 fuerint,
1011 2701 1160 2774 tanquam
1184 2688 1403 2753 'accidentales
1442 2709 1543 2776 agno·

345 2814 495 2877 scuntur,
520 2801 628 2887 quales
645 2799 740 2865 etiam
755 2799 788 2864 in
805 2798 875 2864 aliis
890 2801 988 2865 rebus
1006 2798 1075 2864 dari
1092 2812 1292 2885 compertum
1309 2802 1405 2879 est2).

449 2910 744 2997 enumeratio
767 2910 892 2996 quidem
914 2929 956 2974 ex
981 2931 1017 2975 se
1039 2911 1078 2973 de
1100 2909 1264 2974 creatione
1292 2908 1386 2973 unius
1419 2921 1544 2973 tantum

343 3021 431 3106 paris
453 3021 591 3097 humani,
616 3043 711 3108 quum
732 3034 847 3108 agatur
871 3022 910 3084 de
933 3040 970 3084 re
995 3031 1098 3107 gesta,
1123 3019 1165 3083 nil
1191 3031 1280 3084 certo
1306 3031 1449 3083 statuere
1473 3031 1544 3103 pot·

344 3143 409 3204 est3
427 3143 566 3195 attamen
582 3130 742 3218 agnoscit,
759 3149 946 3194 communes
963 3140 1210 3214 protoparentes
1218 3129 1258 3192 ad
1271 3128 1454 3214 replendam
1472 3151 1545 3193 suc·

343 3239 469 3306 cessive
485 3253 605 3304 terram
622 3241 681 3303 sub
698 3237 899 3324 providentia
916 3237 1021 3303 divina
1037 3236 1205 3312 sufficere,
1223 3258 1283 3302 nec
1300 3258 1365 3300 non
1382 3236 1546 3302 communi

343 3350 469 3438 origine
485 3371 528 3414 ex
542 3370 606 3413 uno
623 3361 714 3434 patre
731 3361 825 3435 atque
840 3369 904 3413 una
920 3361 1022 3413 matre
1037 3348 1199 3413 vinculum
1215 3346 1316 3411 mutui
1333 3345 1453 3411 amoris
1477 3346 1543 3410 for·

342 3459 406 3527 tius
423 3459 528 3550 ligari.

437 3690 481 3798 x¹)
500 3716 944 3789 et.Lteb0rmann,1nsttt.
963 3718 1048 3778 theol.
1070 3716 1116 3778 ed.
1134 3714 1164 3778 3.
1185 3717 1310 3794 Mogun.
1338 3711 1435 3776 1831.
1454 3710 1494 3774 Τ.
1513 3711 1544 3777 3.

350 3834 380 3892 p.
397 3807 474 3874 328.
508 3808 641 3888 cebet,
672 3807 822 3890 lichefed.
845 3807 912 3884 teia.
936 3806 1058 3871 debent.
1085 3804 1182 3883 181).
1201 3808 1282 3883 -²)
1309 3804 1354 3867 ct.
1376 3804 1542 3865 Blumen·

343 3903 452 3976 bach,
475 3904 526 3962 Dc
545 3900 761 3978 peucedanum.
783 3897 927 3958 varietate
942 3898 1056 3960 nauca.
1083 3898 1230 3976 disicit,
1253 3895 1343 3960 Utbtt
1365 3897 1417 3958 bad
1439 3894 1545 3958 utoott

344 3996 393 4058 bet
410 3994 488 4058 dcte
505 3994 562 4056 unt
581 3993 669 4067 betica
685 3991 894 4070 tibttommtmg
911 4005 967 4053 oon
985 3989 1076 4052 tinem
1094 3987 1334 4068 Quincunces.
1354 3986 1543 4064 ffituuntcbu.

346 4083 444 4177 1820,
462 4085 661 4163 wettini,
677 4081 767 4147 ltebet
785 4079 1100 4162 testanteesaia.
1123 4079 1227 4143 {Bcett
1246 4075 1343 4142 1821.
1360 4077 1465 4154 diaden
1482 4078 1544 4140 aaa

344 4176 535 4258 tdropotogie.
560 4174 664 4240 {Brett
694 4171 790 4238 1822.
814 4171 951 4250 idiotis,
983 4170 1074 4236 debet
1101 4170 1154 4232 but
1176 4169 1406 4250 windologitdye
1431 4168 1459 4230 in
1496 4169 1544 4230 bet

344 4269 487 4350 &ictum
505 4268 553 4329 bet
570 4263 734 4344 dionides.
759 4262 895 4343 geticis.
918 4261 966 4340 itit
987 4261 1163 4342 sinitaut.
1186 4260 1281 4341 idcina.
1310 4259 1421 4339 &utta
1445 4255 1544 4320 1825.

344 4359 375 4424 2.
397 4361 436 4438 ᾧ.
461 4356 658 4436 Quint,
690 4355 769 4436 dmg.
793 4353 1057 4434 itututgeddtdpte,
1082 4353 1148 4414 obet
1169 4351 1382 4429 ilnteutmgeu
1410 4366 1457 4430 gut
1483 4349 1544 4413 (to

343 4452 453 4532 {didit
470 4451 527 4514 tub
544 4447 772 4529 viticusum!
788 4446 837 4509 bet
852 4445 964 4509 dietus.
983 4444 1108 4523 deleta.
1128 4438 1224 4504 1826.
1252 4440 1442 4522 conteget,
1465 4439 1543 4520 mnia

344 4535 843 4621 Infantisbetssefdpicbte.51ssien,
862 4532 960 4597 1829.
978 4533 1143 4613 θὶῖαίῇτε,
1169 4532 1389 4609 iibenbsttmbcu
1411 4547 1467 4594 son
1486 4531 1545 4595 &t

343 4632 540 4716 maestum.
558 4629 678 4710 &teuit
700 4626 795 4691 1816.
816 4626 859 4692 8.
889 4627 916 4688 1.
943 4625 987 4690 Θ.
1004 4622 1080 4687 344.
1098 4624 1188 4689 ditet.
1210 4623 1355 4704 timeigna
1372 4621 1419 4698 tit
1441 4621 1545 4701 obsistt.

343 4724 511 4806 theologie.
531 4718 628 4785 1833.
645 4718 703 4784 dit.
722 4716 774 4781 75.
791 4717 871 4782 etas
887 4717 921 4795 tt
938 4717 992 4779 bot
1008 4715 1145 4794 dtefuttm
1162 4717 1210 4779 bet
1227 4713 1424 4795 {dissertiunt
1439 4712 1470 4774 in
1482 4711 1545 4777 ees

344 4835 397 4898 8²¹8
415 4817 467 4892 auf
482 4815 526 4877 tte
542 4809 672 4878 urmatti
703 4846 740 4857 -
758 4808 876 4889 dictitet.
902 4805 1045 4889 magatia
1068 4805 1115 4888 fit
1138 4804 1335 4887 dditieutduft
1358 4804 1415 4868 aab
1439 4803 1545 4868 debet.

344 4905 375 4974 4.
392 4906 435 4973 tn.
453 4904 483 4969 1.
500 4905 539 4984 ᾧ.
557 4900 697 4969 Q3ss.
