3775 5625
428 381 516 467 optio
540 401 604 444 non
620 381 660 444 ed
676 391 837 454 treunam,
854 379 911 444 sed
927 380 968 443 ed
984 398 1157 463 personam
1172 374 1346 463 pertineat,
1363 389 1458 465 etque
1475 376 1520 443 nii
1535 376 1650 466 eliud

427 491 482 567 sit,
506 511 600 577 quem
616 509 773 575 personae
790 489 911 553 eliense
926 487 959 552 in
975 486 1032 552 tilii
1044 490 1150 552 locum
1168 486 1323 553 assumtio
1331 492 1376 567 ¹):
1393 487 1546 554 Christus
1562 509 1639 564 ne.

426 599 571 665 cessario
589 599 704 683 duplex
719 619 873 682 persono,
894 595 999 661 divina
1014 609 1047 661 et
1063 598 1199 660 humone
1215 618 1286 660 eum
1302 595 1457 661 Nestorio
1474 597 1631 673 deelere.

426 722 486 774 tur.
521 710 608 785 Quid
626 720 691 789 est,
717 708 803 791 ajunt
824 709 936 771 Patres
957 704 1267 771 Freneosordienses
1287 704 1319 769 in
1352 705 1492 790 epistola
1515 708 1620 791 Syno.

426 818 513 893 dice,
537 824 685 899 adoptio,
710 822 776 880 niti
795 821 967 881 charitatis
995 821 1180 899 copulatio,
1212 838 1277 895 quo
1306 820 1413 880 Pater
1445 823 1616 897 adoptione

424 934 487 991 etot
502 934 634 1007 eoputot
648 928 793 1006 ninom,
819 948 911 1007 poem
924 932 1096 1006 proprium
1111 947 1178 989 ooo
1193 924 1314 989 tentet?
1336 927 1386 989 Et
1400 932 1609 993 certissimo

423 1049 486 1113 eet,
504 1075 546 1084 —
569 1042 671 1100 atium
685 1057 758 1098 esee
778 1042 950 1116 proprium
971 1038 1115 1117 Filium,
1144 1041 1245 1098 otium
1269 1040 1465 1116 amoenus
1497 1037 1610 1100 Nouae

423 1158 499 1210 tuor
514 1154 577 1209 duo
593 1148 678 1209 mtto
694 1157 791 1208 erunt
804 1148 874 1207 Deo
890 1147 1008 1226 Patri,
1034 1167 1120 1207 unus
1131 1150 1306 1226 proprius,
1332 1157 1364 1208 et
1383 1151 1470 1209 atter
1485 1151 1615 1225 adopti-

422 1275 499 1336 vus,
526 1262 613 1335 quod
625 1261 737 1317 uultus
757 1254 947 1317 Cottotious
963 1261 1060 1316 audet
1073 1259 1188 1316 disere.
1215 1253 1304 1328 Ouid
1317 1265 1367 1316 eet
1381 1259 1476 1317 atiud
1494 1259 1625 1332 diotre,

421 1372 553 1427 eaodem
579 1367 743 1443 Virginem
763 1369 948 1443 adoptivum
967 1371 1020 1425 oet
1043 1384 1172 1426 eorsum
1185 1368 1355 1445 genuisse,
1382 1368 1449 1426 otei
1474 1384 1576 1443 negare
1597 1402 1639 1440 ,

420 1476 525 1537 Deum
540 1475 795 1553 composuisse?
827 1473 868 1536 Sa·
885 1476 974 1537 Deus
987 1486 1163 1552 generatus
1183 1485 1247 1556 eet,
1282 1493 1523 1554 nequaquam
1540 1469 1644 1535 oi·-

421 1589 600 1666 optioor,
626 1593 693 1646 sect
714 1585 870 1647 nereos.-
895 1589 974 1663 puia
990 1589 1058 1647 atio
1074 1595 1123 1647 eet
1135 1604 1277 1663 persono
1290 1588 1423 1663 proprii
1435 1586 1515 1665 filit,
1540 1588 1649 1645 otia

420 1698 563 1773 adoptivi
584 1695 667 1756 Filii
687 1698 783 1757 serui.
824 1696 873 1758 lit
886 1699 1022 1776 seimus,
1047 1714 1146 1756 uuam
1167 1714 1236 1756 esee
1253 1713 1427 1772 personum
1447 1697 1483 1756 io
1509 1692 1594 1755 utre·
1606 1720 1650 1738 -·

421 1814 471 1865 eto
486 1803 601 1883 Deo²).

627 2088 657 2167 ἓ.
675 2083 742 2154 60.
760 2088 808 2153 ΙΙ.
826 2086 874 2152 v.
893 2084 1041 2155 Morio
1058 2101 1171 2155 vere
1186 2083 1402 2171 neipere.

527 2283 563 2347 si
578 2296 684 2348 eutem
700 2283 848 2350 Christus
864 2286 1021 2351 Dominus
1039 2286 1132 2351 etiem
1150 2306 1210 2373 que
1234 2287 1331 2349 homo
1363 2306 1462 2351 verus
1479 2306 1517 2349 ee
1529 2306 1564 2370 pr
1572 2302 1636 2345 ο·

417 2392 506 2478 prius
525 2405 576 2457 est
590 2392 652 2458 Dei
671 2392 785 2458 Filius:
809 2396 844 2459 Β.
861 2397 898 2458 V.
915 2394 1029 2470 Morio,
1055 2416 1134 2482 quae
1156 2394 1261 2480 ipsum
1276 2393 1413 2482 gignere
1438 2415 1477 2459 ee
1492 2410 1632 2479 perere

417 2501 546 2577 meruit,
565 2503 640 2587 jure
655 2497 790 2567 vocetur
809 2525 850 2594 ec
871 2517 921 2569 est
940 2504 1088 2590 Deipere,
1111 2498 1272 2579 θεοτόκος,
1296 2524 1396 2568 sensu
1422 2501 1550 2589 proprio
1574 2519 1628 2564 ac

416 2609 538 2674 directo
548 2632 744 2697 nequaquam
756 2625 861 2705 eutem
877 2607 1127 2691 ἀνθρωποτόκος,
1144 2624 1198 2677 aut
1212 2608 1401 2691 χριστοτόκος
1417 2613 1520 2677 solum
1533 2625 1624 2676 vert

415 2741 453 2784 ec
468 2718 616 2805 proprie,
641 2733 673 2785 et
688 2718 835 2792 θεοτόκος
859 2733 979 2787 tentum
995 2718 1174 2807 improprie
1196 2743 1235 2787 ee
1254 2722 1426 2798 indirecte,
1455 2734 1622 2808 quatenus

415 2830 562 2923 genuerit
573 2830 736 2897 Christum
746 2834 917 2908 hominem,
928 2832 981 2919 qui
996 2832 1058 2897 sibi
1074 2833 1272 2898 associatum
1287 2832 1398 2898 hebuit
1411 2833 1525 2898 Filium
1538 2823 1617 2896 oei,

414 2931 451 3005 'ut
466 2940 637 3005 Nestorius
653 2942 781 3007 volebat
789 2949 816 3022 ³)
823 2967 832 3016 ;
857 2963 937 3029 quae
959 2941 1117 3006 sententie
1137 2941 1259 3027 pariter
1284 2944 1324 3006 ed
1350 2963 1511 3029 expresse
1534 2930 1616 3005 fidei

413 3037 600 3116 'Catholicae
618 3051 769 3138 dogmate
785 3051 933 3136 pertinet.
950 3050 1076 3114 Etenim

523 3182 562 3245 A.
580 3178 733 3243 terminus
750 3178 989 3267 generationis,
1014 3200 1109 3264 quum
1131 3190 1244 3244 nature
1264 3201 1329 3244 nou
1349 3178 1383 3244 in
1410 3201 1446 3245 se
1463 3173 1607 3245 conside·

416 3299 499 3360 rete,
524 3288 580 3350 sed
597 3301 691 3371 prout
708 3310 822 3352 revera
845 3302 878 3352 nt
894 3283 1053 3367 αὐτοτελὴς
1073 3288 1236 3365 subsistit,
1260 3302 1452 3376 generetur,
1473 3311 1535 3355 uon
1555 3289 1604 3348 esi

418 3407 543 3471 neimo,
569 3398 626 3460 sed
646 3418 801 3481 persone,
826 3420 884 3463 seu
911 3411 1012 3463 totum
1032 3419 1071 3463 ec
1091 3398 1254 3486 integrum
1284 3399 1499 3484 suppositum.
1522 3397 1596 3475 0¹¹⁰·

418 3505 502 3570 oriem
522 3518 626 3570 autem
646 3506 678 3571 in
701 3506 829 3572 ChrIsto
847 3508 976 3574 nonnisi
998 3530 1060 3573 una
1080 3509 1172 3573 detur
1187 3530 1344 3595 persone,
1368 3530 1469 3597 eoque
1491 3505 1599 3573 divion

417 3617 451 3679 tt.
471 3615 585 3703 Virgo,
602 3636 681 3701 quae
698 3615 804 3702 itaque
821 3617 880 3681 Dei
895 3617 1009 3682 Filium
1026 3638 1138 3682 verum
1154 3637 1193 3682 ec
1208 3617 1375 3703 proprium
1391 3616 1515 3706 genuit,
1530 3624 1599 3679 vero

417 3747 456 3792 ec
471 3724 601 3810 proprie
616 3724 676 3789 Dei
694 3737 795 3790 mater
812 3739 863 3790 est
879 3747 918 3791 ee
934 3726 1065 3802 dieitur,
1089 3749 1154 3791 non
1178 3727 1305 3813 quidem
1321 3749 1360 3793 eo
1384 3749 1499 3805 senem
1519 3744 1549 3791 et
1561 3709 1601 3781 Εἰ

419 3834 612 3900 divinitatem
626 3835 676 3898 vel
692 3835 834 3899 Verbum
849 3836 952 3899 Deum
968 3835 1000 3898 in
1017 3857 1053 3900 se
1069 3837 1232 3923 genuerit,
1256 3836 1301 3902 ite
1316 3850 1351 3902 ut
1367 3858 1410 3902 ex
1430 3859 1467 3903 ee
1487 3830 1606 3901 inititt¹¹

419 3940 562 4006 hebuerit
578 3940 770 4018 exsistendi,
802 3944 1025 4031 sedquoniam
1043 3967 1116 4010 eum
1130 3946 1256 4033 genuit,
1281 3947 1334 4033 qui
1357 3959 1489 4033 propter
1506 3944 1608 4027 opo-

419 4049 566 4115 steticem
583 4050 732 4116 unionem
747 4052 903 4117 humanae
926 4065 959 4117 et
975 4053 1099 4120 divinae
1120 4067 1253 4120 naturae
1273 4076 1332 4141 per
1354 4056 1490 4123 divium
1507 4030 1618 4117 Verbi

421 4181 609 4244 personam,
633 4181 694 4246 que
709 4162 805 4226 homo
829 4182 923 4226 verus
947 4183 986 4227 ee
1006 4163 1158 4249 proprius
1178 4164 1238 4229 Dei
1254 4164 1353 4230 Filius
1369 4187 1428 4231 seu
1442 4166 1522 4231 Deus
1536 4158 1618 4221 ⁶²·

421 4269 462 4333 Si
477 4269 578 4345 enim,
596 4283 630 4334 ut
646 4270 690 4335 eit
707 4271 878 4356 cyrillus
895 4274 1011 4348 Alex,
1035 4277 1197 4339 Dominus
1218 4297 1251 4343 o.
1275 4277 1311 4339 J.
1338 4277 1420 4340 Olor.
1442 4268 1616 4339 omont)

422 4442 637 4457 *m

527 4543 554 4632 ι)
571 4545 616 4610 ef.
632 4540 740 4615 nzn.
755 4498 877 4613 este.
895 4547 930 4614 o.
948 4584 990 4597 -
1009 4547 1037 4636 2)
1052 4550 1100 4614 n.
1117 4572 1142 4614 e.
1160 4547 1236 4613 soe.
1248 4551 1326 4634 -³)
1343 4551 1441 4614 sm,
1453 4552 1481 4614 5,
1493 4527 1605 4610 ,sa

424 4635 502 4720 opp.
519 4640 602 4702 Mer.
620 4639 768 4701 Mereat.
787 4639 855 4700 Par.
877 4638 973 4703 1673.
989 4642 1026 4706 P.
1042 4639 1073 4702 2.
1092 4664 1123 4722 p.
1141 4640 1194 4704 30.
1212 4642 1309 4706 Serm.
1327 4648 1378 4709 12.
1394 4666 1425 4707 u.
1437 4649 1462 4706 t.
1474 4622 1595 4721 sptO·
