3775 5625
1435 441 1501 510 225

299 606 429 681 clesiac
467 604 733 696 gubernationem
752 612 810 685 ¹),
847 617 938 692 atque
972 605 1126 691 judicium
1165 606 1253 670 orbis
1271 607 1311 685 ²)
1352 608 1500 675 tribuunt.

296 720 392 803 Quin
417 718 482 781 imo

420 851 446 891 c.
467 826 499 890 id
522 826 627 911 ipsum
650 846 774 912 quoque
797 827 913 889 docent
929 827 997 910 J'am
1020 829 1083 889 SS.
1105 827 1343 909 Prophetae,
1360 827 1420 891 etsi
1438 850 1501 892 non

293 954 373 1003 tani
397 937 482 1001 clare
506 955 544 999 ac
568 932 706 1007 definite,
730 945 762 996 ut
782 934 820 997 N.
839 935 875 998 Τ.
900 934 1095 1019 Scriptores.
1117 933 1124 942 “
1144 935 1288 999 Tradunt
1303 935 1402 1010 enim,
1420 938 1501 1001 bles·

291 1047 391 1111 siam
415 1044 556 1108 futurum
578 1064 651 1107 csse
673 1042 785 1106 Filium
807 1042 866 1105 Dei
889 1043 1085 1131 genitum¹),
1108 1045 1198 1127 cujus
1220 1043 1325 1108 exitus
1342 1027 1384 1108 sit
1401 1066 1419 1108 a
1436 1046 1500 1111 ‹lie-

291 1158 367 1219 bus
401 1152 600 1218 aeternitatis
612 1159 656 1231 ¹),
669 1174 777 1237 porro
801 1154 902 1216 Deum
917 1160 962 1232 ¹),
1000 1153 1171 1217 Dominum
1186 1153 1230 1232 ⁰),
1253 1155 1450 1218 adorandum
1464 1161 1502 1234 ⁷),

290 1263 358 1348 qui
395 1261 440 1327 sit
471 1282 598 1326 summa
629 1261 730 1325 virtus
762 1283 800 1326 ac
832 1262 1020 1347 potentia⁸),
1053 1264 1206 1347 cujusque
1239 1262 1331 1349 regni
1365 1285 1426 1326 non
1459 1263 1502 1327 sit

290 1372 383 1436 [iuis
401 1375 439 1451 ⁹).

419 1486 461 1547 B.
484 1484 571 1547 llaec
594 1503 716 1571 quoque
741 1481 899 1547 unanimis
916 1496 967 1547 est
984 1481 1129 1547 doctrina
1147 1485 1210 1546 SS.
1228 1484 1395 1557 Petrum,
1412 1495 1504 1568 atquc

291 1588 1505 1675 conistansacuninersalisfidcsEcclesiaepenomniasaecula.Posteriores

294 1700 440 1777 Patres,
457 1702 509 1786 qui
522 1712 597 1785 post
614 1700 789 1766 Concilium
801 1701 977 1767 Nicaenum
989 1701 1147 1776 vixerunt,
1158 1700 1351 1766 divinitatem
1361 1700 1431 1764 Filii
1447 1700 1506 1765 Dei

296 1829 367 1871 seu
378 1809 500 1875 Christi
512 1810 1060 1894 tradere‚apudon1nesinconl'esso
1073 1811 1254 1875 est.Vcrum
1263 1809 1404 1894 idipsum
1412 1809 1506 1875 etiam

234 1897 239 1908 χ’
298 1918 445 1994 docere,
464 1919 606 2005 quiante
624 1919 799 1984 Concilium
817 1920 891 1983 illud
908 1921 1100 1995 floruerunt,
1117 1941 1159 1984 ex
1175 1940 1272 2005 supra
1289 1921 1327 1983 de
1345 1918 1506 1982 divinitate

299 2025 381 2091 Filii
397 2028 460 2092 Dei
477 2028 570 2093 dictis
587 2029 786 2094 manifestum
804 2043 862 2095 est.
900 2028 1047 2095 Sulliciat
1072 2031 1123 2095 bic
1148 2030 1209 2094 loci
1227 2030 1384 2117 allegasse
1401 2029 1505 2115 lgna·

274 2223 288 2236 ‘
302 2134 681 2219 tium¹⁰),tustinum
695 2139 1070 2219 M.¹¹),lrenaeu1n¹²),
1088 2138 1326 2225 Dionysium
1343 2140 1508 2219 ntexr),

306 2305 533 2325 m

424 2412 897 2493 1ΠΕΡΙιηε.1,20-23.00],
925 2413 1031 2487 1,18.
1064 2451 1106 2460 -
1141 2414 1171 2489 ²)
1188 2413 1256 2473 Act.
1279 2413 1330 2487 17,
1348 2413 1401 2476 31.
1420 2416 1506 2475 Rom.

313 2496 702 2577 l4‚10.2.001·.5,10.
736 2541 777 2550 -
811 2507 836 2585 ³)
853 2508 906 2569 Ps.
924 2505 956 2579 2,
976 2507 1064 2566 7.-
1084 2505 1109 2586 ¹)
1126 2506 1215 2566 Mich.
1233 2502 1312 2592 5‚2.
1337 2541 1377 2550 -
1406 2511 1436 2580 ⁵)
1456 2504 1508 2566 Ρη.

314 2587 392 2667 109,
410 2595 443 2658 5.
468 2596 510 2655 Is.
527 2594 558 2671 9,
575 2594 605 2658 6.
625 2594 655 2670 7,
675 2593 726 2660 14.
744 2598 795 2655 Pa.
813 2595 866 2672 44,
884 2594 1004 2659 7-12.
1024 2634 1065 2641 —
1084 2596 1109 2677 ¹)
1126 2597 1177 2656 Ps.
1198 2593 1272 2669 109,
1293 2595 1398 2658 tter.
1410 2593 1465 2666 23,
1478 2592 1508 2657 6.

256 2717 260 2729 ·
314 2682 406 2771 Μ)
432 2687 481 2747 Js.
506 2685 565 2761 ll,
594 2684 645 2748 10.
668 2686 749 2747 Joel.
777 2687 813 2759 2,
836 2685 889 2748 32.
912 2688 964 2747 Ps.
987 2687 1020 2767 2,
1048 2686 1096 2749 13.
1132 2724 1172 2733 -
1209 2686 1235 2765 ⁸)
1253 2688 1294 2747 Is.
1313 2685 1349 2762 9,
1368 2684 1398 2749 6.
1418 2683 1510 2748 l..—

260 2778 264 2784 '
313 2764 400 2846 ⁹)1u.
426 2776 483 2852 53,
503 2776 553 2841 10.
571 2776 602 2853 9,
626 2776 724 2840 6-7.
747 2777 882 2854 Dani,
908 2778 962 2841 44.
987 2779 1038 2838 Ps.
1062 2776 1121 2856 44,
1142 2778 1170 2841 7.
1190 2778 1235 2838 Of.
1252 2778 1348 2840 Hebr.
1370 2777 1399 2852 l,
1418 2775 1447 2840 8.
1467 2793 1508 2825 -‘

315 2858 362 2947 ¹⁰)
376 2870 475 2946 Epist.
498 2874 540 2929 ad
561 2873 674 2947 pres.
693 2892 722 2931 η.
742 2875 769 2934 7.
810 2871 973 2932 Ooteler.
1007 2873 1141 2947 PP.ap,
1173 2871 1271 2933 Amst.
1300 2868 1396 2932 1824.
1420 2871 1458 2932 V.
1477 2867 1507 2931 2.

316 2967 348 3023 P·
380 2959 428 3023 l3.
458 2962 597 3021 Medicus
628 2969 724 3022 autari
754 2983 834 3021 unua
865 2971 918 3035 est,
951 2969 980 3021 et
994 2963 1129 3021 carnaiis
1147 2971 1175 3021 et
1189 2961 1372 3037 spiritualia,
1388 2961 1509 3038 penitus

261 3100 265 3109 .
316 3050 347 3098 et
363 3049 515 3127 inuenitus,
533 3074 585 3113 seu
595 3053 704 3131 faetus
722 3061 749 3112 et
763 3073 833 3113 non
842 3055 988 3131 factus,
1006 3054 1040 3111 in
1056 3054 1174 3113 banaiae
1192 3053 1339 3112 exsistens
1355 3055 1462 3122 Deus,
1475 3053 1509 3111 in

233 3122 253 3163 κ
315 3147 404 3201 morte
419 3144 500 3202 uita
514 3164 617 3214 uera,
642 3151 670 3202 et
689 3165 728 3203 eac
743 3145 847 3204 Maria
864 3152 892 3203 et
905 3165 942 3204 ecc
958 3148 1050 3214 Deo,
1072 3145 1205 3222 primum
1216 3143 1379 3220 passibilis
1396 3150 1423 3201 et
1438 3150 1508 3201 tunc

233 3225 251 3273 l·
315 3235 582 3305 ¹retpczssibilis,
615 3237 706 3294 Jesus
738 3236 879 3295 C'bristus
917 3236 1072 3295 Dominus
1104 3242 1213 3295 noster.
1253 3235 1310 3298 Et:
1331 3233 1434 3308 'Epist
1468 3236 1509 3292 ad

312 3309 434 3398 Satyra.
460 3346 490 3384 n.
514 3330 542 3389 1.
566 3326 612 3385 lb.
646 3348 676 3405 p.
709 3324 762 3388 33.
797 3325 944 3397 Gloritico
975 3329 1082 3386 Jesum
1115 3326 1272 3386 Obristum
1303 3327 1436 3395 Deum,
1455 3325 1508 3400 qui

310 3408 399 3472 taneti
418 3436 471 3476 vos
497 3417 650 3494 sapientia
677 3418 809 3477 donauit.
843 3454 885 3462 -
919 3420 962 3496 ¹¹)
986 3418 1105 3478 Oobart.
1126 3421 1166 3476 ad
1183 3417 1290 3480 Graec.
1308 3437 1338 3476 n.
1355 3418 1405 3478 38.
1424 3413 1505 3494 app.

293 3502 347 3568 Ῥ·
379 3502 427 3566 34.
463 3507 524 3576 Qui
561 3510 672 3586 (Jesus
706 3509 866 3587 Christus)
900 3529 967 3568 cum
997 3509 1068 3567 Dei
1083 3509 1125 3567 sit
1144 3511 1315 3585 Verbum,
1336 3506 1446 3565 uirtute
1467 3527 1506 3565 ac

233 3640 261 3653 ..
304 3597 482 3657 Potentia
514 3601 556 3656 ab
588 3619 627 3657 eo
658 3601 744 3678 (Dea
761 3599 1173 3678 pat1·e)inseparabilex
1193 3599 1505 3660 nerninem-assu·

233 3676 260 3739 ¹.
308 3689 409 3769 ⁷¹tens,
430 3691 583 3749 revocavit
601 3691 689 3749 nobis
709 3691 743 3748 in
762 3691 936 3751 memoriam
959 3691 1131 3769 priscorum
1145 3698 1305 3767 parentum
1321 3688 1504 3766 relipianem.

234 3766 260 3831 ξ’-
313 3795 363 3819 N
382 3778 420 3865 ¹²)
446 3782 531 3841 Oont.
553 3785 635 3841 itaer.
664 3784 682 3840 l.
705 3785 735 3843 3.
760 3803 784 3845 c.
809 3787 857 3846 18.
874 3803 904 3842 η.
927 3787 955 3841 1.
977 3804 1006 3861 p.
1027 3780 1102 3845 200.
1120 3783 1158 3843 Si
1175 3803 1245 3858 erpa
1262 3789 1331 3840 tanc
1346 3788 1436 3840 natus
1453 3787 1505 3855 est,

255 3938 257 3945 Ι
309 3873 377 3925 ¹lon
390 3879 453 3930 erat
467 3879 535 3931 ante
553 3871 704 3931 Cbristas.
732 3873 924 3933 Ostendimus
941 3874 1113 3949 enimenin
1128 3892 1189 3932 ηοη
1202 3881 1271 3932 tunc
1289 3873 1387 3948 coepit
1401 3871 1505 3931 attius

233 4006 250 4043 ν
311 3948 385 4031 Dei,
397 3964 585 4022 eaesistens
601 3983 744 4039 semper
755 3968 852 4039 apud
866 3968 1009 4038 Patrem;
1028 3968 1081 4023 sed
1089 3969 1210 4041 quando
1222 3966 1405 4024 incarnatus
1416 3970 1467 4034 est,
1479 3970 1507 4022 et

233 4030 256 4160 ’ἒ
311 4037 399 4110 ἡοηιη
407 4055 524 4131 factus,
537 4056 657 4131 tanqam
673 4055 826 4116 bonuinum
842 4057 1057 4134 expositionem
1073 4057 1107 4114 ia
1123 4076 1154 4115 se
1169 4055 1388 4131 recapitulavit.
1406 4055 1447 4113 Et
1465 4054 1502 4114 al.

315 4146 437 4221 stlapiso.
469 4181 513 4191 —
547 4153 592 4221 ¹³]
608 4147 708 4220 Epist.
727 4150 794 4206 adv.
812 4150 896 4207 Paul
911 4147 1029 4208 Samos.
1048 4149 1185 4218 Mansi,
1210 4148 1284 4207 Ooll.
1306 4146 1395 4206 Onne.
1414 4146 1452 4206 Τ.
1475 4145 1502 4207 l.

318 4240 346 4284 ¹·-
367 4231 452 4297 1043.
486 4236 588 4296 Filias
620 4239 692 4308 Dei,
717 4240 770 4314 qui
802 4247 845 4297 est
881 4241 1031 4299 Verbum
1065 4239 1205 4301 Christus
1237 4241 1352 4320 haeres,
1368 4243 1504 4298 mortuus

234 4375 258 4436 Ε
317 4327 376 4379 ⁰⁸&
388 4331 532 4402 quomodo
548 4329 596 4387 ais
614 4335 658 4401 tu,
683 4330 831 4390 nerninem
852 4350 915 4389 esse
931 4332 1075 4391 eximium
1093 4331 1263 4402 Obristum,
1281 4337 1308 4388 et
1322 4349 1383 4388 non
1399 4347 1503 4386 reuera

252 4463 258 4477 .
320 4402 435 4492 Deum,
461 4425 489 4476 et
509 4423 546 4478 ab
568 4420 650 4479 omni
676 4429 815 4480 creatura
832 4443 898 4482 cum
914 4423 1010 4482 Patre
1027 4430 1054 4481 et
1069 4422 1190 4497 Spiritu
1206 4421 1238 4481 S.
1260 4424 1434 4500 adorabam,
1457 4419 1501 4476 ἰη-

234 4484 259 4569 ’2
323 4511 468 4569 ρ(ῑηηηηηη
494 4530 532 4569 en
547 4511 578 4572 S.
601 4512 723 4586 Virpine
740 4520 767 4571 et
782 4513 921 4588 Deipara
938 4514 1063 4572 Maria?
1096 4517 1227 4590 Propter
1242 4531 1298 4571 nos
1315 4513 1393 4571 enim
1409 4508 1504 4570 votuit

233 4576 271 4737 ἐξ
323 4600 407 4654 bonet
416 4621 451 4660 ex
465 4601 606 4676 nuntiare·
624 4606 703 4662 unde
721 4611 748 4662 et
762 4605 937 4681 passionem
948 4625 1009 4681 pro
1025 4605 1113 4665 anobis
1135 4604 1275 4678 suscepit.
1294 4640 1334 4648 -
1358 4606 1442 4663 Unus
1460 4607 1504 4658 est

327 4673 462 4763 Oineon,
480 4693 534 4769 qui
549 4702 593 4754 est
607 4694 640 4753 in
656 4697 760 4778 Patre,
777 4703 1004 4755 coaeternum
1021 4700 1186 4776 verbum,
1202 4715 1264 4756 una
1281 4697 1345 4773 ejus
1357 4711 1501 4770 persona,

264 4752 274 4893 ἓ
325 4764 400 4837 Deus
413 4783 575 4845 inuisibilis
592 4794 620 4845 et
635 4786 766 4848 visibilis
776 4787 891 4866 factus.
