3775 5625
1448 414 1516 485 343

326 586 417 659 lona,
428 602 508 670 quae
528 582 662 647 eandem
678 583 728 646 vel
744 583 935 647 antecedunt
951 583 1000 646 vel
1017 583 1264 668 subsequuntur,
1281 594 1315 647 et
1329 581 1405 648 hinc
1420 581 1514 649 etiam

326 692 504 760 t'elicitatem
522 712 560 757 ac
576 691 672 756 vitam
689 694 890 771 aeternam).
901 693 1036 777 Insuper
1052 704 1157 757 autem
1169 691 1284 757 meruit
1297 692 1514 759 christusne-

326 802 442 869 :1esiae
463 821 541 867 suae
563 800 767 866 diffissionem
783 822 822 866 ac
837 799 1036 875 firmitatem,
1068 822 1208 867 necnon
1226 800 1287 866 sibi
1304 802 1442 869 nominis
1460 824 1514 867 ex-

326 913 505 979 altationem
520 924 614 997 atque
632 932 798 987 summam,
811 932 892 997 quae
907 910 970 995 ipsi
987 932 1048 996 qua
1063 910 1182 975 bomini
1199 911 1362 995 competit,
1379 912 1517 1000 gloriam

326 1045 362 1089 ac
377 1021 606 1088 beatitudinem
622 1026 659 1100 ²).

432 1134 535 1197 Porro
552 1130 668 1196 meruit
688 1130 835 1197 Christus
857 1151 916 1216 per
933 1152 1046 1195 omnes
1063 1143 1154 1196 actus
1169 1129 1323 1195 virtutum
1339 1132 1518 1207 moralium,

326 1245 341 1309 i.
358 1263 387 1308 e.
405 1263 464 1327 per
486 1261 599 1306 omnes
621 1254 726 1316 actus,
749 1261 830 1327 quos
852 1240 921 1325 ipse
942 1240 1004 1304 Dei
1025 1239 1125 1307 Filius
1143 1253 1177 1305 ut
1192 1242 1305 1315 bomo,
1322 1240 1467 1328 adeoque
1483 1242 1517 1306 ti-

326 1354 405 1417 bers'
423 1372 482 1417 sua
501 1353 663 1415 voluntate
686 1352 838 1424 bumana,
860 1360 914 1413 aut
934 1369 976 1413 ex
999 1371 1109 1414 amore
1132 1349 1192 1414 Dei
1212 1349 1337 1413 interne
1362 1347 1519 1426 eliciebat,
1653 1415 1655 1421 ,

326 1474 378 1527 aut
394 1482 439 1526 ex·
456 1460 636 1528 obedientia
667 1481 748 1548 erga
777 1460 973 1523 voluntatem
1007 1458 1143 1523 divinam
1175 1471 1309 1524 externe
1330 1460 1520 1547 peragebat,

326 1593 420 1660 quum
442 1582 554 1636 natura
575 1570 680 1634 divina
700 1568 805 1634 meriti
828 1590 930 1654 capax
951 1590 1016 1633 non
1038 1569 1096 1641 sit;
1122 1568 1238 1634 meruit
1253 1581 1359 1634 autem
1376 1581 1409 1634 et
1424 1568 1517 1636 satis·

326 1681 402 1747 iecit
423 1680 516 1747 simui
538 1687 596 1765 per
618 1700 731 1744 omnes
753 1679 915 1753 actiones,
938 1677 1041 1743 libera
1064 1699 1123 1743 sua
1142 1680 1304 1744 voluntate
1325 1680 1462 1743 humana
1478 1699 1521 1745 ex

326 1789 506 1857 obedientia
522 1789 700 1874 susceptis,
718 1787 832 1875 quibus
850 1789 1018 1853 character
1034 1810 1171 1874 poenae,
1188 1801 1221 1853 et
1234 1788 1308 1853 ideo
1324 1788 1521 1855 incommodi

326 1921 362 1967 ac
383 1899 546 1986 passionis
579 1899 696 1973 inerat,
719 1911 752 1962 et
770 1898 845 1962 binc
878 1897 1064 1981 cumprimis
1095 1897 1249 1982 passione
1270 1910 1303 1963 et
1324 1910 1429 1963 morte
1453 1919 1520 1964 sua.

328 2010 414 2091 Quae
431 2009 592 2082 doctrina,
625 2008 763 2081 scilicet,
781 2006 943 2072 Christum
959 2028 1022 2071 non
1046 2029 1115 2092 per
1138 2005 1398 2073 obedientiam
1431 2009 1519 2075 acti·

327 2140 425 2194 vam,
443 2130 599 2205 quatenus
615 2117 811 2181 voluntatem
828 2114 966 2180 divinam
983 2128 1179 2202 exsequutus
1197 2128 1261 2191 est,
1278 2117 1336 2181 sed
1351 2137 1419 2203 per
1436 2119 1519 2183 obe·

330 2227 510 2294 dientiam
525 2227 737 2314 passivam,
753 2225 773 2290 i.
791 2246 819 2289 e.
836 2238 992 2311 quatenus
1017 2224 1203 2311 passionem
1219 2238 1252 2291 et
1267 2238 1406 2292 mortem
1421 2226 1521 2294 libere
1618 2279 1622 2284 .

327 2339 488 2403 uoluntate
503 2339 639 2402 bumana
655 2348 839 2421 susceptam
854 2356 915 2420 pro
932 2334 1027 2399 nobis
1043 2334 1209 2410 sustinuit,
1241 2356 1302 2401 nos
1332 2336 1522 2412 redemisse,

327 2467 384 2513 seu
399 2446 627 2512 remissionem
644 2457 852 2530 peccatorum
869 2456 962 2530 atque
979 2444 1117 2532 gratiam
1134 2444 1372 2530 promeruisse,
1390 2447 1429 2511 ad
1446 2445 1520 2511 arti·

326 2558 420 2624 culos
436 2555 511 2621 fidei
527 2555 672 2641 pertinet.
696 2553 824 2620 Etenim

436 2688 474 2749 A.
498 2686 579 2749 haec
594 2696 645 2750 est
660 2682 829 2749 manifesta
845 2682 992 2749 doctrina
1008 2686 1041 2747 S.
1060 2681 1295 2769 scripturae.
1314 2684 1401 2763 Quae
1417 2686 1523 2759 docet,

326 2808 476 2881 utsupra
499 2793 650 2871 vidimus,
672 2792 790 2880 primo,
814 2793 977 2860 Christum
993 2816 1053 2880 pro
1070 2792 1164 2860 nobis
1180 2792 1375 2860 sacrificium
1390 2816 1451 2880 pro
1468 2796 1521 2861 de·

326 2905 406 2971 licto
421 2904 557 2972 aninam
574 2925 664 2968 suam
679 2902 808 2978 iecisse,
823 2902 843 2968 i.
860 2924 888 2967 e.
904 2915 1077 2969 mactatum
1092 2901 1163 2969 vice
1179 2916 1293 2969 nostra
1309 2922 1395 2978 esse,
1412 2895 1446 2969 ut
1461 2925 1523 2969 nos

326 3012 400 3080 Deo
415 3013 639 3082 reconciliaret
649 3019 688 3094 ³),
705 3034 780 3079 esse
796 3036 908 3079 verum
925 3036 964 3080 ac
978 3012 1145 3100 proprium
1161 3034 1279 3102 agnum
1301 3011 1523 3089 sacrificalem,

326 3122 385 3204 qui
397 3126 485 3192 tollat
501 3137 636 3210 peccata
650 3123 759 3189 mundi
770 3130 814 3205 ⁴),
832 3122 1023 3211 sanguinem
1041 3143 1134 3188 suum
1151 3120 1317 3187 offerendo
1334 3128 1525 3187 introivisse

326 3243 427 3298 tenet
446 3241 482 3299 in
502 3246 616 3299 saneta
639 3247 773 3298 aeterna
793 3240 989 3299 redemtione
1012 3237 1198 3313 inventa¹)‚
1220 3240 1318 3297 semei
1336 3255 1473 3313 pessum
1494 3245 1527 3297 et

327 3345 470 3410 oblatrent
486 3351 761 3408 cimeliorum
776 3347 1302 3423 exhauriendapeoeew),
1318 3365 1397 3407 une
1413 3350 1523 3407 oote-

329 3452 437 3517 iione
462 3475 753 3518 consummasse
774 3459 816 3516 in
836 3465 1038 3518 oeternum
1059 3455 1404 3532 sanctificatos⁷),
1419 3453 1524 3517 Deum

333 3574 402 3627 eum
428 3569 640 3645 proposuisse
676 3568 1009 3643 propitiationem
1045 3584 1104 3643 per
1133 3566 1227 3638 fidem
1258 3567 1299 3625 in
1329 3566 1525 3642 sanpuine

336 3676 470 3753 tion),
488 3695 560 3737 eum
576 3679 632 3752 pei
645 3685 812 3753 peceatum
827 3695 894 3738 non
913 3683 1063 3756 noverat,
1086 3693 1159 3753 pro
1183 3677 1297 3736 nobis
1320 3684 1525 3753 peceatum

338 3831 547 3865 5..—

435 3949 460 4028 ¹)
478 3947 524 4013 ct.
541 3950 628 4010 Rom.
647 3946 677 4022 3,
693 3944 748 4011 24.
767 3946 797 4023 6,
812 3945 866 4011 23.
884 3944 914 4012 2.
925 3946 996 4011 Gor.
1007 3943 1037 4029 8,
1048 3946 1080 4011 9.
1096 3946 1211 4029 Ephes.
1224 3943 1426 4022 1,3-11.2.
1444 3948 1523 4011 Tim.

337 4035 360 4112 1,
377 4037 409 4103 9.
425 4040 488 4100 Tit.
505 4036 536 4112 3,
554 4035 651 4102 3-7.
669 4039 765 4101 Hebr.
782 4039 815 4122 5,
831 4037 861 4102 9.
881 4075 923 4085 -
942 4037 969 4124 ²)
987 4038 1116 4101 Cilone.
1127 4035 1245 4115 24,26.
1262 4033 1523 4113 Joan.1t‚4-5.

332 4129 406 4194 Phil.
423 4128 455 4207 2,
473 4127 595 4193 8-10.
627 4131 724 4192 Hebr.
742 4128 774 4207 2,
791 4127 822 4194 9.
842 4127 870 4192 1.
886 4131 971 4193 Petr.
991 4128 1019 4215 1,
1039 4127 1090 4192 11.
1107 4130 1149 4192 Is.
1166 4125 1219 4204 53,
1237 4126 1379 4192 11-12.
1411 4129 1534 4219 Besit.

331 4225 370 4284 In
384 4223 516 4286 Εαπωη.
534 4225 553 4282 l.
571 4226 601 4282 4.
620 4221 699 4302 Opp.
717 4222 756 4286 T.
774 4218 802 4283 1.
820 4243 850 4302 p.
868 4217 944 4285 289.
970 4221 1003 4282 J.
1021 4221 1215 4302 chrysost.
1229 4221 1522 4300 Inep.adeilipp.

329 4316 420 4376 Hom.
439 4317 467 4374 7.
484 4334 515 4372 n.
533 4314 562 4373 6.
582 4312 661 4394 Opp.
679 4314 716 4375 T.
736 4310 787 4375 11.
805 4334 834 4394 p.
852 4309 929 4376 251.
962 4312 1019 4375 Ps.
1050 4310 1215 4373 Ambros.
1248 4314 1288 4372 In
1303 4310 1442 4389 Philipp.
1461 4315 1479 4372 l.
1498 4333 1522 4373 c.

330 4404 412 4488 Opp.
427 4403 596 4470 Ambros.
618 4405 656 4465 T.
673 4400 705 4467 2.
723 4425 793 4486 app.
812 4426 836 4467 c.
853 4399 920 4467 255
937 4425 961 4465 s.
993 4403 1195 4484 Angustia.
1223 4405 1272 4465 Tr.
1292 4406 1361 4464 104.
1378 4403 1413 4464 ire
1428 4404 1522 4466 Joan.

328 4518 357 4558 a.
375 4500 407 4557 3.
426 4495 505 4576 Opp.
523 4497 561 4561 T.
580 4493 610 4556 3.
627 4498 663 4557 P.
682 4493 711 4558 2.
729 4518 754 4556 c.
775 4493 848 4558 760.
875 4496 960 4558 Ocni.
977 4495 1141 4556 Maximis.
1163 4498 1183 4554 l.
1202 4499 1231 4556 1.
1248 4514 1272 4555 e.
1291 4495 1319 4556 6.
1337 4493 1417 4575 Opp.
1435 4496 1473 4556 T.
1492 4490 1522 4557 8.

330 4609 353 4650 c.
372 4583 451 4653 682.
469 4589 487 4649 i.
505 4593 533 4647 2.
551 4608 575 4649 c.
592 4590 622 4651 2.
639 4609 663 4649 c.
685 4584 761 4649 693.
778 4623 821 4633 --
841 4585 866 4669 ³)
883 4587 924 4647 Is.
942 4583 997 4660 53,
1016 4584 1068 4648 10.
1086 4582 1522 4662 cf.1.ev.4,3-4.14-15.

332 4677 381 4754 16,
399 4673 431 4740 5.
450 4675 481 4742 9.
512 4675 544 4741 2.
561 4677 665 4744 Paral.
684 4676 736 4753 29,
754 4675 899 4742 23-24.
940 4679 1016 4739 Lev.
1034 4674 1065 4752 4,
1082 4675 1112 4740 3.
1136 4674 1188 4739 14.
1207 4673 1260 4739 20.
1277 4674 1330 4740 26.
1348 4673 1401 4739 31.
1419 4673 1450 4751 5,
1469 4674 1521 4739 10.

334 4766 456 4832 13.16.
483 4766 535 4832 18.
562 4766 613 4844 16,
630 4766 660 4832 9.
688 4767 739 4835 16.
761 4766 815 4832 21.
843 4767 894 4854 19,
911 4766 1072 4851 22.-’)
1089 4767 1180 4829 Joan.
1199 4766 1227 4842 1,
1243 4765 1358 4831 29.-
1379 4763 1520 4853 ⁶)Hebr.

333 4857 360 4947 9,
378 4857 431 4926 12.
449 4895 493 4907 -
510 4863 537 4943 ⁸)
554 4861 650 4927 Hebr.
670 4858 721 4939 10,
738 4859 792 4926 26.
808 4857 862 4925 28.
881 4897 921 4911 -·
940 4857 968 4950 ⁷)
983 4856 1141 4934 Habeto,
1154 4855 1207 4930 14.
1225 4895 1266 4909 -
1284 4855 1311 4950 ⁸)
1326 4861 1414 4926 Rom.
1425 4857 1456 4947 3,
1466 4857 1519 4926 25.
