3775 5625
1415 438 1481 501 453

290 599 423 657 cundum
438 598 536 674 ipsum
548 597 732 671 justificatio
751 617 808 657 nou
828 608 876 656 est
892 599 962 656 doni
983 601 1113 674 alicujus
1134 601 1247 660 infusio
1272 615 1323 663 aut
1344 606 1481 678 iustitiae

290 707 411 767 Christi
432 706 657 782 apprehensio,
676 692 733 766 'sed
755 709 821 765 sola
846 710 1019 783 acceptatio
1042 711 1076 767 ad
1101 712 1235 787 gratiam
1254 732 1292 770 ex
1308 725 1397 790 parte
1415 717 1482 787 Dei,

290 836 346 875 seu
380 818 469 875 lavor
499 817 576 885 Dei,
600 826 631 874 et
655 817 723 874 ideo
742 818 816 875 nihil
848 818 932 894 pouit
961 820 991 875 iu
1014 818 1149 887 homine,
1174 822 1227 878 sed
1251 832 1298 880 est
1321 824 1400 882 actio
1423 826 1482 883 Dei

289 926 490 986 immutabilis
507 944 543 985 ae
561 927 760 1001 sempiterna,
778 928 944 1004 eademque
964 947 1031 987 cum
1050 929 1200 988 electione
1218 949 1254 990 ac
1270 934 1480 1008 praedestina-

289 1036 385 1105 tione,
397 1036 651 1110 jnstificatiouem
671 1054 801 1111 prorsus
819 1037 916 1095 amitti
935 1055 992 1095 non
1011 1056 1121 1113 posse,
1140 1048 1170 1096 et
1187 1058 1251 1110 eus,
1269 1042 1320 1117 qui
1336 1043 1481 1103 videntur

290 1146 453 1215 amittere,
475 1164 626 1221 uunquam
644 1164 718 1203 vere
736 1145 881 1204 habuisse
898 1145 1074 1205 affirmabat
1084 1142 1117 1229 ¹).

397 1252 496 1329 Quem
528 1271 672 1315 errorem
695 1263 876 1336 utrumque,
908 1264 973 1315 tam
991 1251 1112 1316 Caluini
1129 1274 1222 1338 quam
1238 1255 1386 1329 Lutheri‚
1408 1259 1481 1343 reji-

288 1361 391 1434 ciens,
407 1358 556 1423 Ecclesia
571 1358 728 1422 definivit:
751 1360 791 1422 Si
807 1368 881 1443 puis
896 1368 1056 1423 nominem
1072 1365 1175 1424 semel
1185 1369 1409 1445 Justificatum
1427 1372 1480 1429 dt-

286 1476 392 1549 :cerit,
411 1472 552 1551 amplius
565 1492 705 1550 peccare
720 1492 788 1533 nnn
800 1493 913 1551 posse,
937 1494 1062 1553 neque
1081 1481 1260 1548 pratiam
1278 1484 1479 1557 amittere,

289 1589 389 1663 atque
404 1583 475 1641 ideo
493 1600 583 1658 eum,
601 1586 656 1662 qui
673 1582 796 1642 labitur
813 1589 845 1642 et
856 1590 989 1661 peccat,
1012 1603 1210 1664 nunquam
1235 1606 1323 1646 aere
1344 1590 1482 1664 fuisse

277 1694 587 1769 justificatum:
622 1723 662 1733 -
697 1710 727 1750 a.
760 1693 834 1768 s.²).
875 1690 931 1751 Et:
957 1689 1087 1771 Siquis
1105 1694 1246 1769 dicerit,
1265 1695 1392 1755 nullum
1409 1717 1482 1756 esse

288 1800 430 1861 mortale
442 1805 627 1878 peccatum,
652 1803 732 1858 nisi
754 1800 1056 1877 infidelitatis,·
1082 1809 1144 1862 arat
1157 1802 1248 1862 nullo
1267 1803 1332 1863 alio
1341 1849 1353 1881 ,
1373 1825 1481 1884 quarr-

289 1914 409 1971 tumois
421 1913 524 1984 pravi,
541 1914 574 1967 et
587 1912 733 1986 enormi,
754 1914 989 1989 praeterquam
1011 1911 1282 1987 infidelitatis
1300 1920 1479 1991 peccato,

288 2018 415 2079 semet
428 2024 637 2096 acceptam
650 2021 823 2092 qratiam
840 2023 997 2078 amitti:
1014 2040 1044 2079 a.
1062 2015 1133 2102 a.³).

400 2125 485 2202 Quae
518 2123 664 2188 doctrina
689 2124 856 2188 Ecclesiae
889 2125 981 2189 facile
1006 2126 1159 2209 probetur
1181 2147 1222 2190 ex
1238 2128 1430 2193 testimoniis
1449 2133 1481 2194 S.

291 2234 490 2318 Scripsisse,
508 2233 706 2309 Traditione,
723 2256 863 2298 necnon
879 2234 1004 2298 ratione
1021 2234 1100 2319 ipsa.
1127 2236 1220 2313 Quod
1237 2236 1348 2301 attinet

397 2348 435 2408 A.
453 2345 493 2407 ad
519 2342 557 2408 s
576 2344 811 2430 Scripturae
835 2344 1033 2409 testimonie:
1067 2358 1130 2409 tam
1147 2347 1259 2421 multa,
1281 2360 1392 2412 ettam
1409 2371 1480 2433 per·

291 2453 685 2540 spicuasunt,utn1irum
703 2454 754 2528 sit,
771 2455 931 2538 quomodo
950 2475 1043 2518 error
1060 2455 1218 2539 ejusmodi
1243 2469 1365 2520 mentes
1381 2458 1481 2522 homi-

291 2586 366 2628 nnm
383 2561 532 2626 invadere
549 2562 699 2647 potuerit.
723 2563 766 2626 Et
782 2562 907 2647 quidem

396 2696 426 2736 a.
443 2672 577 2735 docetur
609 2670 739 2736 disertis
755 2671 880 2746 verbis,
913 2672 1051 2760 gratiam
1072 2695 1150 2736 non
1172 2693 1260 2737 esse
1286 2673 1480 2740 inamissi-

288 2784 414 2848 bilem.
440 2781 475 2845 Si
492 2781 608 2868 legitur
624 2783 707 2866 apud
724 2781 994 2847 Ezechielem:
1019 2783 1184 2846 Stantem
1201 2792 1357 2847 auerterit
1371 2792 1479 2864 seju-

287 2903 361 2956 stus
378 2897 542 2970 ajustitia
553 2915 629 2972 sua,
641 2901 674 2955 et
685 2895 808 2967 fecerit
814 2899 1016 2974 iniquitatem
1032 2896 1211 2954 secundnm
1229 2916 1340 2956 omnes
1357 2898 1477 2958 abomi-

287 3010 459 3077 nationes,
476 3024 560 3085 quas
577 3009 710 3082 operari
725 3003 813 3063 solet
825 3008 957 3081 impius,
975 3005 1135 3083 numquid
1143 3000 1249 3063 ciaet?
1268 3003 1407 3066 Omnes
1414 3011 1477 3081 jn·

286 3119 432 3175 stitiae
453 3117 543 3190 dus,
567 3134 651 3194 quas
673 3113 817 3189 fecerat,
851 3133 927 3173 non
950 3113 1290 3174 recordabuntur:
1308 3119 1346 3174 in
1358 3135 1477 3193 prae·

286 3228 557 3301 varicatione,
576 3242 642 3304 qua
655 3227 909 3300 praevaricatus
925 3230 987 3300 est,
1002 3229 1034 3282 et
1047 3228 1087 3282 in
1099 3230 1266 3301 peccato
1284 3243 1372 3301 suc,
1392 3226 1481 3304 quand

282 3337 441 3416 peccavit,
459 3338 494 3392 in
509 3337 591 3412 ipsis
606 3337 800 3392 morietur
812 3334 850 3408 ⁴).
874 3330 968 3413 Apud
984 3331 1130 3393 doanne
1141 3352 1186 3393 m:
1208 3333 1338 3393 Omnem
1352 3333 1476 3412 palmi·
1509 3349 1511 3354 ·

282 3589 389 3667 pratia
405 3595 460 3657 est,
483 3607 598 3659 nerum,
621 3607 682 3646 non
690 3586 798 3663 fictum
812 3595 966 3665 peccatum
976 3587 1075 3666 ferto,
1097 3590 1183 3647 Deus
1207 3608 1268 3646 non
1278 3587 1363 3666 facit
1377 3590 1477 3648 saluos

277 3682 350 3758 ficte
364 3686 545 3758 peccatores.
585 3681 660 3738 Esto
679 3686 830 3756 peccator,
851 3686 879 3739 et
892 3699 983 3756 pecca
992 3677 1140 3756 fortiter;
1174 3682 1226 3738 sed
1241 3679 1362 3758 fortius
1371 3679 1435 3755 fide
1452 3686 1479 3738 et

282 3774 383 3850 pande
397 3770 432 3828 in
449 3770 580 3839 Christe,
598 3770 652 3845 qui
668 3770 763 3830 uictor
778 3778 822 3829 est
836 3770 960 3848 peccati,
977 3769 1085 3830 mortis
1102 3777 1130 3829 et
1143 3770 1265 3844 mnndi·
1292 3773 1478 3849 peccandum

283 3872 344 3932 cst,
367 3861 515 3938 quamdiu
535 3860 584 3920 dic
610 3881 722 3922 murus.
757 3897 798 3906 -
831 3860 970 3940 Sufficit,
988 3861 1068 3936 qnod
1084 3860 1261 3938 apnonimns
1277 3881 1333 3939 per
1350 3861 1476 3925 diuitiae

280 3953 401 4032 ploriae
414 3951 476 4012 Dei
491 3972 610 4028 apuam,
628 3951 682 4027 qni
698 3951 777 4011 tollit
786 3960 942 4028 peccatum
957 3951 1079 4026 mundi;
1102 3955 1138 4013 ab
1159 3955 1214 4011 doc
1229 3972 1290 4010 non
1306 3954 1406 4015 evellet
1419 3971 1475 4010 noa

281 4051 449 4125 peccatum,
467 4043 586 4103 etiamsi
600 4042 727 4117 millies,
743 4042 854 4103 millies
869 4064 930 4103 uno
947 4043 996 4102 die
1005 4043 1207 4121 fornicemur,
1223 4049 1277 4101 aut
1292 4042 1475 4103 occidamus.

281 4137 386 4216 epist.
402 4137 461 4198 Dr.
476 4135 569 4194 Mart.
586 4136 709 4194 Lutder.
726 4155 744 4193 e
760 4132 783 4192 J
789 4135 840 4195 oh.
857 4134 1066 4194 Aurifabro
1084 4135 1148 4192 coll.
1166 4129 1474 4196 Jen.1556.4.n.1.

282 4249 313 4308 p.
331 4221 408 4288 345.
424 4225 504 4285 Hinc
518 4233 671 4305 receptum
687 4223 761 4284 illud
776 4225 853 4284 inter
867 4227 1080 4285 Protesteutes
1096 4223 1310 4304 proverbium,
1335 4225 1383 4304 qui
1404 4225 1473 4284 vel-

281 4320 348 4378 lent
363 4317 441 4378 diem
455 4317 604 4395 flagitiose
620 4317 802 4395 transigere:
821 4316 921 4375 Hodie
936 4316 1136 4376 Dutloeranice
1150 4315 1296 4375 uiuamus.

393 4403 418 4490 ¹)
437 4406 582 4468 Osirin.
616 4406 717 4468 Instit.
744 4409 763 4469 l.
787 4410 815 4468 3.
839 4428 863 4466 c.
891 4411 920 4466 2.
937 4428 967 4468 n.
985 4410 1034 4468 11.
1052 4407 1098 4467 ed.
1132 4404 1209 4466 Gen.
1231 4401 1327 4467 1569.
1345 4427 1375 4484 p.
1395 4403 1471 4466 339.

281 4502 377 4564 solos
393 4501 498 4558 electos
519 4498 631 4558 semine
651 4497 878 4574 incorruptibili
893 4501 978 4556 Deus
1003 4498 1035 4556 in
1051 4504 1231 4575 perpetuum
1247 4503 1416 4572 reponerat,
1442 4503 1473 4554 ut

280 4610 440 4667 nunquam
470 4589 623 4666 dispereat
653 4609 751 4649 semen
774 4589 852 4648 uitae
888 4608 990 4649 eorum
1022 4588 1164 4648 cordibus
1189 4588 1323 4647 insitum.
1358 4587 1402 4644 Of.
1423 4590 1472 4646 12.

280 4705 315 4764 p.
331 4677 398 4744 339
415 4701 439 4740 a.
457 4715 498 4725 -
516 4681 546 4756 Β)
562 4679 643 4740 Sese.
662 4683 690 4744 6.
707 4699 772 4741 can.
789 4683 839 4740 23.
857 4715 900 4723 -
919 4676 944 4765 3)
963 4680 1037 4739 Oan.
1055 4683 1103 4738 27.
1123 4713 1163 4722 —-
1185 4673 1209 4760 ⁴)
1228 4679 1340 4738 Erech.
1357 4674 1409 4747 18,
1419 4676 1472 4740 24.

282 4773 333 4839 Of.
349 4769 403 4846 33,
420 4767 563 4837 12-13.
