3775 5625
1470 423 1558 517 tet*

350 611 664 701 Hieronymus¹)‚
681 612 979 704 Augustinus’),
994 613 1220 702 Prospw),
1237 625 1271 681 et
1287 633 1399 683 omnes
1413 611 1538 705 reliqui.

351 748 487 812 quorum
503 724 685 791 testimonia
699 725 731 790 in
748 724 885 791 modum
897 725 1060 811 'proferre
1077 746 1172 812 quum
1194 736 1307 814 agatur
1324 726 1362 791 de
1380 724 1539 792 sententia

350 858 436 902 nunc
461 837 500 901 ab
522 836 669 901 omnibus
686 836 841 912 admissa,
867 836 1063 924 superfluum
1081 836 1279 917 ducimus⁴);
1301 848 1334 902 ct
1354 835 1479 921 quidem
1496 855 1536 901 eo

350 945 466 1033 magis,
483 967 577 1033 quum

459 1076 494 1139 0.
512 1075 686 1140 habeamus
708 1075 811 1160 quoad
832 1095 901 1139 rem
925 1086 1069 1139 nostram
1086 1094 1261 1158 expressas
1278 1073 1443 1139 Ecclesiae
1462 1070 1537 1137 deli·

350 1184 491 1249 nitiones
508 1184 669 1249 solennes.
710 1183 766 1249 Sic
787 1183 903 1249 Cone.
926 1182 1211 1249 Arausicanum
1233 1183 1343 1249 hahet:
1367 1186 1539 1267 Aliquos

351 1299 402 1357 ad
415 1296 558 1357 matum
574 1297 707 1357 dlea'uo
720 1303 922 1376 potestate
933 1298 1267 1377 praedestinatas
1282 1314 1387 1367 esse,
1404 1315 1471 1356 uon
1486 1313 1538 1355 so·

348 1407 415 1466 lum
435 1425 502 1467 nau
523 1408 705 1485 credimus,
738 1408 799 1467 sed
822 1410 934 1485 ettam,
953 1406 982 1466 si
997 1414 1087 1484 suut,
1107 1410 1162 1486 qui
1179 1410 1306 1467 tautum
1321 1404 1444 1466 malum
1461 1426 1537 1465 cre-

349 1516 427 1577 dere
449 1516 565 1593 velint,
591 1536 662 1576 auru
684 1523 770 1578 aruns·
801 1519 1017 1578 destinatione
1048 1516 1116 1577 illis
1132 1518 1323 1576 'anatliema
1355 1512 1540 1594 diamasa).

347 1622 464 1688 (lonc.
496 1621 742 1687 Valentinum
764 1623 831 1688 lll.:
862 1626 1020 1686 Fidentes
1034 1627 1197 1703 fatemur,
1233 1660 1274 1668 -
1306 1627 1348 1685 iu
1371 1625 1539 1685 damua-

349 1740 459 1795 tioue
471 1740 748 1814 periturorum
765 1736 908 1796 malum
919 1736 1329 1816 praeoederejustum
1344 1734 1538 1810 Detjudl-

347 1844 495 1922 otum).
542 1843 644 1927 Atque
666 1841 784 1908 Couc.
803 1842 1090 1925 Tridentinum:
1131 1841 1260 1925 Siquis
1286 1845 1540 1923 justificationis

342 1956 488 2031 qratiam
509 1958 640 2014 uouue'se'
662 1956 918 2033 praedestinatis
934 1955 979 2014 ad
991 1959 1090 2016 attam
1107 1959 1292 2030 cautlupere
1309 1954 1451 2032 diserta·
1475 1971 1538 2011 re·

346 2063 482 2144 liquos
502 2080 594 2123 vera
620 2082 769 2141 omues,
793 2069 858 2145 qul
878 2070 1091 2141 uocantur,
1113 2067 1248 2125 uocari
1271 2064 1442 2144 quidem,
1470 2061 1543 2121 sed

341 2178 516 2249 pretioue
532 2192 609 2233 uon
624 2178 825 2253 recipere,
844 2180 982 2254 utpote
997 2175 1133 2234 diviua
1144 2178 1349 2253 potestate
1366 2170 1534 2251 praede·

343 2286 530 2342 stinatos
547 2283 598 2342 ad
610 2283 770 2343 malum:
788 2303 817 2345 a.
834 2285 905 2362 εὶ).
1563 2261 1566 2267 ¹

454 2408 494 2469 D.
528 2406 671 2472 'landem
695 2408 783 2471 Deus
805 2406 966 2471 hominem
992 2406 1127 2482 creavit,
1150 2418 1185 2470 ut
1199 2404 1361 2471 sanctitati
1378 2425 1416 2471 ac
1432 2404 1536 2490 perle-
1600 2393 1602 2397 ¹

348 2514 448 2582 ctioni
478 2515 612 2592 morali,
634 2517 897 2601 quemadmodum
914 2537 1014 2602 supra
1031 2514 1335 2589 demonstravimus,
1353 2514 1489 2589 studeat,
1506 2525 1538 2579 et

348 2624 399 2690 sic
413 2644 449 2689 se
465 2623 615 2691 felicitate
638 2638 768 2691 aeterna
789 2626 921 2714 dignum
937 2628 1066 2702 reddat,
1088 2639 1181 2713 atque
1197 2647 1257 2711 pro
1274 2645 1334 2689 sua
1348 2602 1472 2688 infinito
1487 2642 1537 2686 sa·

346 2731 467 2819 pientia
498 2754 536 2798 ac
566 2734 708 2799 bonitate
729 2737 769 2799 ad
790 2734 886 2801 finem
912 2738 997 2803 hunc
1019 2758 1077 2823 pen
1097 2735 1202 2800 media
1217 2734 1347 2809 idonea,
1371 2744 1470 2820 prout
1484 2752 1539 2796 res

348 2863 480 2919 omues,
503 2843 610 2932 dirigit
632 2866 670 2911 ac
702 2846 795 2911 ducit.
842 2846 901 2926 Qui
922 2859 1028 2913 autem
1049 2847 1174 2911 confert
1194 2845 1297 2929 media
1320 2844 1359 2908 ad
1375 2842 1471 2908 finem
1488 2861 1538 2920 as·

460 3154 484 3232 ¹)
504 3155 614 3217 Ouum.
637 3155 670 3214 iu
689 3157 805 3235 Ephes.
828 3160 846 3217 1
857 3202 865 3226 ,
887 3159 936 3217 11.
970 3152 1049 3236 Opp.
1072 3155 1110 3216 T.
1129 3150 1158 3216 7.
1176 3175 1201 3217 c.
1218 3149 1294 3217 558.
1332 3155 1401 3214 Vult
1420 3149 1540 3212 salvari

348 3266 460 3321 omues,
492 3254 521 3305 et
549 3245 583 3307 iu
613 3246 796 3323 aquationem
816 3245 954 3307 veritatis
977 3245 1086 3308 venire.
1127 3245 1188 3306 Sed
1213 3245 1287 3321 quia
1306 3246 1410 3304 uultus
1426 3245 1540 3318 absque

348 3337 483 3417 propria
502 3340 652 3398 voluntate
671 3340 807 3397 saluatur
831 3337 935 3415 (liberi
951 3336 1029 3398 euim
1044 3337 1169 3398 nabitmi
1184 3337 1315 3415 sumus),
1331 3336 1396 3394 uult
1417 3353 1473 3394 uos
1489 3336 1539 3393 bo·

348 3430 529 3508 nouvelle,
545 3435 597 3501 ut,
614 3449 682 3488 oum
696 3428 886 3499 uoluerimus,
910 3427 1000 3488 velit
1018 3428 1057 3486 iu
1078 3427 1185 3488 uobis
1203 3427 1328 3502 etipse
1348 3423 1538 3486 suum-iui-

343 3518 683 3596 plerecousilium.
716 3519 761 3580 cf.
778 3519 878 3596 Epist.
896 3519 1128 3579 57.adOoeou.
1144 3539 1175 3579 u.
1193 3522 1222 3577 1.
1254 3519 1292 3577 T.
1312 3515 1340 3578 1.
1358 3537 1385 3577 e.
1402 3512 1538 3577 412.-

352 3612 382 3685 ¹)
409 3609 494 3673 Cant.
511 3609 631 3670 Julian.
657 3612 676 3672 l.
693 3614 723 3675 3.
740 3631 763 3670 c.
783 3614 832 3671 18.
849 3631 879 3670 u.
898 3612 949 3670 35.
983 3609 1062 3690 Opp.
1085 3606 1123 3673 T.
1148 3606 1199 3670 10.
1217 3629 1242 3673 c.
1264 3604 1340 3670 570.
1372 3611 1478 3667 Bonus
1498 3612 1542 3666 est

348 3705 443 3774 Deus,
452 3702 560 3779 justas
575 3707 619 3760 est
633 3704 736 3761 Deus:
751 3707 848 3780 potest
862 3699 981 3776 aliquos
997 3699 1063 3759 siue
1079 3699 1165 3759 bouis
1180 3698 1298 3760 meritis
1313 3699 1451 3772 liberare,
1468 3697 1541 3774 quia

350 3796 463 3853 bouus:
478 3812 549 3851 nou
562 3798 688 3867 potest
711 3812 922 3869 quemquam
945 3791 1157 3873 siuemalu‘s
1176 3789 1324 3851 meritis
1350 3793 1539 3861 domuere,

350 3884 538 3962 quiajastus
554 3890 606 3945 ost.
638 3875 687 3945 Of.
703 3886 820 3944 Eoorr.
836 3883 871 3942 iu
885 3885 940 3943 Po.
958 3883 1121 3946 95.u.15.
1155 3873 1539 3943 T.‘4.c.‘1039.1>eeu.

349 3978 392 4034 D.
410 3976 429 4032 l.
453 3976 502 4033 20.
520 3993 544 4036 c.
562 3975 638 4037 uu.
656 3977 684 4034 1.
702 3971 740 4035 T.
760 3970 925 4039 7.e.5l9.
944 3972 1163 4035 OmeJuuau.
1181 3971 1318 4047 opimp.
1337 3973 1356 4030 l.
1375 3973 1404 4030 2.
1422 3992 1446 4031 c.
1469 3971 1539 4032 175.

350 4066 389 4125 Τ.
407 4061 459 4125 10.
476 4085 503 4128 c.
522 4060 608 4125 1023
626 4072 682 4126 etc.
715 4100 757 4112 -
790 4061 817 4147 ³)
834 4066 926 4140 Resp.
943 4067 985 4124 od
1001 4068 1031 4126 3.
1049 4067 1106 4142 obj.
1131 4062 1247 4124 Gallae.
1264 4062 1311 4123 Ib.
1330 4082 1400 4141 app.
1418 4082 1444 4125 c.
1465 4055 1539 4124 199.

353 4155 443 4225 Quod
463 4154 638 4233 hujucemodi
653 4154 687 4214 iu
701 4158 773 4216 llaec
783 4155 928 4230 prolapsi
941 4157 1036 4230 malo,
1054 4154 1120 4215 siue
1143 4151 1324 4213 correctione
1337 4148 1541 4231 poeniteutiae

351 4247 532 4324 defecerunt,
550 4264 619 4305 uon
635 4264 678 4306 eac
694 4266 731 4308 eo
752 4246 1011 4308 necessitatem
1034 4247 1255 4318 habueruut,
1277 4242 1366 4320 quia
1377 4246 1538 4318 praede·

351 4335 492 4396 stiuute‘
506 4357 581 4397 nou
597 4344 700 4397 suut:
715 4341 768 4397 sed
783 4337 850 4398 ideo
864 4336 1084 4415 praedestinati
1098 4355 1159 4395 uou
1174 4342 1253 4417 suut,
1270 4332 1358 4411 quia
1373 4335 1540 4412 tales'fu·

352 4426 432 4486 turi
447 4447 491 4487 eac
505 4427 722 4487 uoluntaria
732 4427 1064 4504 praevaricatione
1074 4424 1264 4502 praesciti
1279 4424 1430 4486 santos.
1443 4427 1538 4502 Resp.

351 4521 394 4578 ad
409 4522 439 4580 2.
456 4519 513 4597 οζή.
535 4518 668 4579 Viuceut.
686 4539 711 4579 c.
723 4516 799 4582 209.
812 4529 844 4580 et
859 4519 898 4582 el.
909 4518 987 4600 -⁴)
1004 4517 1049 4578 of.
1068 4516 1244 4579 Tournel.
1264 4516 1352 4579 Ouas.
1369 4517 1454 4577 tlteol.
1473 4517 1538 4578 002.

353 4608 481 4688 euripo.
500 4604 596 4671 1752.
629 4610 667 4670 T.
686 4607 763 4691 l.p.
783 4606 905 4672 203ss.
927 4644 971 4657 -
994 4603 1072 4694 Β)0.
1099 4611 1148 4670 25.
1181 4606 1315 4681 Monoi,
1348 4603 1423 4668 Oott.
1448 4607 1538 4669 Ome.

352 4700 390 4761 T.
408 4697 440 4764 8.
457 4720 482 4759 o.
502 4695 564 4761 717
583 4719 624 4761 ss.
648 4736 691 4747 -
712 4703 740 4779 ⁶)
760 4703 834 4765 Gau.
850 4703 880 4761 3.
897 4698 943 4762 ib.
961 4699 1000 4761 T.
1017 4695 1068 4761 15.
1087 4721 1111 4762 o.
1127 4696 1171 4764 4.·
1184 4698 1229 4761 of.
1247 4697 1354 4762 (lone.
1370 4698 1537 4777 Mogont.

351 4789 395 4851 II.
411 4811 439 4853 a.
456 4787 531 4852 848.
546 4791 594 4852 Ib.
610 4792 649 4852 T.
669 4789 719 4854 14.
736 4813 761 4855 c.
778 4788 845 4858 914
861 4813 884 4859 s.-
902 4789 1009 4855 (lonc.
1027 4789 1142 4855 caris.
1160 4810 1187 4851 a.
1206 4785 1281 4855 849.
1299 4792 1361 4853 αθ.
1372 4787 1418 4852 lb.
1427 4808 1453 4853 o.
1462 4786 1539 4854 921.
1615 4805 1619 4811 '

357 4882 382 4963 ⁷)
399 4881 481 4947 Sese.
500 4885 527 4948 6.
545 4901 612 4951 ean.
628 4887 693 4949 13..
