3775 5625
1459 410 1525 486 459
1539 438 1542 443 ·

337 589 443 677 itaque
465 613 525 676 pro
547 612 627 656 vana
647 605 700 656 tua
720 592 834 656 fiducia
867 613 1018 676 peccare,
1051 594 1108 656 sed
1139 592 1243 680 magis
1274 593 1342 658 sine
1366 615 1455 658 mora
1488 593 1526 656 ad

337 701 441 766 Deum
464 713 668 774 convertere,
692 714 725 765 ut
747 701 796 765 sic
815 722 857 765 ex
873 700 1002 765 sincera
1018 713 1072 765 tua
1086 701 1309 786 resipiscentia
1324 702 1435 767 veniae
1452 724 1525 787 pcc·

339 823 484 875 catorum
506 822 632 873 tuormn
655 832 746 895 spem
769 810 940 895 concipere
966 810 1083 894 possis,
1118 810 1237 890 Quibus
1269 812 1415 876 doctrina
1436 833 1528 898 quam

338 918 518 983 clarissime
549 920 752 1005 proponitur,
785 919 947 986 contraria
979 932 1081 984 autem
1111 922 1358 986 Protestantium
1389 921 1528 985 funditus

337 1028 502 1094 evertitur.
526 1031 689 1093 Paulus:
714 1032 811 1093 Nilu‘l
832 1034 912 1093 milri
929 1037 1078 1093 conscius
1095 1052 1179 1109 sum;
1205 1040 1271 1094 sed
1291 1037 1369 1093 uon
1394 1038 1434 1093 iu
1460 1035 1529 1094 boo

338 1138 444 1219 (ideo)
453 1143 721 1219 justificatus
745 1145 874 1217 sum¹).
900 1141 991 1219 Quod
1008 1139 1035 1203 si
1051 1141 1182 1213 Paulus,
1205 1140 1359 1227 egregius
1375 1140 1426 1203 ille
1443 1143 1527 1224 Apo·

337 1250 442 1312 stolus
474 1248 607 1322 Christi,
629 1249 659 1311 in
684 1248 802 1333 optima
826 1269 884 1312 sua
909 1249 1121 1323 conscientia,
1143 1250 1182 1313 ‹le
1204 1250 1303 1313 salute
1335 1250 1528 1314 haesitabat:

337 1356 410 1442 quis
432 1357 612 1421 mortalium
643 1380 777 1422 securus
798 1357 854 1433 sit,
877 1358 1001 1443 fideque
1033 1359 1138 1422 divina
1160 1380 1197 1422 ac
1212 1357 1365 1422 infallibili
1381 1358 1476 1433 sciat,
1493 1380 1529 1423 se

337 1488 413 1531 esse
430 1466 664 1550 justificatum?
696 1470 799 1531 Porro
824 1468 895 1531 alibi
928 1468 1056 1531 scribit:
1086 1471 1281 1531 Clarissimi
1295 1474 1370 1549 mei,
1392 1506 1431 1515 -
1449 1489 1530 1531 oum

336 1587 492 1639 metuet
509 1589 679 1640 tremore
695 1591 832 1641 vestram
851 1587 986 1641 salutem
1003 1584 1181 1658 operamini
1195 1579 1232 1656 ²).
1255 1582 1356 1663 Atque
1373 1580 1528 1641 Petrus:

339 1685 550 1764 Quapropter
569 1688 697 1760 fratres
720 1693 822 1764 mapis
837 1694 1024 1766 satopite,
1048 1700 1090 1750 ut
1101 1709 1175 1766 per
1191 1694 1289 1749 boue
1306 1708 1422 1767 opero
1439 1709 1527 1749 cer·-

338 1807 416 1857 tam
432 1799 1185 1868 vestrumvocatiouem‚eteleetiouem
1200 1796 1423 1875 faciatis³).
1446 1796 1528 1873 Quo·

337 1903 436 1965 modo
460 1915 564 1966 autem
586 1925 757 1987 possemus
778 1904 958 1978 admoneri,
983 1927 1053 1967 cunr
1076 1916 1161 1967 metu
1184 1916 1216 1968 et
1239 1916 1379 1967 tremore
1396 1905 1530 1968 salutem

338 2023 485 2075 nostram
502 2012 644 2096 operari,
661 2026 714 2076 aut
730 2035 806 2076 vero
824 2035 881 2098 per
898 2014 1120 2088 constantiam,
1136 2008 1353 2098 prudentiam,
1371 2013 1529 2076 abstinen-

338 2120 430 2194 tiam,
454 2133 530 2195 etc.,
553 2143 631 2206 quas
652 2124 712 2186 sub
729 2123 822 2187 bonis
840 2124 991 2208 operibus
1009 2145 1050 2188 ex
1068 2136 1219 2187 contextu
1237 2126 1269 2187 S.
1287 2125 1401 2187 Petrus
1417 2122 1529 2185 intelli·

338 2230 401 2319 git,
422 2230 624 2294 vocationem
640 2244 672 2294 ct
688 2232 876 2296 electionem
900 2246 1020 2297 certam
1037 2234 1186 2305 reddere3
1213 2232 1241 2295 si
1258 2233 1296 2295 de
1312 2244 1426 2295 nostra
1436 2230 1529 2315 justi·

338 2339 505 2413 ficatione‚
528 2353 560 2403 et
580 2339 652 2403 ideo
675 2340 769 2405 etiam
787 2345 825 2406 de
842 2355 954 2407 nostra
986 2356 1115 2407 aeterna
1147 2342 1295 2406 felicitato
1312 2342 1456 2406 absolute
1474 2362 1531 2406 seu

338 2449 521 2514 infallibiter
539 2450 618 2513 certi
635 2472 708 2514 csse
727 2473 913 2535 possemus,
931 2453 995 2516 imo
1014 2454 1213 2516 deberemus.

434 2562 489 2621 ·B.
514 2558 659 2621 Unanimi
683 2582 846 2623 consensu
867 2564 926 2625 SS.
951 2564 1111 2626 Petrum.
1137 2561 1341 2646 Reliquorum
1358 2564 1430 2625 loco
1447 2561 1479 2623 in
1495 2583 1530 2626 re

338 2690 398 2755 per
416 2689 452 2731 se
469 2669 560 2752 plana
583 2669 782 2734 nominamus
806 2683 926 2734 tantum
961 2673 1308 2749 Theodoretum⁴);
1341 2670 1530 2755 Hierony-

339 2799 454 2854 mum,
477 2778 529 2864 qui
546 2778 603 2854 ail,
620 2781 658 2844 de
670 2780 795 2865 justitia
812 2794 865 2845 aut
881 2782 1043 2873 impietate
1074 2795 1221 2846 eertum
1244 2786 1443 2863 judicium
1470 2801 1531 2844 so-

339 2891 419 2951 lius
435 2894 510 2952 Dei
526 2891 657 2969 esse⁵);
675 2891 949 2976 Angustinnm,
967 2894 1058 2976 cujus
1076 2893 1173 2955 verba
1188 2903 1278 2955 sunt:
1296 2895 1337 2953 Iu
1351 2897 1411 2954 isto
1424 2903 1531 2955 teuta-

339 3005 463 3063 tionum
483 3006 553 3062 toeo
570 3012 661 3063 tauto
682 3013 731 3062 est
750 3004 935 3081 infirmium·
957 3014 994 3064 ut
1014 3007 1233 3081 superbiam
1260 3006 1390 3079 possit
1416 3021 1530 3078 peue-

338 3131 435 3171 rare
451 3114 704 3187 securitus⁶);
729 3130 829 3192 porro
847 3109 1085 3195 Gregorinm
1102 3110 1141 3174 Μ.
1152 3115 1177 3188 ⁷)
1196 3121 1228 3172 et
1244 3110 1530 3187 bernardum).

450 3269 475 3357 ¹)
495 3272 613 3335 LOor.
630 3271 661 3355 4,
677 3272 709 3339 4.
726 3310 770 3320 -
787 3276 812 3354 ²)
829 3275 908 3334 Phil.
926 3273 957 3348 2,
977 3272 1027 3339 12.
1055 3275 1098 3336 cf.
1129 3270 1530 3358 1.Petr.1,1l.-³)2.

338 3357 535 3439 Petr.1,1'0
565 3403 605 3410 -
625 3360 651 3449 4)
672 3365 782 3426 Oomm.
799 3367 833 3424 in
849 3370 876 3427 1.
896 3366 966 3427 Cor.
984 3388 1007 3427 c.
1024 3370 1053 3427 4.
1070 3371 1100 3430 4,
1119 3366 1198 3446 Opp.
1218 3363 1256 3427 T.
1275 3363 1304 3428 3.
1323 3388 1349 3426 c.
1370 3364 1443 3428 137.
1469 3367 1530 3426 Ubi

339 3477 487 3519 enarrans
503 3452 576 3516 illud
592 3458 748 3536 Apostoli:
783 3457 891 3532 „Nihil
904 3457 981 3517 milti
997 3458 1136 3517 conscius
1152 3459 1258 3516 smffl:
1288 3458 1376 3533 Etsi,
1393 3458 1448 3531 ait,
1465 3459 1531 3516 nul-

339 3551 402 3610 lius
416 3547 592 3624 iniquitatis
608 3549 667 3608 sim
683 3550 838 3630 conscius,
862 3556 960 3608 tamem
975 3570 1027 3607 iaec
1035 3549 1181 3626 judicare
1195 3568 1241 3609 me
1257 3549 1371 3629 ipsum,
1396 3569 1460 3608 mec
1482 3569 1533 3608 me

338 3649 527 3720 ¹apeecctto
551 3641 744 3701 immunem
762 3642 1013 3715 pronuntiare
1028 3640 1061 3700 im
1077 3641 1212 3700 animum
1228 3641 1385 3716 inducam,
1403 3643 1457 3699 sed
1471 3639 1533 3700 Dei

339 3731 518 3794 seutentiam
548 3734 732 3809 eaespectabm
765 3734 862 3810 Saepe
882 3733 961 3792 euim
983 3733 1091 3803 evenit,
1113 3740 1153 3792 ut
1175 3732 1286 3792 eiiam
1306 3732 1532 3808 ipuorautes

337 3831 505 3904 peccent,
540 3843 689 3898 aequum
714 3825 778 3882 doc
804 3844 881 3884 esse
897 3826 1116 3902 justumque
1156 3823 1429 3884 emistimantes.
1464 3821 1534 3882 Sed

337 3919 406 3977 boo
422 3915 537 3973 aliter
551 3913 653 3973 uidet
666 3915 923 3975 universorum
939 3918 1050 3974 Deus.
1069 3950 1110 3960 -
1128 3915 1153 3993 ⁵)
1170 3916 1246 3974 Ado.
1264 3916 1368 3989 Peiop.
1387 3916 1406 3972 l.
1419 3917 1448 3972 2.
1459 3934 1488 3972 u.
1501 3915 1530 3973 5.

339 4006 426 4087 Opp.
444 4007 482 4064 T.
501 4003 531 4069 2.
550 4026 575 4067 c.
595 4002 668 4067 748.
687 4004 731 4065 Of.
749 4009 790 4065 In
804 4009 869 4066 Jer.
888 4010 936 4079 13,
955 4010 996 4065 12
1013 4025 1054 4064 ss.
1073 4007 1110 4065 T.
1128 4003 1158 4065 4.
1176 4026 1201 4064 c.
1219 4002 1294 4066 932.
1313 4040 1354 4048 -
1373 4005 1400 4084 ⁶)
1410 4006 1457 4063 De
1468 4022 1530 4062 cor-

337 4104 416 4174 rept.
434 4103 596 4172 etpumia.
615 4101 666 4157 13.
684 4118 714 4156 u.
730 4101 780 4158 40.
813 4099 851 4158 Τ.
871 4095 922 4160 10.
940 4118 964 4158 c.
984 4094 1057 4158 772.
1074 4130 1117 4141 —
1135 4092 1160 4181 ⁷)
1176 4098 1213 4155 L.
1232 4099 1259 4154 7.
1277 4095 1362 4170 epist.
1383 4098 1434 4159 27.
1451 4092 1531 4174 Opp.

337 4191 378 4250 Τ.
398 4186 430 4250 2.
449 4208 473 4248 c.
491 4185 567 4250 869.
603 4187 692 4257 Quod
713 4207 782 4248 uero
801 4190 925 4248 dulcedo
941 4195 993 4246 tua
1009 4187 1043 4245 in
1059 4187 1124 4247 suis
1140 4186 1276 4261 epistolis
1293 4185 1462 4263 subjunxit,
1477 4185 1531 4245 im·

330 4288 503 4358 pwiuraam
518 4299 550 4337 se
565 4279 642 4337 milri
651 4281 801 4349 emsistere,
812 4282 911 4354 quoad
926 4299 1021 4353 usque
1036 4278 1176 4352 scribom,
1193 4275 1269 4336 milti
1285 4296 1348 4335 esse
1363 4278 1531 4347 revelatum,

336 4370 860 4449 quippeeeatamaremissasum
893 4389 969 4428 rem
1001 4369 1209 4446 difficilem
1241 4368 1348 4426 etiam
1369 4375 1401 4425 et
1421 4368 1532 4427 inuii-

336 4467 407 4523 lem
418 4460 594 4536 postulasti.
619 4460 788 4539 Difficilem
805 4461 934 4536 quidem,
952 4459 1025 4536 quia
1041 4479 1094 4536 epo
1109 4459 1254 4536 indipnus
1270 4479 1350 4532 sum,
1373 4458 1423 4516 eui
1437 4478 1532 4517 reve-

336 4553 439 4614 latio
462 4551 530 4622 rteri
553 4553 662 4611 debeat.
688 4553 830 4611 Inutilem
853 4571 936 4624 vero,
961 4551 1034 4626 quia
1057 4569 1163 4609 secura
1189 4554 1224 4609 de
1239 4549 1372 4626 peccatis
1390 4549 1451 4608 tuis
1459 4548 1534 4626 fieri

334 4665 400 4705 mou
417 4645 517 4716 debes,
542 4643 606 4701 uisi
622 4664 687 4702 cum
694 4646 764 4721 jam
779 4643 813 4701 iu
830 4642 878 4702 die
893 4642 971 4702 vitae
986 4648 1036 4700 tuo
1052 4642 1168 4717 ultimo,
1188 4643 1333 4717 planpere
1348 4643 1451 4700 eodem
1465 4661 1531 4718 peo-

335 4742 408 4809 cata
431 4734 555 4795 minime
578 4733 700 4796 valebis.
728 4733 832 4802 Quae
856 4733 933 4793 dies
958 4753 1145 4808 quousque
1164 4732 1299 4803 oemioi,
1318 4750 1463 4806 semper
1479 4752 1531 4790 su·

335 4833 482 4904 specta,
500 4844 641 4898 semper
657 4826 808 4899 trepida
822 4832 977 4884 metuere
1002 4826 1131 4898 culpes
1155 4827 1274 4904 debes,
1291 4830 1378 4898 atque
1394 4842 1445 4881 eos
1461 4843 1532 4898 quo·

336 4917 473 4979 tidianis
496 4916 620 4993 fletibus
641 4919 752 4975 lavare.
770 4953 810 4965 -
832 4913 858 4993 Β)
874 4915 973 4980 Serm.
991 4919 1020 4978 1.
1039 4918 1075 4974 de
1091 4915 1233 4994 Septuap.
1251 4935 1281 4976 n.
1299 4919 1328 4989 1.
1347 4911 1427 5013 Opp.
1444 4915 1482 4974 Τ.
1499 4912 1533 4997 3.
