3775 5625
1472 396 1537 472 511

460 573 594 639 dduot.
620 570 649 640 1.
665 572 883 635 Protestautes
900 572 1036 653 quidam,
1058 573 1108 652 qui
1124 582 1273 652 perpetuo
1291 575 1326 639 S.
1344 574 1539 652 scripturam

351 695 506 762 tamquam
523 686 642 745 unicam
664 685 735 744 fidei
755 686 896 763 regulam
924 686 1046 759 jactare
1078 685 1195 754 solent,
1227 684 1404 743 debuissent
1435 685 1539 762 utiquo

351 814 439 855 suam
457 795 494 853 de
505 795 569 864 ,lide
586 796 653 853 sola
664 794 855 869 justificante
888 795 1072 853 senteutiam
1105 804 1192 853 certo
1226 793 1324 871 aliquo
1342 803 1539 870 etexpreaao

351 904 537 980 Scripturae
553 903 728 963 testimonio
745 903 888 979 probare.
910 903 1027 962 Verum
1044 922 1191 980 nusquam
1208 902 1358 962 hactenus
1375 904 1539 962 ostendero

349 1022 531 1091 potuerunt,
553 1031 661 1072 vocem
678 1011 762 1090 eolo,
788 1030 856 1071 cum
874 1012 910 1070 de
928 1012 987 1071 fide
999 1012 1191 1086 justificante
1209 1011 1331 1089 agitur,
1348 1011 1378 1069 in
1396 1011 1458 1071 SS.
1474 1012 1538 1070 Lit-

350 1122 430 1182 teris
447 1121 611 1182 contineri.
628 1121 784 1180 liutherus
801 1121 921 1197 quidem
937 1121 1021 1179 illam
1036 1121 1068 1179 in
1084 1120 1227 1179 versione
1244 1120 1425 1198 germanice
1440 1121 1538 1179 ltom.

348 1226 381 1302 3,
399 1227 453 1291 24.
472 1230 600 1300 addidit,
618 1240 650 1290 at
666 1240 775 1291 contra
799 1231 889 1289 fidem
911 1231 1044 1289 omnium
1066 1239 1129 1289 tum
1150 1248 1336 1308 graecorum
1352 1239 1415 1288 tum
1430 1230 1538 1289 latino·

347 1358 417 1397 rum
436 1340 584 1399 codicum.
602 1338 687 1413 Quod
704 1358 801 1417 neque
818 1339 896 1415 ipse,
914 1357 983 1398 cum
1000 1339 1057 1398 hac
1074 1339 1111 1397 de
1128 1358 1162 1396 re
1181 1348 1266 1397 esset
1281 1340 1469 1415 postulatus,
1487 1358 1539 1399 ue·

348 1467 429 1527 gare
455 1448 568 1525 potnit,
595 1449 649 1508 sed
666 1467 722 1525 pro
739 1467 792 1516 ea,
819 1466 877 1525 qua
894 1457 963 1507 erat
979 1448 1144 1517 modestid,
1160 1448 1334 1525 respondit:
1360 1444 1419 1508 Sic
1446 1452 1536 1528 oolo,

346 1559 519 1636 eicjodem
538 1566 604 1618 etot
614 1576 675 1634 pro
693 1560 821 1617 ratione
836 1557 996 1618 noluntas.

457 1667 591 1728 Adnot.
608 1664 641 1727 2.
657 1669 724 1725 Non
741 1668 914 1744 deprimere
930 1668 1103 1727 Ecclesiam
1122 1668 1310 1728 catholicam
1326 1686 1381 1744 per
1398 1686 1485 1726 suam
1502 1667 1538 1725 de

346 1776 537 1835 necessitate
555 1777 765 1853 dispositionis
782 1778 819 1836 ad
830 1777 1086 1851 justificationem
1112 1777 1256 1836 auxilium
1277 1778 1353 1847 Dei,
1380 1794 1477 1853 neque
1494 1776 1538 1834 in·

339 1884 460 1959 juriam
477 1903 547 1943 csse
563 1886 594 1944 in
611 1886 722 1945 merite
739 1886 873 1954 Christi,
897 1905 952 1963 per
970 1905 1005 1945 se
1022 1886 1285 1946 evidentissimum
1302 1895 1368 1955 est3
1393 1904 1484 1962 quum
1500 1904 1539 1943 ex

346 2012 407 2052 nna
438 2003 526 2070 parte
558 1995 740 2065 virtutibus,
767 2014 842 2073 ques
864 1997 900 2055 ad
924 1997 1007 2054 illam
1028 1996 1176 2072 requirit,
1205 1995 1349 2054 meritum
1372 2013 1480 2053 verum
1502 2012 1539 2054 ac

344 2104 507 2181 proprium
528 2122 585 2163 seu
604 2110 643 2163 de
658 2107 816 2181 condigno
838 2105 918 2164 haud
941 2098 1106 2174 dttribuat,
1128 2114 1159 2163 et
1176 2123 1214 2163 ex
1231 2106 1331 2164 altera
1347 2114 1436 2181 parte
1452 2105 1538 2180 ipsos

346 2223 437 2273 actus
461 2213 569 2272 barum
588 2213 737 2273 virtutum
758 2214 881 2292 gratiae
904 2214 1024 2273 divinae
1042 2214 1129 2273 nobis
1146 2215 1183 2272 ob
1202 2214 1312 2273 merite
1330 2213 1449 2273 Christi
1465 2231 1537 2273 con-

346 2341 474 2393 cessae,
492 2323 523 2381 iu
541 2324 678 2401 acceptis
695 2323 824 2385 referat.

345 2564 490 2655 §.tte
502 2565 662 2637 Gratia
677 2565 879 2637 actualis
896 2567 1142 2640 sufficiens
1156 2566 1371 2637 omnibus
1388 2568 1538 2641 datur.

456 2756 564 2824 Gratia
574 2755 774 2842 justificans,
795 2760 1059 2844 quemadmodum
1076 2758 1107 2822 in
1124 2757 1391 2844 praecedentibus
1407 2758 1537 2822 demon·

344 2867 533 2943 stravimus,
556 2866 684 2931 nonnisi
706 2866 827 2954 dignis,
850 2889 909 2932 seu
925 2870 966 2932 ad
981 2869 1065 2932 illam
1087 2867 1302 2951 recipiendam
1320 2865 1483 2950 dispositis
1500 2887 1538 2930 ac

346 2976 547 3062 praeparetis
579 2975 775 3041 conceditur.
808 2976 877 3040 Tali
909 2976 1086 3040 conditioni
1118 2988 1223 3039 autem
1254 2975 1382 3062 largitio
1413 2975 1537 3062 gratiae

347 3085 481 3152 actualis
512 3085 666 3151 adstricta
697 3105 771 3149 esse
802 3085 924 3170 nequit;
958 3085 1106 3171 quoniam
1131 3084 1254 3148 isthaec
1270 3084 1374 3171 gretie
1390 3087 1429 3148 ad
1446 3105 1539 3148 omne

346 3196 468 3259 bonum
484 3217 580 3280 opus
612 3197 767 3269 salutare,
789 3215 848 3258 seu
867 3194 956 3270 illud,
977 3197 1062 3281 quod
1079 3196 1119 3258 ad
1134 3193 1358 3258 beatitudinem
1375 3206 1407 3257 et
1422 3193 1538 3258 sancti·

345 3303 529 3382 ficationem
553 3317 696 3369 nostram
715 3304 868 3378 refertur,
893 3304 1023 3368 omnino
1040 3317 1091 3369 est
1106 3302 1308 3378 necessaria,
1326 3303 1466 3397 adeoque
1482 3323 1539 3365 no·

346 3413 398 3478 bis
421 3428 551 3497 praesto
573 3435 647 3479 εεεε
672 3415 818 3488 deberet,
841 3426 1008 3499 antequam
1039 3412 1134 3477 nobis
1165 3425 1295 3496 praesto
1320 3432 1393 3476 csse
1418 3423 1540 3496 posset,

347 3525 435 3609 quod
451 3536 591 3589 statuere
614 3524 769 3587 insulsum
791 3536 850 3587 cst.
884 3523 992 3599 Gratia
1008 3524 1112 3609 itaque
1131 3521 1263 3586 actualis
1280 3521 1373 3585 nobis
1391 3520 1539 3585 concedi·

347 3646 401 3697 tur
418 3632 487 3696 sine
503 3635 564 3697 ulla
580 3654 622 3698 ex
637 3645 729 3717 perte
744 3632 848 3697 nostri
863 3632 1126 3718 praeparatione,
1159 3631 1407 3716 concediturque
1441 3629 1539 3693 omni·

346 3743 427 3818 bus,
443 3743 496 3828 qui
513 3764 551 3807 ea
566 3742 720 3830 indigent.

459 3856 655 3915 Contrarium
687 3855 853 3916 defendunt
882 3855 1149 3924 Jansenistae,
1182 3855 1233 3931 qui
1257 3853 1459 3923 contendunt,
1490 3854 1540 3911 vel

345 3965 426 4042 ipsis
438 3964 542 4046 justis,
558 3967 656 4043 iisque
673 3966 846 4024 volentibus
863 3975 895 4024 et
911 3966 1092 4025 conantibus
1108 3965 1259 4023 interdum
1278 3964 1387 4022 deesse
1405 3962 1539 4040 gratiam

346 4076 425 4144 Dei,
449 4093 508 4152 que
528 4075 649 4152 possint
670 4084 837 4151 praecepta
853 4076 956 4134 diviua
973 4075 1155 4150 adimplere,
1172 4083 1205 4132 et
1219 4073 1314 4130 multo
1331 4071 1431 4148 magis
1448 4071 1477 4129 id
1495 4071 1539 4129 af·

347 4185 475 4244 firmant
490 4184 526 4242 de
543 4183 761 4260 peccatoribus
778 4183 933 4253 fidelibus,
950 4183 1100 4260 imprimis
1117 4183 1154 4241 dc
1170 4181 1271 4257 impiis
1287 4179 1361 4248 illis,
1379 4179 1429 4256 qui
1444 4180 1539 4257 vulgo

347 4293 511 4352 obcaecati
527 4302 559 4351 et
573 4293 709 4351 indurati
726 4293 865 4361 audiunt,
883 4311 978 4369 acque
997 4310 1032 4351 ao
1048 4290 1232 4350 infidelibus.

457 4403 549 4460 Prior
575 4404 730 4461 sententia
756 4403 792 4460 ab
819 4401 963 4462 Ecclesia
994 4395 1111 4459 diserte
1128 4399 1247 4473 rejecta
1264 4407 1327 4469 est,
1344 4399 1388 4456 ita
1404 4409 1437 4458 ut
1453 4398 1539 4458 salva

347 4513 408 4571 lide
426 4512 546 4570 defendi
563 4521 702 4589 nequeat.
729 4510 833 4585 Quoad
849 4520 1033 4588 peccatores
1058 4518 1159 4567 antem
1176 4509 1336 4567 induratos
1353 4517 1384 4567 et
1400 4507 1539 4566 infideles

347 4621 555 4680 definitionem
580 4620 725 4681 Ecclesia
748 4620 868 4697 quidem
893 4639 953 4678 non
978 4619 1046 4678 tulit
1054 4641 1063 4688 3
1090 4627 1138 4676 ast
1155 4617 1324 4677 communis
1341 4626 1390 4676 est
1406 4616 1538 4676 Theolo-

346 4750 462 4810 gorum
479 4733 627 4800 omnium,
644 4732 671 4789 si
687 4731 868 4807 pancissimi
884 4730 1092 4806 excipiantur,
1110 4727 1275 4798 sententia,
1292 4727 1383 4785 etiarn
1401 4725 1459 4794 bis,
1477 4737 1539 4786 tam

344 4841 566 4922 peccatoribus
583 4861 671 4921 quam
687 4841 871 4912 infidelibus,
887 4839 1021 4919 gratiam
1037 4858 1109 4898 vere
1127 4838 1342 4907 sufficientem,
1358 4846 1393 4898 ut
1408 4836 1539 4898 salutem
