3775 5625
1518 412 1544 476 *9

343 576 591 666 propagationis
601 595 707 640 noxae
717 573 884 661 originalis
900 574 933 638 in
943 573 1090 639 homines
1101 574 1258 663 singulos,
1275 576 1359 661 quod
1375 575 1446 661 ipsa
1462 598 1544 642 sem·

343 711 403 775 per
414 687 565 775 professa
577 698 637 759 est,
654 686 800 770 quodque
810 684 895 749 lacto
912 684 957 748 illi
971 684 1159 766 innititur¹).
1191 684 1301 771 Neque
1317 684 1402 750 illam
1418 685 1544 751 univer·

345 800 447 865 salem
473 797 569 861 iidem
598 793 766 859 Ecclesiae
796 792 950 859 haeretici
977 807 1106 881 negant,
1136 806 1229 880 atque
1260 794 1474 880 Peyrerins
1512 796 1545 861 in

343 911 454 989 Epist.
473 914 517 969 od
529 909 769 969 Philolhimum
785 916 894 989 aperte
910 904 1018 969 fassus
1034 915 1094 978 est,
1115 906 1296 983 Theoloyos
1312 911 1547 971 eonsentientes

346 1037 554 1099 oppugnasse
578 1022 695 1078 librum
723 1036 819 1076 saum
863 1019 1116 1078 auctoritatibus
1150 1012 1215 1076 SS.
1239 1016 1399 1095 Petrum,
1427 1036 1544 1079 sacro·

345 1139 596 1206 sanctorumque
618 1125 853 1197 Consiliorum,
880 1144 939 1187 nec
967 1145 1033 1187 non
1053 1129 1233 1187 uniuersali
1253 1143 1412 1186 consensa
1444 1131 1547 1189 totius

343 1238 516 1299 Ecclesiae
534 1236 788 1311 Christianam.
812 1231 902 1297 Unde
915 1231 1043 1320 singula
1054 1231 1248 1319 antiquitatis
1261 1231 1445 1299 testimonia
1458 1234 1544 1300 exci-

343 1359 425 1420 tare,
450 1343 647 1428 superlluum
666 1362 847 1406 censemus.

456 1455 492 1517 O.
509 1453 676 1517 Accedunt
696 1450 757 1516 alia
772 1463 978 1538 argumenta,
1003 1472 1045 1515 ex
1065 1451 1172 1516 indole
1192 1451 1384 1540 linguarum,
1401 1464 1434 1516 et
1450 1452 1545 1518 tradi·

344 1566 469 1631 tionum
485 1583 652 1629 sacrarum
668 1560 749 1626 mira
765 1560 996 1636 consensione,
1012 1581 1113 1645 porro
1130 1581 1172 1626 ex
1187 1560 1321 1626 historia
1337 1562 1545 1649 propagatio·

344 1676 394 1741 nis
411 1673 544 1763 generis
559 1670 689 1736 humani
704 1692 762 1756 per
786 1671 899 1735 orbem
924 1682 1094 1745 terrarum,
1119 1692 1264 1736 necnon
1286 1692 1328 1736 ex
1352 1672 1547 1738 adcuraliori

342 1785 502 1851 historiae
518 1781 671 1847 naturalis
688 1802 726 1846 ac
743 1779 916 1868 zoologise
934 1780 1051 1846 studio.
1068 1780 1148 1844 Nam

454 1893 483 1957 1.
501 1892 704 1977 exploratum
719 1902 784 1964 est,
808 1889 935 1978 linguas
953 1909 1065 1954 omnes
1089 1889 1128 1953 ad
1144 1891 1223 1955 duas
1244 1890 1453 1976 praecipuas,
1477 1890 1546 1956 sive

343 2017 482 2079 matres,
498 2015 534 2066 ut
549 2014 681 2076 vocant,
699 2021 737 2066 ac
752 1998 931 2085 primitivas
952 2000 1101 2065 revocari
1118 2021 1136 2065 a
1151 2000 1344 2089 philologis,
1368 2001 1546 2067 semiticam

345 2128 376 2179 et
387 2112 602 2200 japheticam‚
619 2123 652 2176 et
666 2112 725 2175 has
741 2110 857 2175 iterum
874 2112 983 2196 plures
999 2110 1143 2187 radices,
1159 2110 1224 2175 imo
1241 2124 1273 2177 et
1287 2132 1387 2177 voces
1405 2133 1545 2177 commu·

345 2245 403 2289 nes
419 2224 555 2296 hahere,
577 2220 606 2286 si
621 2240 721 2305 parva
737 2218 916 2304 excipiatur
937 2218 1084 2295 inllexio,
1106 2241 1166 2286 nec
1189 2243 1254 2286 non
1274 2221 1434 2286 interdum
1456 2220 1545 2305 ipsas

345 2334 469 2398 lormas
485 2343 517 2394 et
537 2328 776 2418 grammaticale
792 2341 942 2414 systema.
967 2330 1020 2393 Ex
1041 2351 1102 2415 quo
1124 2330 1310 2395 necessario
1328 2329 1545 2416 consequitur,

345 2464 441 2508 unam
457 2441 654 2526 eandemque
670 2438 811 2503 omnium
832 2440 1026 2524 populorum
1047 2440 1184 2524 primam
1211 2440 1311 2506 luisse
1334 2440 1490 2528 linguam,
1514 2453 1547 2505 et

346 2552 420 2617 hinc
438 2551 558 2637 pariter
574 2571 669 2615 unam
687 2549 829 2615 omnium
845 2549 989 2636 gentium
1006 2549 1174 2637 originem.

452 2661 483 2726 2.
505 2662 622 2727 Omnes
647 2659 794 2745 antiquae
818 2659 1112 2747 anthropogouiae‚
1152 2682 1230 2747 quas
1255 2661 1348 2727 nohis
1368 2668 1485 2747 poetae
1515 2674 1547 2727 et

347 2770 495 2838 historici
511 2782 697 2846 servarunt,
721 2790 863 2835 necnon
880 2770 1069 2837 traditiones
1087 2770 1228 2838 omnium
1249 2773 1458 2858 populorum,
1481 2793 1546 2838 nou

349 2882 445 2947 modo
467 2880 696 2966 antiquiorum,
724 2882 782 2944 sed
812 2892 843 2944 et
863 2881 1082 2946 recentiorum
1107 2881 1193 2947 idem
1225 2881 1433 2957 confirmant,
1467 2902 1547 2969 quae

350 3012 463 3056 omnes
481 2989 772 3077 anthropogoniam
788 2989 965 3055 Mosaicam
980 3012 1117 3075 prorsus
1134 2991 1323 3072 referunt³).

455 3100 486 3166 3.
506 3099 669 3165 Historiae
690 3121 819 3176 omnes,
844 3122 924 3188 quae
953 3100 1152 3167 coloniarum
1175 3101 1477 3190 transmigrationes
1506 3122 1548 3166 ex

349 3211 436 3286 lisia,
454 3209 612 3276 Chaldaea
627 3209 828 3294 praesertim,
844 3209 1026 3285 Phoenicia,
1043 3214 1204 3298 Aegypto,
1222 3211 1369 3286 Graecia,
1391 3223 1452 3276 etc.
1473 3232 1546 3275 nar·

349 3334 436 3396 rant,
459 3331 561 3384 testes
578 3320 702 3384 saltem
714 3332 789 3384 sunt
803 3319 1085 3395 luculentissimae,
1106 3322 1245 3406 populos
1263 3341 1374 3386 omnes
1397 3320 1547 3406 paulatim

349 3451 390 3494 ex
404 3427 493 3493 tenui
508 3427 667 3513 principio
685 3440 820 3493 exortos
838 3429 1035 3504 excrevisse,
1052 3442 1085 3494 et
1102 3429 1260 3517 originem
1275 3451 1476 3494 communem
1492 3431 1546 3495 ha·

350 3538 468 3613 baisse,
485 3550 582 3624 prout
598 3558 616 3601 a
630 3538 744 3624 Moyse
759 3538 934 3603 memoriae
951 3539 1108 3624 proditur.

455 3649 485 3714 4.
506 3650 575 3714 Nec
595 3669 660 3711 non
679 3645 785 3733 ipsum
806 3649 987 3714 adcuratius
1014 3648 1169 3713 historiae
1186 3648 1354 3725 naturalis,
1379 3650 1447 3714 sive
1469 3671 1546 3714 zoo-

348 3757 456 3845 logiae
472 3758 612 3823 studium
628 3758 816 3823 necessario
839 3759 878 3823 ad
895 3758 1048 3823 unitatem
1063 3757 1193 3823 humani
1213 3758 1344 3845 generis
1366 3780 1546 3847 agnoscen-

348 3868 420 3931 dam
453 3866 547 3932 ducit.
587 3868 697 3931 Nullae
731 3867 815 3931 enim
849 3868 1024 3943 exsistunt,
1053 3881 1088 3932 ut
1126 3868 1278 3932 observat
1310 3870 1347 3933 cl.
1379 3869 1546 3934 Blumen·

348 3978 464 4050 hach‚
494 3989 590 4041 notae
617 3975 785 4061 propriae,
818 3998 836 4042 e
866 3977 980 4062 quibus
1009 3977 1138 4042 diversa
1166 3976 1293 4062 species
1321 3978 1390 4041 erui
1423 3989 1547 4062 posset.

348 4085 562 4151 -Colorem
583 4097 616 4149 et
636 4085 925 4151 conformationem
946 4088 1105 4152 diversam
1128 4086 1276 4172 corporis
1294 4086 1434 4162 humaui,
1451 4085 1546 4171 capil-

348 4196 454 4258 lorum
470 4193 608 4270 scilicet,
631 4196 755 4271 calvae,
777 4209 870 4283 atque
892 4196 1000 4285 anguli
1016 4194 1173 4282 imprimis
1196 4195 1264 4260 oris
1279 4195 1420 4270 humani,
1442 4194 1546 4280 dispa-

350 4325 417 4368 rem
434 4316 645 4380 structuram,
678 4327 720 4370 ex
742 4328 802 4392 qua
819 4318 941 4392 septem
958 4306 1122 4370 homiuum
1143 4327 1265 4395 genera
1288 4303 1413 4392 quidam
1430 4326 1466 4370 se
1483 4316 1546 4369 sta·

442 4508 469 4589 ¹)
486 4506 532 4568 cf.
551 4507 658 4570 Cone.
676 4508 775 4572 Trid.
792 4510 875 4571 Sese.
894 4512 922 4572 5.
940 4512 1036 4570 Deer.
1055 4512 1091 4569 de
1108 4529 1191 4585 pecc.
1214 4508 1324 4586 eripio.
1345 4509 1396 4569 uhi
1411 4505 1547 4570 Adamus

343 4597 468 4670 primus
483 4601 580 4669 tomo,
599 4608 630 4658 et
644 4600 816 4660 universum
831 4621 929 4683 genus
945 4601 1108 4660 humanam
1124 4621 1178 4660 sau
1204 4621 1306 4661 omnes
1321 4601 1458 4660 homines
1483 4602 1548 4680 ejus

345 4707 485 4766 propago
501 4692 758 4769 cognominantur.
780 4687 856 4776 —-²)
875 4691 919 4753 Of.
935 4692 1041 4752 Alex.
1059 4692 1181 4752 Natal.
1197 4690 1492 4755 Hiat.Eccles.Hiat.
1515 4693 1546 4753 V.

356 4780 386 4839 Τ.
402 4780 477 4842 diss.
495 4783 524 4842 3.
545 4780 580 4839 in
596 4785 630 4842 1.
653 4784 756 4842 mund.
772 4789 859 4845 aetat.
880 4784 954 4843 Par.
979 4781 1075 4845 1730.
1098 4780 1137 4845 T.
1157 4781 1184 4844 l.
1207 4805 1237 4863 p.
1258 4777 1299 4843 57
1329 4804 1369 4843 ss.
1394 4817 1434 4828 -
1453 4781 1478 4861 ³)
1501 4781 1546 4843 cf.

356 4866 525 4942 Huetius,
541 4875 716 4934 Dertaonslr.
733 4892 834 4949 many.
846 4893 938 4949 prop.
955 4877 985 4936 4.
1003 4895 1027 4936 c.
1045 4877 1064 4934 5
1080 4895 1121 4936 ss.
1140 4875 1215 4936 Ven.
1236 4870 1332 4935 1733.
1349 4894 1379 4954 p.
1396 4869 1450 4936 84.
1467 4893 1508 4937 ss.
