3775 5625
1496 469 1561 540 128

475 636 504 703 3.
525 637 590 702 lra
612 637 670 702 scu
692 635 952 723 displicentia
971 634 1053 701 Dei.
1100 635 1159 700 Cui
1185 656 1245 701 nos
1266 648 1399 722 propter
1422 636 1561 702 nadvam

355 745 492 818 animas
512 747 616 811 labem
632 746 794 811 obnoxios
811 766 896 819 csse,
918 745 1037 810 diserte
1059 746 1156 809 docet
1176 747 1411 831 Apostolus,
1432 746 1486 811 ubi
1508 746 1561 821 ait,

361 878 439 924 nor
452 878 559 919 amma
576 893 619 904 -
634 862 761 920 naturai
772 859 862 937 filios
877 863 951 918 irae
963 860 1086 935 fuisse,
1104 862 1154 918 uti
1176 864 1304 918 ceteros
1320 857 1360 934 ¹),
1384 868 1477 941 atqua
1494 857 1564 940 jam

369 964 556 1032 necessario
573 985 616 1030 ex
632 977 745 1029 natura
760 964 884 1049 peccati
901 963 1122 1049 consequitur,
1140 964 1224 1049 quod
1239 963 1328 1028 Deus
1345 985 1405 1049 pro
1418 985 1477 1029 sua
1492 963 1561 1030 inli-

377 1075 443 1139 nita
455 1073 619 1140 sanctitate
634 1096 697 1139 non
714 1087 823 1160 potest
838 1096 903 1138 non
921 1074 995 1137 odio
1012 1075 1140 1138 babere.

475 1185 505 1249 4.
536 1185 641 1250 Mors
672 1182 909 1267 corporalis,
942 1181 995 1247 cui
1026 1202 1138 1247 ornnes
1170 1181 1316 1247 homines
1346 1183 1564 1268 cujuscunque

323 1367 327 1374 ¹
391 1292 487 1357 aetatis
507 1304 539 1357 ct
560 1290 753 1357 conditionis
775 1292 920 1365 subsunt,
943 1312 1004 1355 nec
1025 1312 1089 1354 non
1112 1290 1220 1355 variae
1241 1311 1423 1366 aerumnae,
1440 1292 1479 1356 de
1497 1290 1563 1377 qui·

396 1402 443 1466 bus
456 1401 657 1488 conqueritur
673 1400 1004 1474 Ecclesiasticus,
1021 1400 1184 1464 scribens:
1208 1401 1332 1479 dapum
1347 1423 1448 1479 prove
1463 1422 1565 1483 snper

395 1499 462 1591 filios
475 1516 593 1592 Adam,
612 1535 633 1574 o
650 1515 701 1575 die
717 1519 828 1575 esitus
846 1515 1012 1574 devenire
1029 1518 1146 1573 matris
1163 1532 1289 1590 eoram,
1312 1532 1416 1593 usque
1432 1518 1466 1574 tn
1483 1515 1565 1573 diem

398 1624 564 1701 sepulturae
575 1626 614 1701 ²).
630 1622 672 1684 Et
688 1621 777 1685 Job:
794 1622 901 1684 Homo
918 1630 1019 1684 natus
1035 1625 1074 1682 dc
1091 1623 1242 1699 souliers,
1261 1623 1349 1682 treci
1364 1627 1473 1683 civem
1489 1629 1565 1683 tem·

395 1748 467 1809 pire,
483 1733 627 1811 repletur
643 1732 756 1792 multia
771 1737 923 1793 miseriis.
959 1730 1024 1804 Oui
1040 1736 1136 1810 quasi
1150 1732 1223 1810 flos
1239 1732 1417 1809 epreditur,
1435 1739 1469 1793 ct
1483 1752 1565 1793 con·

398 1843 505 1919 trior,
523 1848 557 1902 et
567 1844 658 1920 sopit
670 1841 761 1902 vetut
773 1842 904 1918 urnbro,
923 1848 956 1901 et
969 1846 1180 1921 nunquamin
1197 1841 1308 1900 eodem
1328 1847 1419 1902 statu
1432 1862 1564 1921 pertua·
1608 1884 1612 1892 -

397 1951 478 2026 ναῖ’).
524 1948 615 2027 Quod
638 1948 752 2012 saltem
769 1949 873 2033 quood
889 1960 1025 2011 mortem
1043 1946 1191 2031 corporis
1208 1946 1329 2031 apertis
1344 1947 1453 2012 verbis
1471 1949 1567 2013 docet

399 2055 605 2138 Apostolus:
631 2058 731 2122 Sicut
745 2081 807 2140 per
827 2080 929 2121 unum
954 2065 1114 2120 bominem
1126 2067 1298 2139 peccatum
1313 2064 1348 2119 in
1363 2061 1449 2120 bunc
1465 2080 1565 2122 roun-

398 2163 455 2227 ἀπὶ
477 2174 629 2247 introvit,
652 2176 685 2229 ct
701 2190 763 2249 per
785 2177 957 2250 peccatum
977 2190 1081 2247 mors,
1108 2175 1207 2231 etita
1230 2174 1266 2229 in
1287 2188 1400 2230 omnes
1420 2172 1568 2231 domines

396 2291 467 2338 nors
476 2286 685 2359 pertransiit,
703 2285 738 2340 in
753 2298 816 2361 pao
834 2300 947 2341 omnes
959 2281 1223 2360 peccaverunt⁴).
1262 2280 1383 2362 Atque:
1403 2275 1568 2353 Quoniam

393 2389 501 2458 itidem
513 2410 575 2470 per
591 2394 751 2451 bominem
767 2410 870 2468 mors,
889 2397 922 2451 et
932 2411 994 2470 per
1014 2394 1173 2450 bominem
1189 2394 1389 2450 resurrectio
1413 2396 1565 2450 mortuo·

388 2507 460 2559 ruat.
503 2500 553 2560 Et
581 2505 672 2559 sicut
698 2505 733 2560 io
747 2502 856 2560 Adam
874 2520 985 2561 omnes
1007 2506 1210 2570 intortunium
1241 2505 1289 2560 ita
1305 2506 1339 2560 ct
1366 2503 1401 2558 in
1435 2499 1567 2561 Christo

384 2613 486 2667 tanea
496 2610 744 2688 vivificabuntur
755 2610 792 2685 ⁵).
809 2608 851 2670 Et
863 2606 994 2670 iterum:
1013 2606 1111 2669 Sicut
1125 2614 1208 2669 enim
1224 2614 1323 2669 unius
1339 2608 1454 2670 delicto
1479 2629 1570 2669 mors

377 2721 523 2789 resumi
532 2738 593 2797 per
609 2738 728 2780 unum:
745 2719 846 2779 mutto
864 2723 969 2794 inopis
985 2695 1222 2779 abundantioris
1240 2723 1383 2795 proiice,
1407 2725 1440 2778 et
1459 2719 1568 2779 donu-

372 2819 486 2906 dom,
504 2836 538 2890 et
541 2832 702 2905 jmtitioc
718 2835 925 2909 accipientes,
944 2834 979 2889 in
993 2836 1092 2889 ottom
1109 2831 1294 2906 regnaount
1303 2848 1365 2908 per
1381 2847 1482 2889 cumn
1500 2827 1565 2888 Je-

365 2940 452 2997 Oua
468 2938 682 3016 curtatumr).
706 2936 742 3000 Si
758 2949 864 3000 outcrn
880 2957 969 3000 mors
987 2936 1231 3021 poenapeccati
1248 2933 1385 3023 originis
1402 2947 1467 2998 cst:
1484 2935 1568 2999 idern

361 3046 497 3130 (Illoque
515 3046 554 3108 de
576 3043 709 3130 reliquis
725 3044 889 3109 laboribus
906 3066 945 3109 ac
962 3045 1139 3119 doloribus,
1156 3045 1270 3130 quibus
1286 3044 1318 3108 in
1334 3044 1397 3108 hac
1411 3044 1476 3108 vito
1493 3045 1566 3108 sub·

351 3133 513 3228 linimur,
539 3154 741 3218 statuendum
768 3166 835 3226 cst3
865 3176 961 3240 quum
983 3154 1027 3217 illi
1043 3153 1177 3217 nonnisi
1205 3153 1431 3218 mortalitatem
1453 3174 1566 3218 conse-

353 3264 518 3339 luuntur,
535 3275 627 3349 atque
643 3263 775 3349 insuper
792 3265 892 3328 allco
910 3264 1029 3328 diserte
1047 3264 1079 3327 in
1096 3284 1233 3348 poenum
1250 3263 1374 3348 peccati
1387 3262 1482 3348 pritni
1493 3284 1567 3348 pro-

351 3364 594 3453 loparentibus
610 3371 742 3458 injuncti
759 3373 823 3437 siut
839 3376 875 3452 ⁷).

478 3482 509 3546 5.
532 3483 807 3547 inobedientia
831 3504 875 3547 ac
898 3483 1050 3547 seditio
1073 3483 1185 3569 quasi
1207 3482 1430 3547 belutiarurn
1452 3495 1567 3568 atquc

348 3580 408 3642 ²0
427 3590 499 3656 tius
522 3605 702 3667 uncturae,
724 3605 756 3657 et
778 3605 827 3657 tot
847 3593 921 3656 inde
944 3593 1136 3677 prodeuntia
1158 3594 1241 3657 mala
1264 3613 1283 3656 a
1303 3593 1412 3667 coelo,
1429 3605 1515 3656 terro
1532 3606 1564 3657 ct

346 3698 464 3775 mari,
487 3701 555 3766 sive
577 3702 726 3786 praevisa
747 3701 815 3766 sive
837 3702 967 3766 omrrino
985 3703 1157 3788 inopinata.
1204 3701 1309 3765 Etiam
1326 3702 1407 3766 baec
1423 3702 1505 3766 mala
1521 3702 1565 3765 ef·

351 3815 644 3851 χὴ...-

343 3878 456 3984 Opp.
468 3907 506 3969 Τ.
518 3904 586 3986 l.p.
594 3903 646 3968 86.
663 3907 794 3965 Macar.
812 3909 862 3965 De
879 3906 977 3967 libert.
991 3913 1078 3971 ment.
1094 3926 1124 3965 o.
1143 3909 1191 3967 2⁷.
1210 3903 1380 3969 Galland.
1397 3905 1479 3964 Bibt.
1496 3906 1563 3966 ΡΡ.

342 3970 409 4048 'P-
440 3993 466 4056 l.
493 4019 522 4079 p.
548 3994 624 4060 218.
656 3996 852 4075 Augustin.
873 3997 1004 4062 Euchir.
1032 4017 1056 4056 c.
1079 3993 1131 4058 24.
1149 4016 1174 4059 s.
1209 3994 1288 4077 Opp.
1307 3996 1345 4055 T.
1364 3993 1394 4058 6.
1412 4015 1437 4057 c.
1455 3991 1521 4057 205
1539 4016 1565 4057 s.

340 4062 427 4140 De
445 4087 501 4152 etv.
523 4091 567 4148 o.
585 4090 605 4148 t.
622 4091 671 4148 14.
689 4107 713 4147 ο.
731 4091 781 4150 10.
799 4083 839 4149 Τ.
858 4083 888 4150 t.
906 4109 931 4149 c.
949 4084 1012 4149 361
1031 4109 1055 4149 s.
1072 4090 1092 4152 t.
1109 4091 1158 4150 22.
1176 4108 1200 4148 ο.
1217 4091 1265 4147 22.
1284 4107 1314 4148 e.
1332 4090 1360 4146 1.
1379 4105 1403 4147 ο.
1422 4082 1497 4148 648.
1520 4090 1568 4148 oe

337 4169 460 4243 pecc.
476 4199 549 4240 rem.
567 4186 595 4238 et
608 4199 680 4239 mer.
699 4180 719 4238 t.
736 4182 766 4240 2.
784 4199 808 4238 c.
826 4181 856 4238 4.
874 4199 904 4238 n.
922 4182 952 4240 4.
971 4180 1009 4240 Τ.
1028 4175 1079 4240 10.
1097 4199 1122 4239 c.
1139 4174 1192 4240 41.

482 4269 507 4348 ¹)
524 4270 637 4350 Ephcs.
657 4267 687 4344 2,
705 4267 735 4332 3.
753 4306 795 4314 -
813 4269 839 4348 ²)
855 4266 910 4342 40,
929 4268 958 4331 1.
977 4305 1017 4315 -
1036 4265 1063 4353 ³)
1082 4266 1133 4342 14,
1153 4266 1181 4330 1.
1197 4266 1228 4330 2.
1247 4304 1289 4313 -
1308 4268 1334 4350 ⁴)
1352 4264 1494 4340 Rom.5,
1514 4265 1565 4330 12.

347 4367 423 4400 'N
445 4356 470 4445 ⁵)
488 4359 516 4422 l.
535 4360 605 4423 Cor.
625 4357 680 4435 15,
696 4358 738 4422 21
763 4381 788 4424 s.
806 4359 850 4420 Of.
869 4358 940 4440 Sap.
958 4357 997 4435 2,
1025 4355 1263 4431 2611661125,
1282 4356 1336 4420 33.
1362 4394 1404 4404 -
1423 4356 1449 4437 ⁸)
1477 4360 1565 4419 Rom.

349 4420 407 4512 5,
434 4447 480 4514 lt.
511 4488 555 4498 -
575 4453 600 4534 ⁷)
617 4451 695 4513 oen.
718 4449 749 4526 3,
773 4448 914 4514 16-19.
937 4450 983 4512 cf.
1005 4451 1145 4512 Justin.
1162 4450 1249 4512 brar.
1266 4470 1290 4509 ο.
1311 4452 1423 4526 urppo.
1441 4469 1471 4510 e.
1495 4453 1565 4510 roo.

354 4512 459 4620 Opp.
472 4564 503 4624 p.
522 4539 597 4605 926.
624 4545 719 4605 Iren.
741 4543 817 4604 Ado.
838 4545 922 4603 baer.
948 4545 966 4604 t.
988 4544 1017 4603 5.
1040 4563 1065 4601 c.
1083 4545 1133 4608 19.
1149 4562 1178 4601 n.
1197 4546 1226 4607 1.
1242 4563 1273 4621 p.
1290 4538 1366 4604 316.
1383 4540 1565 4601 Albanas.

357 4605 415 4683 111
433 4631 517 4694 illud:
541 4635 652 4695 Omnia
667 4635 875 4695 mittitrodita
905 4641 984 4695 suot.
1011 4654 1041 4695 n.
1064 4637 1093 4693 2.
1123 4631 1204 4713 Opp.
1227 4633 1265 4697 T.
1289 4630 1317 4693 1.
1339 4653 1369 4711 p.
1394 4629 1467 4693 104.
1483 4631 1565 4711 Epi·

360 4710 479 4785 phun.
495 4728 577 4786 boen.
596 4729 645 4786 64.
661 4746 691 4786 n.
709 4730 758 4785 27.
776 4725 855 4805 Opp.
876 4724 914 4786 Τ.
934 4724 963 4786 1.
988 4745 1018 4804 p.
1035 4719 1111 4786 550.
1132 4726 1214 4788 boet.
1233 4726 1281 4787 78.
1302 4743 1333 4785 o.
1352 4725 1401 4783 18.
1419 4743 1449 4802 p.
1468 4718 1565 4785 1050.

365 4788 536 4879 Tertull.
569 4819 617 4877 Dc
638 4817 743 4878 testim
760 4817 895 4886 animae,
927 4837 958 4875 o.
982 4818 1012 4876 3.
1035 4813 1116 4895 Opp.
1139 4815 1177 4877 V.
1197 4813 1225 4876 l.
1246 4834 1277 4894 p.
1303 4810 1377 4876 124.
1393 4814 1565 4875 Lactant.

369 4884 450 4966 Dio.
465 4908 534 4971 inst.
552 4910 572 4968 t.
589 4913 618 4970 2.
636 4930 661 4970 c.
680 4912 728 4970 13.
745 4907 826 4990 Opp.
845 4904 883 4970 T.
903 4905 932 4968 1.
949 4927 979 4986 p.
1000 4903 1063 4967 168
1081 4927 1106 4970 s.
