3775 5625
1468 445 1533 533 lei

343 628 381 699 ad
403 651 480 717 opus
502 630 632 709 bonum,
655 631 796 716 quoniam
818 631 886 715 ipsa
908 641 974 706 est,
998 650 1053 714 per
1077 652 1166 714 quam
1183 636 1264 697 actio
1282 633 1329 706 lit,
1347 637 1447 696 lamen
1465 654 1536 696 eon-

344 767 476 811 currere
499 758 617 807 tentum
640 757 673 807 ut
696 767 814 807 merum
835 748 895 805 Dei
916 748 1168 815 instrumentum,
1192 764 1250 804 non
1270 753 1301 804 ut
1319 765 1444 805 causam
1462 746 1536 804 libe-

343 878 410 918 ram
429 868 460 917 et
477 858 628 917 dominam
645 858 694 916 sui
711 868 815 926 actus,
840 857 940 915 instar
959 856 1084 926 calami,
1103 855 1153 933 qui
1169 856 1288 932 pariter
1306 856 1407 913 manui
1424 874 1536 932 nequa·

344 986 433 1045 quam
453 968 626 1044 cooperari,
639 957 745 1026 sed'ab
762 968 815 1026 illa
831 966 1020 1025 solummodo
1040 965 1091 1043 agi
1109 984 1143 1024 ac
1161 966 1279 1023 moveri
1297 964 1419 1032 dicitur,
1435 982 1537 1041 quam·

344 1077 392 1135 vis
411 1094 524 1135 revera
545 1077 611 1153 ipse
637 1076 759 1135 litteras
786 1076 902 1154 pingat.
926 1078 968 1133 Et
984 1094 1074 1143 sane,
1093 1074 1143 1150 qui
1160 1075 1289 1132 liberum
1308 1074 1468 1132 arbitrium
1487 1092 1537 1132 su·

345 1186 515 1256 stulerant,
538 1186 627 1244 aliter
644 1187 680 1244 de
699 1186 820 1264 gratiae
843 1185 962 1243 divinae
997 1183 1137 1243 efficacia
1169 1184 1280 1242 docere
1303 1201 1361 1239 non
1387 1191 1539 1258 poterant.

344 1296 467 1353 Etenim
485 1295 512 1353 si
528 1296 680 1353 voluntati
697 1315 752 1372 per
769 1297 886 1370 lapsum
905 1301 1155 1370 protoparentum
1174 1293 1255 1350 nulla
1278 1292 1409 1351 facultas
1427 1302 1474 1349 est
1491 1311 1539 1350 re·

345 1403 420 1463 licta
443 1423 499 1481 per
521 1405 718 1481 semetipsam
741 1404 902 1482 quidquam
925 1402 1126 1470 decernendi,
1145 1422 1200 1460 seu
1217 1421 1251 1459 se
1268 1421 1323 1478 per
1341 1402 1539 1478 semetipsam

346 1512 587 1570 determinandi:
614 1513 696 1589 ipsa,
720 1522 753 1571 ut
776 1512 1059 1588 concupiscentiae,
1084 1512 1128 1569 ita
1152 1521 1182 1568 et
1205 1511 1390 1570 efficientiae
1419 1511 1539 1569 divinae

346 1640 401 1679 seu
419 1622 543 1700 gratiae
573 1620 752 1681 necessario
776 1621 987 1679 obsecundare
1006 1622 1095 1678 debet
1107 1624 1148 1692 ¹).
1166 1654 1204 1661 —
1223 1620 1337 1678 Eadem
1355 1640 1472 1697 quoque
1491 1631 1539 1680 est

346 1732 502 1789 sententia
517 1731 844 1799 dansenistarum,
862 1749 1040 1808 quamquam
1058 1730 1241 1800 Jansenius,
1261 1730 1385 1807 ejusque
1404 1740 1540 1789 sectato-

350 1858 404 1897 res
428 1839 502 1898 nihil
524 1859 583 1899 non
607 1841 746 1919 egerint,
773 1850 805 1899 ut
823 1840 955 1899 fallaciis
977 1840 1201 1916 verborumque
1220 1840 1400 1917 ambagibus
1419 1849 1541 1899 contro·

346 1950 483 2007 versiam
505 1950 714 2018 involverent,
739 1950 868 2026 aliisque
897 1950 1137 2025 persuaderent,
1160 1950 1351 2017 Ecclesiam,
1375 1968 1442 2009 cum
1466 1949 1541 2006 Jan·

347 2058 427 2116 senii
450 2059 561 2117 librum
583 2059 785 2135 proscripsit,
807 2058 886 2117 l'alsa
910 2059 1029 2116 erroris
1052 2058 1153 2134 specie
1172 2059 1330 2135 deceptam
1349 2077 1430 2116 esse.
1455 2060 1541 2115 Atta-

348 2186 417 2225 men
441 2168 561 2226 lrustra
577 2167 607 2225 id
624 2176 793 2225 tentarunt.
817 2168 938 2225 Etenim
956 2168 1096 2225 doctrina
1112 2168 1269 2237 dansenii,
1287 2168 1331 2226 uti
1348 2176 1437 2225 extra
1455 2186 1542 2224 omne

347 2276 471 2335 dubium
490 2278 674 2335 collocutum
692 2286 755 2346 est,
773 2295 790 2334 a
808 2276 928 2334 Calvini
945 2296 1054 2335 errore
1073 2296 1106 2334 re
1124 2278 1192 2353 ipsa
1208 2277 1285 2335 haud
1303 2276 1417 2347 differt,
1435 2277 1541 2335 utrim-

348 2404 407 2463 que
426 2386 505 2443 enim
522 2385 663 2454 libertas,
681 2386 708 2442 si
726 2403 783 2461 qua
801 2385 919 2443 nomine
937 2386 1100 2455 retinetur,
1118 2387 1148 2443 in
1165 2387 1355 2444 immunitate
1374 2405 1390 2443 a
1408 2387 1541 2445 coactio·

347 2514 385 2554 ne
411 2494 625 2564 constituitur,
647 2494 801 2571 utrimque
827 2496 931 2572 gratia
958 2496 1068 2555 efficax
1089 2496 1119 2553 in
1145 2496 1350 2555 delectatione
1371 2496 1542 2572 reponitur,

348 2603 399 2664 eui
416 2623 474 2662 non
496 2604 596 2681 possit
617 2604 748 2662 humana
770 2605 913 2662 voluntas
934 2606 1102 2674 resistere3
1128 2614 1159 2662 et
1181 2606 1278 2663 solum
1301 2605 1358 2663 hoc
1377 2605 1543 2665 discrimen

347 2713 528 2783 intercedit,
553 2714 631 2791 quod
656 2714 801 2772 Calvinus
823 2714 928 2772 verbis
952 2714 1086 2772 definitis
1103 2714 1133 2772 id
1151 2714 1251 2773 edicat
1274 2725 1304 2772 et
1328 2715 1450 2784 doceat,
1469 2735 1542 2793 gra·

348 2823 423 2882 tiam
457 2825 598 2883 absoluta
629 2824 816 2883 necessitate
841 2825 870 2881 in
895 2824 1046 2882 hominem
1068 2843 1179 2901 agere,
1203 2824 1403 2882 Jansenistae
1428 2835 1541 2897 autem,

352 2951 441 2991 omne
458 2934 545 2992 virus
562 2935 591 2991 in
610 2935 814 2993 delectatione
831 2934 956 2993 victrici
974 2944 1005 2992 et
1022 2934 1150 2992 relative
1173 2934 1329 3010 superiori
1346 2944 1542 3010 reponentes,

352 3043 448 3101 multo
466 3043 599 3102 astutius
617 3044 800 3101 sententiam
818 3062 904 3101 suam
922 3053 1106 3120 proponant,
1124 3062 1179 3120 pro
1197 3044 1337 3100 absoluta
1354 3044 1543 3102 necessitate

350 3152 500 3222 relativa,
518 3171 577 3229 qua
593 3153 622 3210 in
640 3154 825 3211 voluntatem
846 3163 933 3231 agat,
951 3152 1144 3224 introducta,
1168 3172 1244 3229 quae
1262 3153 1386 3211 scilieet
1402 3171 1460 3210 non
1479 3154 1543 3229 qui·

352 3261 474 3320 demin
497 3280 546 3329 se,
569 3271 618 3320 ast
640 3264 738 3320 relate
763 3263 799 3321 ad
822 3263 1102 3338 concupiscentiam
1125 3263 1293 3339 oppositam
1310 3262 1339 3319 in
1359 3273 1446 3322 certo
1471 3281 1542 3338 quo·

352 3371 421 3429 dana
439 3371 577 3445 subjecto
594 3391 668 3429 vere
687 3390 722 3430 ac
740 3374 879 3431 absolute
897 3373 1040 3449 superior
1058 3373 1108 3434 sit.

462 3478 626 3541 Adversus
648 3479 733 3540 burne
756 3498 901 3541 errorem
927 3478 1044 3564 dogma
1067 3477 1279 3550 catholicum,
1303 3476 1477 3551 hominem,
1500 3476 1544 3540 uti

352 3584 515 3650 actionum
535 3587 705 3660 malarum,
729 3586 772 3650 ita
795 3607 918 3672 quoque
935 3587 1104 3661 bonarum,
1123 3608 1200 3671 quas
1217 3583 1320 3673 gratia
1338 3584 1442 3650 divini
1458 3587 1544 3672 adju-

352 3708 406 3759 tus
428 3694 568 3779 perlicit,
591 3696 753 3760 dominum
770 3718 861 3772 esse,
882 3709 912 3760 et
929 3696 1002 3759 ideo
1018 3696 1093 3760 licet
1108 3696 1195 3760 Deus
1213 3718 1271 3760 sua
1286 3693 1404 3760 invicti
1421 3696 1545 3782 quidem

351 3804 515 3868 voluntate
531 3803 563 3867 in
580 3805 739 3870 bominem
757 3819 841 3894 agat,
859 3819 963 3870 tannen
979 3804 1098 3869 homini
1116 3807 1231 3870 nullam
1248 3805 1472 3870 necessitatem
1489 3805 1544 3869 irn-

351 3912 445 3998 poni,
462 3914 653 3998 probamus:
1245 3902 1253 3917 ’

463 4025 501 4087 Α.
524 3996 581 4086 Etr¹
593 4026 652 4086 SS.
668 4023 850 4088 Litteris.
874 4026 944 4089 lluc
960 4024 1118 4109 pcrtincnt

464 4157 493 4196 a.
518 4154 631 4197 omnes
652 4132 731 4206 loci,
752 4132 784 4195 in
806 4134 919 4218 quibus
936 4133 1083 4198 dicuntur
1100 4134 1245 4197 hominos
1262 4133 1294 4196 in
1312 4133 1462 4218 operibus
1479 4131 1544 4216 pie·

352 4238 431 4305 tatis
456 4241 642 4327 operarii,
667 4243 932 4326 plantatores,
956 4243 1176 4329 rigatores,
1203 4254 1491 4327 cooperatores
1515 4254 1546 4304 et

354 4351 611 4434 coadjutores
631 4351 711 4415 Dei.
735 4351 815 4414 Nam
833 4351 859 4415 si
876 4352 1022 4416 homines
1045 4351 1175 4437 proprie
1194 4351 1268 4415 nihil
1285 4365 1420 4438 agerent
1436 4372 1494 4436 pcr
1511 4348 1545 4413 li·

353 4462 469 4524 bcrum
485 4459 666 4534 arbitrium,
691 4461 747 4524 scd
772 4473 889 4524 teritum
913 4463 1105 4525 ducerentur
1123 4474 1154 4524 ct
1170 4475 1392 4536 moverentur,
1410 4474 1442 4525 ut
1459 4481 1547 4523 mera

465 4628 490 4707 ¹)
511 4626 555 4688 cf.
572 4627 723 4687 Luther.
745 4627 917 4704 Operatio
932 4630 1049 4691 Psolne.
1072 4631 1112 4686 In
1128 4631 1184 4686 Pe.
1208 4632 1235 4686 1.
1254 4626 1334 4708 Opp.
1351 4629 1398 4691 ed.
1417 4648 1441 4688 c.
1460 4625 1498 4687 T.
1517 4625 1546 4688 3.

353 4719 375 4780 f.
396 4713 470 4779 123.
487 4720 541 4778 Ρ3.
558 4722 587 4778 3.
605 4719 623 4776 f.
644 4714 717 4778 138.
736 4728 802 4778 ete..
821 4717 962 4779 Calvio,
980 4722 1056 4779 Inest,
1075 4721 1093 4779 l.
1112 4723 1140 4779 2.
1159 4739 1182 4779 c.
1199 4725 1228 4779 3.
1246 4739 1276 4782 o.
1294 4723 1321 4779 7.
1339 4722 1387 4779 11.
1405 4718 1451 4778 ed.
1470 4718 1546 4779 Gen.

357 4803 457 4870 1569.
481 4831 511 4889 p.
535 4805 609 4870 168.
633 4805 707 4870 172,
740 4808 873 4870 Antidot.
898 4810 989 4870 Cone.
1009 4809 1141 4868 Trident.
1175 4812 1215 4867 In
1230 4829 1303 4870 sess.
1322 4813 1349 4870 6.
1368 4830 1391 4868 c.
1410 4813 1438 4868 4.
1458 4809 1504 4870 ed.
1523 4831 1547 4870 c.

354 4921 388 4983 p.
406 4895 483 4966 226.
499 4898 676 4962 Ohemnit.
693 4901 804 4963 anm.
822 4901 912 4962 Coeo.
933 4900 1016 4962 Trio.
1034 4903 1083 4960 De
1100 4897 1547 4981 tte.aro.Gen.1668.p.126,

1264 5006 1332 5072 30*
