3775 5625
1450 409 1493 478 15

288 605 356 649 non
378 593 502 647 tantum
522 580 608 665 ejus,
633 579 691 646 sed
714 589 747 642 ct
767 575 962 650 sententiae,
985 574 1150 642 hominem
1179 596 1222 642 ex
1250 574 1302 641 his
1324 574 1405 641 solis
1420 597 1493 662 par·

287 693 375 758 tibus
393 688 559 777 componi,
579 688 625 752 ita
646 700 681 752 ut
701 686 806 752 anima
821 684 987 751 rationalis
1009 685 1137 771 quidem
1158 705 1332 771 acorpore
1357 686 1399 750 sit
1420 688 1494 751 suh·

289 801 411 868 stantia
426 800 587 875 distincta,
604 810 742 863 attamen
758 797 830 882 ipsa
845 796 897 871 sit,
910 816 973 882 qna
989 816 1118 880 corpus,
1134 796 1308 882 propriavi
1323 796 1420 874 vitali,
1436 820 1500 864 seu

288 925 324 977 ut
341 913 447 995 ajunt,
463 908 622 995 principio
637 905 725 972 vituli
742 906 937 981 destitutum,
955 904 1111 971 animetur
1128 926 1166 971 ac
1181 904 1371 982 vivificetur,
1394 909 1446 972 vcl
1461 920 1497 972 ut

289 1019 454 1107 Theologi
469 1016 655 1084 scholastici
667 1019 849 1102 loquuntur,
866 1028 899 1080 et
915 1015 1046 1080 cumeis
1062 1015 1222 1090 Ecclesia,
1238 1015 1497 1093 informetur,

288 1143 321 1195 et
337 1129 468 1215 quidem
481 1141 642 1214 tamquam
658 1126 841 1215 dogmatice
855 1124 1004 1190 delinitae
1019 1125 1190 1190 veritatem
1205 1127 1426 1193 ostendamus.

400 1239 493 1317 Quod

397 1352 437 1413 A.
458 1349 498 1412 ad
521 1351 555 1412 S.
579 1346 832 1432 scripturam
852 1343 982 1409 attinet:
1020 1344 1247 1411 hominemex
1269 1346 1374 1411 anima
1395 1345 1494 1412 ratio·

289 1458 356 1524 nali
371 1471 467 1543 atque
484 1478 640 1543 corpore,
656 1456 759 1542 iisque
777 1455 858 1520 solis
875 1466 1045 1530 constare,
1067 1454 1101 1518 in
1117 1454 1264 1539 plurimis
1286 1457 1431 1541 ejusdem
1446 1457 1492 1521 lo·

291 1569 338 1634 cis
356 1580 469 1653 aperte
485 1566 614 1655 legitur.
638 1565 694 1634 Sic
709 1565 742 1629 id
753 1566 822 1649 jam
837 1564 947 1629 verbis
963 1564 1049 1650 Moy
1059 1564 1116 1629 sis
1138 1564 1356 1652 significatur,
1380 1565 1495 1652 quibus

290 1690 441 1743 narratur
475 1675 615 1741 hominis
647 1674 786 1751 creatio,
822 1674 964 1739 scilicet:
999 1676 1173 1739 Formucit
1198 1681 1302 1755 igitur
1331 1680 1494 1741 Dominus

291 1791 383 1851 Deus
404 1791 567 1851 domiuum
588 1795 634 1849 dc
656 1792 750 1849 limo
773 1798 931 1865 terrae,
966 1796 997 1846 et
1019 1787 1197 1864 inspirarit
1216 1792 1251 1850 in
1278 1790 1400 1862 sociem
1422 1791 1494 1866 ejus

291 1903 548 1978 spiraculum
564 1902 691 1972 vitoe,
708 1898 803 1994 filil]
822 1897 966 1974 now),
984 1892 1122 1957 animam
1137 1893 1237 1969 vitae,
1262 1909 1294 1961 et
1313 1901 1427 1971 factus
1448 1908 1500 1961 eat

291 2061 387 2120 domo
402 2062 438 2119 in
454 2062 594 2119 unimam
609 2061 768 2118 viventem
778 2056 816 2132 ¹).
831 2053 922 2139 Ergo
936 2052 1068 2138 eoipso,
1085 2054 1412 2139 quodDeushnmano
1422 2077 1493 2121 cor·

291 2166 363 2253 pori
380 2165 529 2240 animam,
545 2164 670 2229 ratione
679 2163 867 2249 praeditam,
883 2161 1006 2239 indidit,
1023 2163 1120 2227 homo
1130 2162 1225 2228 etiam
1232 2163 1496 2251 vitufruicoepit3

292 2288 384 2361 atque
392 2274 468 2339 hinc
483 2286 580 2359 patet,
596 2273 758 2339 homiuem
774 2285 806 2337 et
822 2294 990 2358 ecorpore
1007 2286 1039 2337 et
1053 2294 1095 2338 ex
1108 2273 1212 2338 anima
1226 2274 1374 2340 rationali
1387 2274 1494 2343 consi·
1563 2339 1567 2345 .

294 2398 392 2460 sterc,
409 2398 503 2471 atque
512 2384 606 2448 simul
617 2396 756 2449 mentem
765 2404 838 2447 esse
848 2403 976 2447 causam
986 2404 1044 2447 sen
1062 2383 1368 2450 conditionemvitae
1379 2406 1494 2470 corpo·

293 2495 356 2572 ris,
373 2494 419 2558 ita
435 2506 471 2558 ut
486 2507 616 2581 praeter
631 2496 690 2559 has
708 2496 787 2558 duas
804 2492 942 2557 hominis
957 2506 1066 2579 partes
1083 2494 1167 2557 nulla
1183 2494 1243 2559 alia
1259 2494 1379 2559 assumi
1394 2507 1497 2581 queat.

294 2606 399 2669 Porro
417 2604 450 2668 in
466 2604 726 2669 Ecclesiaste
742 2603 877 2691 legitur,
900 2616 934 2667 nt
952 2602 1033 2667 alios
1050 2604 1143 2668 locos
1161 2602 1344 2669 omittamus
1353 2610 1399 2685 ²):
1420 2608 1497 2669 Me-

295 2727 399 2779 mento
420 2716 592 2780 Creatoris
616 2721 666 2779 tui
688 2721 723 2778 im
745 2719 856 2778 diebus
863 2718 1066 2793 juventutis,
1100 2727 1272 2795 antequam
1287 2754 1332 2764 -
1347 2729 1497 2780 reuerta-

296 2839 349 2890 tur
361 2831 507 2905 pulvis
522 2832 557 2888 in
574 2839 697 2890 terram
720 2848 829 2914 suem,
853 2833 937 2888 unde
960 2839 1046 2900 erat,
1071 2840 1104 2891 et
1124 2833 1231 2906 spiri
1239 2840 1303 2891 tur
1325 2836 1436 2891 redeat
1458 2835 1501 2890 ud

295 2937 412 3017 Deum,
433 2941 489 3016 qui
504 2942 591 3000 dedit
605 2939 743 3016 illum³).
766 2935 801 2999 ln
817 2935 900 2999 libro
919 2934 1159 3020 Sapientiae:
1178 2939 1273 2999 Puer
1289 2949 1396 3000 autem
1407 2959 1498 3001 eram

297 3049 489 3123 ingeniosus
505 3047 601 3127 (bene
619 3049 739 3125 natus),
756 3052 970 3110 etaortitus
986 3068 1067 3108 sum
1082 3051 1248 3109 unimam
1264 3053 1398 3111 bonam
1412 3036 1502 3133 (ἥμην

296 3147 388 3230 cipri
394 3176 418 3224 ς,
442 3158 540 3234 ψυχῆς
555 3174 585 3214 rr
598 3149 703 3235 ἔλαχον
717 3151 854 3234 ἀγαθῆς)
864 3154 901 3234 ⁴).
917 3155 954 3217 ln
970 3154 1093 3218 isaia:
1110 3157 1159 3219 tte
1169 3160 1281 3235 pluria
1297 3164 1401 3219 saltus
1412 3160 1495 3236 eyter,

295 3275 326 3326 et
340 3269 475 3326 carmeli
491 3269 561 3343 ejus
578 3262 612 3346 (i.
629 3284 657 3328 e.
674 3261 844 3348 Assyrius)
863 3271 901 3326 ab
919 3269 1048 3327 aninlo
1068 3287 1171 3346 usque
1187 3273 1230 3327 ad
1243 3287 1399 3329 curnem
1416 3287 1497 3328 corr-

295 3386 491 3456 summetur,
518 3385 550 3437 et
564 3380 629 3437 erit
643 3380 677 3436 in
695 3387 825 3437 terrore
837 3377 1051 3453 profuerim).
1068 3374 1103 3438 ln
1124 3374 1364 3439 Ezechiele:
1380 3377 1429 3438 Et
1444 3380 1498 3437 ln·

292 3504 430 3560 pressus
445 3495 495 3546 est
512 3489 547 3546 in
569 3505 612 3545 ea
635 3493 749 3565 [ossa
769 3486 905 3563 arido)
932 3488 1118 3566 spiritus,
1142 3497 1174 3549 et
1196 3489 1374 3549 virerum:
1392 3495 1497 3548 ‘stete-

295 3604 438 3672 rumque
459 3614 559 3672 super·
577 3599 676 3671 pedes
697 3614 775 3656 suos
790 3598 959 3656 exereitus
978 3599 1115 3672 ,arandis
1137 3599 1235 3658 mimis
1257 3582 1385 3674 catule‘)
1404 3633 1445 3641 -
1462 3591 1498 3658 ln

294 3701 332 3764 N.
350 3701 389 3765 T.
407 3714 439 3765 ct
455 3700 583 3787 quidem
599 3703 682 3787 apud
697 3701 939 3766 Matthaeum
957 3701 1000 3765 ait
1021 3701 1091 3787 ipse
1118 3705 1284 3768 Salvator:
1316 3706 1430 3768 Nolite
1451 3710 1497 3768 ti-

294 3831 383 3873 mere
399 3831 462 3885 eoa,
479 3817 536 3892 pui
552 3817 703 3875 occidunt
718 3832 873 3893 corpus,
892 3817 1054 3875 unimam
1070 3825 1177 3876 autem
1192 3826 1406 3893 neuportum
1417 3818 1498 3876 occi-

294 3928 389 3982 dere:
413 3929 470 3983 sed
479 3926 593 4008 potius
609 3926 716 3986 timete
732 3943 822 4004 eum,
850 3927 906 4001 uui
919 3933 1026 4002 potest
1041 3934 1077 3987 et
1092 3929 1274 4000 unimam,
1299 3936 1338 3988 et
1352 3945 1498 4003 corpus

291 4035 480 4111 perderem
497 4032 723 4110 ¹celerinum').
754 4031 797 4094 Et
812 4031 895 4114 apud
915 4030 1105 4096 Marcum:
1139 4034 1228 4109 Quid
1244 4039 1329 4096 enim
1351 4039 1503 4114 proderit

294 4145 434 4222 homini,
453 4145 482 4202 si
498 4146 645 4204 lucretur
659 4149 812 4204 mundum
829 4152 947 4204 totum:
965 4155 999 4205 et
1011 4148 1235 4206 detrimentum
1251 4149 1403 4206 animae
1419 4164 1501 4207 suae

293 4255 405 4330 saciat
420 4243 577 4331 (ζημιωθῇ
594 4244 649 4331 rp'r
663 4263 714 4329 ψυ
723 4245 787 4329 χὴν
810 4245 928 4330 αὑτοῦ).
961 4255 1029 4316 Aut
1044 4258 1123 4333 quill
1136 4258 1226 4317 tatic
1240 4258 1334 4317 domo
1353 4273 1498 4317 commu-

298 4366 432 4425 tationis
450 4381 513 4440 pro
536 4364 663 4421 anima
686 4358 806 4438 ruu⁸)‘l
837 4359 986 4436 Lucas,
1002 4361 1286 4428 resuscitationem
1312 4361 1396 4427 filiae
1419 4360 1500 4426 Jairi

299 4467 561 4557 Archisynagogi
569 4489 723 4543 narrans,
739 4470 852 4533 habet:
868 4473 918 4535 Et
932 4494 1086 4536 reuersus
1099 4487 1149 4537 est
1163 4479 1334 4553 spiritur
1349 4478 1433 4553 ejus
1438 4521 1451 4556 ,
1469 4487 1503 4538 et

405 4671 433 4746 ¹)
452 4667 529 4733 Gen.
546 4667 578 4743 2,
596 4668 626 4733 7.
643 4707 685 4718 -
704 4668 731 4757 ²)
748 4674 800 4735 Ps.
820 4671 872 4747 15,
889 4671 919 4737 9.
936 4675 989 4736 Pa.
1005 4672 1060 4750 43,
1077 4673 1142 4737 25..
1155 4673 1223 4758 (44,
1240 4673 1309 4765 26.)
1331 4679 1423 4739 Prov.
1448 4673 1500 4750 16,

303 4755 350 4823 tl.
367 4761 442 4841 Sap.
461 4757 492 4833 3,
511 4759 608 4826 1-3,
626 4798 668 4808 —
686 4764 713 4846 ³)
729 4765 848 4827 Eccles.
865 4763 921 4839 22,
940 4763 969 4829 7.
986 4801 1030 4813 -
1045 4767 1071 4847 ⁴)
1091 4766 1162 4848 Sap.
1180 4765 1211 4842 8,
1230 4766 1282 4832 19.
1301 4805 1341 4814 -
1354 4765 1379 4853 ⁵)
1397 4764 1500 4841 ts.10,

304 4848 351 4914 18.
368 4887 412 4898 -
432 4853 457 4933 ⁶)
475 4852 588 4916 Erech.
606 4851 660 4927 37,
678 4851 731 4920 10.
748 4891 791 4902 -
811 4855 836 4934 ')
859 4857 968 4921 Matth.
987 4854 1040 4930 10,
1057 4856 1110 4922 28.
1128 4894 1172 4907 -
1192 4854 1216 4946 ⁸)
1234 4860 1329 4922 Marc.
1356 4856 1387 4922 8.
1415 4857 1458 4922 36
1475 4879 1499 4922 s.
