3775 5625
1509 433 1550 504 et

473 614 502 669 ct.
522 604 610 669 Dens
631 603 758 689 primos
771 604 918 669 homines
935 625 1000 667 non
1018 615 1139 669 tantum
1155 601 1322 690 genitores
1346 589 1479 690 getleris
1497 606 1552 667 bu·

357 713 445 779 mani
461 735 536 779 esse
551 712 667 788 voluit,
699 714 756 778 scd
773 725 806 777 et
821 713 1031 787 educatores,
1063 710 1116 798 qui
1137 710 1222 776 lilios
1243 733 1321 777 suos
1353 710 1557 778 instituerent

358 838 427 889 tum
443 822 548 898 iniis,
571 844 651 909 quae
677 823 716 887 ad
737 822 835 887 vitam
850 836 925 888 sunt
940 821 1143 898 necessaria,
1164 834 1231 887 tum
1246 822 1418 908 praecipue
1433 822 1467 886 in
1483 822 1556 899 illis,

359 953 441 1019 quae
459 934 500 997 ad
516 931 706 1020 religionem
728 944 821 1018 atque
843 954 954 998 mores
971 945 1131 1018 spectant;
1155 933 1236 996 unde
1253 932 1323 1017 ipse
1341 931 1437 997 etiam
1453 931 1493 997 iis
1510 931 1556 997 in·

359 1042 570 1132 telligentiam
590 1042 767 1129 perfectam
783 1064 821 1107 ac
839 1042 987 1106 omnibus
1012 1041 1249 1129 cognitionibus
1267 1041 1476 1117 necessariis,
1500 1041 1557 1106 im·

360 1151 475 1239 primis
495 1151 675 1241 religiosis,
696 1164 808 1237 utpote
830 1150 973 1216 omnium
994 1150 1207 1240 gravissimis,
1224 1150 1425 1227 instructam,
1443 1164 1475 1217 et
1491 1150 1557 1237 qni·

363 1264 436 1327 dem
457 1284 524 1326 non
544 1274 666 1327 tantum
687 1262 880 1335 naturalem,
902 1262 960 1326 sed
978 1274 1009 1325 et
1026 1261 1317 1345 supernaturalem,
1339 1260 1487 1325 conferre
1504 1259 1557 1325 do·

361 1371 443 1448 buit,
461 1372 726 1459 quemadmodum
747 1370 863 1435 iisdem
884 1392 948 1433 non
973 1391 1091 1455 corpus
1124 1368 1280 1444 infantile,
1304 1370 1362 1434 sed
1383 1369 1560 1454 perfectum

363 1480 464 1556 dedit,
495 1492 588 1566 atquc
620 1481 752 1545 eosdem
769 1479 801 1543 in
818 1491 903 1544 statu
919 1478 1065 1564 justitiae
1082 1500 1120 1543 ac
1137 1477 1317 1545 sanctitatis
1336 1478 1502 1543 constituit
1515 1484 1559 1559 ι);

363 1589 457 1676 idque
479 1610 519 1653 eo
541 1588 661 1677 magis,
683 1609 778 1674 quum
798 1589 900 1652 hocce
916 1586 1061 1672 justitiae
1084 1587 1250 1675 originalis
1273 1588 1392 1652 donum
1409 1589 1449 1652 ad
1464 1587 1561 1653 finem

363 1700 655 1785 supernaturalem,
677 1700 717 1762 ad
738 1719 832 1782 quem
852 1710 959 1762 tamen
980 1696 1171 1782 protoplasti
1193 1717 1250 1781 per
1266 1696 1340 1761 illud
1358 1696 1560 1762 destinaban-

364 1822 430 1884 tur,
452 1829 512 1893 pcr
533 1829 568 1873 sc
589 1808 695 1872 solum
710 1807 831 1891 absque
850 1805 1036 1893 cognitione
1053 1827 1092 1870 ac
1107 1805 1304 1869 revelatione
1327 1805 1562 1890 supernaturali

365 1916 531 1983 sufficiens
546 1917 628 1981 haud
645 1914 769 1980 fuisset.
795 1916 996 2000 Quapropter
1014 1927 1046 1979 et
1061 1936 1176 1979 revera

479 2067 505 2109 e.
534 2044 621 2109 Deus
647 2042 717 2128 ipse
739 2055 830 2128 pater
856 2042 1182 2108 benevolentissimae
1204 2064 1276 2108 sesa
1302 2043 1340 2106 ad
1367 2054 1563 2108 neocreatos

366 2153 504 2228 demisit,
520 2174 639 2238 eosque
656 2154 794 2217 educare
809 2152 918 2217 voluit.
944 2153 1035 2233 Quod
1053 2155 1086 2217 S.
1104 2150 1283 2237 Scriptura,
1306 2149 1562 2239 quum'frequen·

364 2276 430 2328 tem
453 2283 493 2327 ac
515 2262 702 2328 familiarem
732 2260 862 2347 propitii
893 2260 1039 2327 Numinis
1062 2261 1341 2327 conversationem
1358 2261 1560 2348 cumprimis

360 2370 548 2438 hominibus
566 2384 812 2446 commemorat,
828 2371 861 2435 in
878 2372 952 2436 data
968 2371 1190 2437 benedictione
1201 2378 1245 2452 ²),
1265 2372 1297 2436 in
1314 2372 1459 2458 injuncto
1475 2394 1563 2438 man·

370 2483 499 2562 dato⁸),
521 2480 552 2545 in
569 2480 764 2546 adducendis
781 2480 969 2546 animalibus
986 2483 1025 2546 ad
1042 2485 1212 2557 Adamum,
1229 2495 1263 2546 ut
1280 2481 1461 2547 nominaret
1478 2488 1565 2564 ea‘),

367 2605 430 2657 cte.
448 2591 535 2656 clare
552 2588 715 2678 significat
727 2595 764 2670 ⁶).
798 2591 975 2675 Tamquam
992 2590 1214 2656 necessarium
1230 2604 1336 2655 autem
1352 2591 1434 2656 ratio
1452 2612 1494 2656 ex
1510 2613 1564 2657 na·

355 2714 440 2766 tura
456 2712 569 2765 nostra
584 2697 717 2764 limitata
733 2698 878 2784 conjicit;
898 2720 971 2764 nam
983 2701 1248 2785 quemadmodum
1259 2702 1356 2765 bomo
1373 2722 1438 2764 non
1454 2723 1513 2786 per
1529 2723 1566 2767 se

364 2808 515 2885 exsistit,
535 2808 580 2874 ita
600 2808 697 2875 etiam
713 2808 775 2873 sibi
790 2808 938 2885 relictus,
960 2831 998 2875 ac
1014 2831 1072 2896 per
1090 2831 1125 2875 se
1143 2811 1249 2876 adsui
1271 2808 1518 2887 conscientiam,
1535 2824 1568 2877 et

351 2921 443 2986 idco
460 2922 501 2985 ad
515 2919 575 2984 Dei
592 2918 811 3006 cognitionem
827 2932 919 3005 atque
937 2921 1007 3004 ejus
1025 2921 1143 2985 cultum
1160 2920 1251 2987 evehi
1264 2942 1401 3006 prorsus
1416 2942 1478 2984 non
1495 2933 1565 3006 pot·

352 3041 435 3105 est,
456 3029 514 3093 sed
536 3028 724 3093 necessario
746 3040 881 3093 externa
901 3027 1101 3095 institutione
1124 3052 1182 3095 seu
1204 3030 1393 3095 educatione
1410 3051 1469 3115 per
1485 3030 1566 3096 alios

346 3138 507 3228 indiget,
524 3136 724 3223 experientia
739 3137 921 3223 quotidiana
936 3137 969 3202 in
986 3139 1094 3204 surdis
1112 3153 1144 3206 et
1160 3140 1271 3215 mutis,
1293 3151 1387 3226 atque
1409 3138 1567 3224 imprimis

341 3247 505 3314 lristoria
537 3268 664 3322 eorum,
685 3246 738 3332 qui
758 3246 791 3310 in
811 3246 977 3312 infantiae
995 3249 1151 3315 societate
1182 3250 1346 3313 bominum
1369 3247 1468 3337 elapsi
1484 3251 1568 3315 inter

350 3357 458 3423 ieras
475 3357 698 3430 adoleverunt,
722 3355 808 3420 omni
829 3379 890 3422 usu
911 3357 1095 3423 facultatum
1117 3358 1214 3424 animi
1231 3357 1450 3445 superiorum,
1472 3369 1569 3445 prout

345 3478 406 3530 et
422 3487 583 3541 sermone,
600 3465 836 3543 destitutorum,
852 3466 1005 3553 idipsum
1023 3467 1232 3534 confirmante
1244 3469 1282 3550 ⁶).

475 3574 599 3664 Insigni
613 3574 718 3662 itaque
734 3576 913 3642 intellectus
931 3577 1131 3664 perspicacia
1143 3591 1236 3663 atque
1248 3577 1383 3643 scientia
1393 3576 1569 3663 praestanti

347 3684 526 3750 Adamum
547 3685 740 3750 instructum
759 3685 876 3761 fuisse,
900 3687 1079 3752 addubitari
1100 3688 1216 3773 nequit.
1250 3687 1439 3773 Cujusmodi
1463 3698 1569 3752 autem

345 3789 467 3858 fuerit
482 3795 563 3859 haec
579 3794 730 3870 scientia,
747 3809 864 3881 quanta
879 3798 949 3881 ejus
966 3796 1154 3881 amplitudo,
1179 3796 1231 3882 qui
1246 3795 1381 3872 limites,
1403 3797 1502 3861 ardua
1519 3806 1571 3861 est

350 3917 427 3964 res
443 3902 672 3979 determinare;
689 3905 753 3969 boc
770 3904 897 3970 unicum
915 3904 977 3969 dici
993 3918 1111 3990 potest,
1129 3926 1200 3969 eam
1215 3904 1316 3969 fuisse
1334 3904 1488 3991 pristinae
1504 3904 1568 3990 pri·

350 4004 417 4069 1¹¹5
429 4011 570 4077 hominis
587 4012 763 4077 conditioni
781 4013 909 4077 omnino
928 4027 1179 4079 consentaneam
1193 4016 1229 4095 ⁷).

362 4145 647 4171 M.—

483 4229 510 4320 ¹)
528 4233 573 4296 Of.
590 4235 772 4316 Epiphan.
799 4236 876 4298 Ado.
897 4239 1012 4299 baares.
1039 4239 1058 4299 l.
1076 4241 1105 4298 1.
1122 4258 1151 4299 n.
1169 4239 1197 4300 5.
1225 4235 1306 4318 Opp.
1330 4237 1368 4300 Τ.
1387 4234 1416 4299 1.
1440 4258 1469 4318 p.
1489 4234 1519 4301 6.
1538 4235 1570 4302 S.

351 4308 495 4386 Thom.
513 4330 542 4389 1.
561 4329 749 4402 q.94.ort.1.
768 4324 1148 4408 0pp.th.t¹.20.p.534s.
1167 4332 1195 4391 2.
1204 4332 1368 4405 2.q.2.crt.
1380 4333 1407 4394 7.
1425 4329 1453 4391 Τ
1473 4325 1529 4392 22.
1539 4348 1570 4407 p.

351 4395 420 4470 19·
437 4418 513 4498 —²)
531 4416 609 4479 Gen.
629 4415 722 4498 1,28.
739 4453 784 4464 -
801 4415 828 4504 ³)
845 4418 921 4479 Gen.
940 4414 1151 4500 2,16s.-⁴)
1170 4419 1246 4480 Gen.
1264 4416 1295 4495 2,
1321 4417 1362 4482 19
1379 4441 1402 4481 s.
1420 4417 1508 4500 -‘'⁸)
1526 4416 1571 4480 Of.

349 4484 451 4570 Gen,
470 4505 501 4590 3,
518 4505 537 4570 8
556 4529 595 4569 ss.
631 4507 677 4570 cf.
695 4510 846 4588 August.
871 4513 921 4570 De
939 4509 1013 4571 Gen.
1031 4512 1072 4568 ad
1088 4510 1143 4572 titt.
1161 4512 1180 4572 t.
1198 4514 1247 4574 11.
1266 4530 1289 4572 o.
1306 4514 1356 4574 33.
1373 4532 1404 4571 n.
1421 4513 1472 4572 43.
1490 4507 1571 4591 Opp.

347 4572 396 4642 Τ·
425 4596 462 4662 3.
479 4601 516 4662 P.
536 4596 565 4661 1.
584 4620 610 4662 c.
621 4597 698 4665 291.
716 4609 747 4660 et
764 4601 890 4663 Thom.
908 4604 937 4662 1.
951 4620 978 4676 q.
992 4603 1041 4662 94.
1059 4608 1116 4664 arf.
1126 4604 1153 4663 1.
1172 4597 1571 4682 0pp.thool.T.20.p.53.

348 4697 403 4721 Χ
433 4687 464 4774 ⁸)
481 4689 525 4750 (tf.
553 4693 652 4753 Tbeol.
673 4710 741 4768 pen.
757 4712 787 4771 p.
804 4689 848 4752 52
866 4714 890 4751 s.
909 4728 951 4737 —
971 4692 995 4772 ⁷)
1016 4691 1060 4752 Of.
1078 4692 1235 4772 August.
1260 4695 1308 4752 De
1325 4675 1375 4755 lib.
1393 4690 1483 4753 arbit.
1505 4692 1524 4753 l.
1541 4693 1572 4753 3.

346 4772 376 4816 ⁰·
406 4780 468 4842 18.
485 4803 514 4844 n.
532 4783 581 4845 52.
599 4779 681 4862 Opp.
699 4783 738 4847 Τ.
757 4781 786 4845 1.
804 4804 828 4844 c.
847 4780 922 4844 631.
945 4783 1074 4843 Petav.
1091 4786 1139 4842 De
1156 4803 1237 4861 opor.
1254 4783 1399 4845 secutor.
1417 4784 1436 4845 l.
1453 4786 1482 4845 2.
1499 4801 1525 4842 o.
1542 4785 1572 4844 8.

346 4844 388 4918 δ·
416 4869 456 4934 5.
474 4879 502 4933 et
516 4876 545 4934 o.
562 4875 609 4932 oe
625 4876 665 4936 to.
684 4876 781 4951 atym.
798 4875 892 4934 Ans.
910 4874 950 4935 u.
968 4870 999 4939 3.
1015 4894 1046 4954 p.
1065 4871 1140 4942 179.

1335 4981 1355 5049 6
