3775 5625
1486 415 1550 484 431

357 571 567 662 improbitate
589 590 622 642 et
641 577 759 643 invidia
780 579 896 659 ducti),
914 583 1066 656 odibiles,
1089 584 1236 644 adtentos
1249 587 1384 646 invicem
1401 582 1490 662 (odio
1508 582 1552 646 di-

357 685 426 772 gni,
444 698 476 750 et
491 700 601 751 mutuo
619 687 693 752 odio
711 710 771 752 nos
786 694 1045 774 persequentes).
1079 691 1161 752 Cam
1179 700 1288 754 aatcm
1304 694 1503 769 beatqm'tas,
1522 701 1555 754 et

356 802 549 858 hamanitas
580 795 768 884 (singularis
784 818 863 884 erga
878 797 1025 862 homines
1047 803 1152 876 amor)
1186 807 1343 882 apparuit
1362 800 1553 864 Saloutaria

357 913 466 967 nostra·
482 908 546 968 Det
555 931 570 985 ,·
587 929 653 969 aaa
668 929 712 969 aar
729 910 894 988 operibus,
914 930 997 990 qaae
1011 913 1153 988 fecimus
1168 930 1231 971 aaa
1247 916 1326 989 (non
1344 909 1457 973 merito
1476 930 1550 994 ope·

356 1036 430 1077 rum
446 1021 666 1093 nostrorum),
682 1020 744 1078 aed
756 1022 936 1079 secandam
957 1040 1053 1079 raam
1069 1023 1342 1099 inisericordiam,
1361 1022 1475 1081 salvos
1490 1042 1552 1082 aaa

352 1127 511 1205 faattper
528 1126 699 1187 lavacrum
721 1133 1058 1204 reponerattoate,
1082 1136 1120 1188 et
1139 1134 1415 1189 renovationis
1436 1127 1551 1210 Spiri-

356 1240 412 1295 taa
429 1232 480 1313 S„
499 1255 593 1315 qaam
609 1238 699 1314 effa
706 1238 764 1296 att
781 1236 817 1296 ia
838 1256 900 1296 nos
917 1238 1045 1297 abunde
1063 1258 1124 1317 per
1143 1237 1261 1299 Jeettm
1281 1238 1448 1299 &artatam
1465 1237 1550 1300 sat-

354 1349 504 1404 aatorcm
534 1351 703 1423 nostram,
729 1352 768 1406 at
786 1348 1021 1423 justificati
1044 1343 1283 1425 (δικαιωθέντες)
1305 1355 1414 1423 pratia
1430 1354 1548 1429 ipsias,

354 1456 515 1515 ltaeredee
541 1460 646 1515 simae
676 1457 856 1516 secandam
886 1476 976 1535 apem
1017 1458 1194 1538 (speratae)
1233 1463 1320 1518 attae
1352 1461 1550 1535 aeternae¹).

353 1560 462 1624 Etiam
477 1560 530 1625 hic
546 1561 586 1624 de
596 1560 829 1645 justificatione
846 1582 1030 1625 sermonem
1048 1584 1137 1637 esse,
1159 1583 1200 1626 ex
1217 1564 1336 1629 ultimis
1352 1565 1460 1628 verbis
1477 1566 1548 1629 alla·

354 1668 397 1733 tis
414 1670 501 1733 clare
517 1670 714 1757 intelligitur.
739 1672 804 1735 Sed
821 1684 853 1734 et
868 1671 1012 1747 alterum,
1025 1671 1287 1756 justificationem
1305 1686 1448 1738 nostram
1464 1673 1548 1738 vide·

354 1779 430 1842 licet
446 1801 510 1843 non
526 1780 559 1842 in
575 1780 686 1845 lavore
702 1780 763 1845 Dei
779 1793 910 1856 tantum,
927 1781 1028 1846 autin
1040 1781 1164 1866 justitia
1182 1783 1300 1847 Christi
1317 1783 1411 1848 nobis
1428 1783 1547 1848 extrin-

353 1909 452 1954 secus
475 1889 629 1974 imputata
651 1903 821 1966 constare,
842 1913 955 1955 verum
978 1913 1037 1956 nos
1059 1889 1097 1956 ei
1113 1892 1289 1967 immutari,
1305 1892 1494 1981 regenerari
1511 1914 1548 1957 ac

352 1999 521 2073 renovari,
543 2021 602 2064 seu
619 1999 830 2076 sanctificari,
847 2021 889 2064 ex
904 2002 1006 2065 hocce
1024 2001 1096 2064 loco
1114 2022 1206 2086 quam
1226 2001 1476 2066 luculentissime
1493 2024 1546 2066 co·

350 2108 533 2195 gnoseitur.
572 2108 680 2173 Primo
704 2108 789 2173 enim
809 2110 985 2194 Apostolus
1003 2109 1033 2173 in
1051 2110 1124 2174 loeo
1142 2123 1256 2175 nostro
1275 2124 1392 2175 statum
1403 2110 1547 2196 justitiae

352 2216 489 2301 opponit
512 2217 608 2281 statui
640 2217 778 2302 peecati3
811 2216 885 2281 hinc
901 2229 1005 2281 status
1025 2218 1169 2301 justitiae
1196 2232 1299 2283 status
1317 2218 1548 2284 sanctimoniae

351 2324 395 2388 sit
411 2345 548 2390 neeesse
564 2338 624 2399 est,
642 2338 734 2410 atque
751 2346 823 2399 nos,
840 2325 892 2410 qui
908 2320 967 2410 per
983 2326 1130 2412 gratiam,
1147 2327 1314 2392 nobiscum
1332 2327 1545 2393 communica·

352 2446 428 2508 tam,
441 2432 610 2519 justificati
627 2455 756 2507 sumus,
777 2454 854 2498 vere
875 2455 913 2497 ac
929 2434 1068 2509 interne,
1091 2455 1287 2521 nequaquam
1304 2449 1408 2500 autem
1426 2448 1546 2499 tantum

351 2543 495 2629 putative
516 2564 555 2608 ac
578 2542 781 2607 extrinsecus
799 2543 880 2627 justi
897 2565 971 2607 esse
989 2545 1158 2617 dehemus,
1185 2544 1268 2609 sicut
1284 2547 1324 2609 oh
1341 2558 1473 2630 peccata
1489 2567 1544 2608 no·

350 2665 421 2717 stra
437 2674 513 2717 vere
530 2674 568 2718 ac
583 2653 708 2718 interne
728 2654 838 2738 injusti
854 2675 974 2718 sumus.
1014 2654 1094 2717 Dein
1112 2654 1248 2738 adpellat
1262 2654 1470 2739 Baptismum,
1488 2678 1545 2739 per

350 2783 447 2850 quem
479 2774 639 2850 tamquam
672 2785 799 2829 eausam
832 2764 1106 2829 instrumentalem
1122 2763 1353 2849 justificamur,
1385 2766 1547 2829 lavacrum

350 2874 675 2960 regenerationis
693 2888 725 2937 et
740 2873 1031 2948 renovationis,
1049 2895 1105 2938 seu
1123 2875 1300 2949 lavacrum,
1324 2896 1385 2959 quo
1409 2896 1545 2961 regene-

353 3004 463 3046 remur
480 3004 518 3048 ac
535 3005 737 3049 renovemur.
762 2985 915 3068 Adeoque
934 2983 1008 3047 divo
1024 2984 1122 3047 Paulo
1134 2982 1324 3067 justificatio
1341 2983 1425 3047 idem
1443 2996 1492 3046 est
1509 3005 1547 3047 ao

348 3093 559 3179 regeneratio
583 3106 616 3158 et
631 3092 809 3168 renovatio,
827 3114 885 3157 seu
901 3093 1027 3156 interna
1042 3091 1137 3156 animi
1153 3092 1329 3156 immutatio
1347 3104 1379 3156 et
1395 3094 1433 3155 ad
1443 3092 1545 3156 Deum

355 3203 540 3278 conversio,
558 3205 598 3267 ob
616 3225 708 3289 quam
726 3204 822 3267 homo
838 3223 914 3266 vere
926 3203 1035 3286 justus
1052 3223 1090 3265 ae
1107 3214 1249 3276 sanctus,
1267 3214 1359 3287 atque
1377 3201 1545 3285 adoptivus

348 3312 413 3376 Dei
437 3311 522 3377 filius
544 3326 576 3376 et
597 3313 778 3377 nominatur
804 3325 836 3376 et
852 3324 911 3376 est.
953 3313 1035 3374 Tum
1052 3310 1167 3375 dicitur
1184 3311 1323 3395 Spiritus
1341 3293 1544 3374 Ss'ell'usus

348 3442 425 3487 esse
441 3422 474 3486 in
491 3445 568 3498 nos,
586 3424 669 3508 quod
686 3423 801 3486 iterum
818 3420 945 3485 nonnisi
963 3421 1001 3485 de
1017 3421 1143 3485 interna
1154 3420 1279 3505 justitia
1301 3433 1359 3485 seu
1375 3418 1542 3494 charitate,

347 3533 445 3598 nobis
466 3532 643 3618 impertita,
664 3531 798 3619 intelligi
819 3543 936 3616 potest.
969 3568 1013 3578 -
1045 3532 1245 3615 Quapropter
1269 3543 1301 3594 et
1316 3531 1443 3593 tandem
1459 3528 1492 3591 in
1509 3532 1542 3593 S.

348 3641 520 3726 Scriptura
524 3641 648 3726 justitia
658 3664 722 3706 non
740 3653 861 3705 tantum
871 3639 1025 3725 iniquitati
1037 3639 1218 3724 opponitur,
1233 3641 1290 3704 sed
1307 3638 1401 3703 etiam
1417 3651 1452 3702 ut
1468 3659 1541 3722 syn·

346 3772 466 3836 onyma
487 3774 558 3816 cum
580 3752 765 3826 sanctitate,
803 3750 1012 3815 renovatione
1033 3763 1065 3813 et
1082 3749 1151 3814 aliis
1167 3749 1302 3814 vocibus
1319 3749 1463 3833 ejusdem
1479 3747 1541 3811 vir·

347 3860 426 3925 tutis
441 3861 616 3925 adltibetur.
641 3861 697 3925 sic
713 3882 740 3924 e.
757 3883 806 3947 gr.
824 3859 936 3925 scribit
951 3860 1107 3923 Paulus:
1136 3861 1230 3935 Quae
1251 3867 1335 3922 entra
1353 3866 1541 3939 participa-

347 3978 394 4032 tio
402 3975 599 4047 sortitiae
617 3994 690 4034 cam
706 3971 944 4052 iniquitate?
962 3977 1022 4031 aat
1035 3991 1118 4052 qaae
1134 3977 1277 4031 societas
1294 3971 1398 4030 lacto
1422 3971 1468 4028 ad
1482 3976 1540 4029 te-

345 4081 550 4162 nebras²)?
591 4081 800 4144 Zacharias
830 4079 862 4142 in
895 4078 1037 4152 cantico,
1059 4079 1162 4141 Deum
1184 4090 1257 4142 nato
1280 4076 1345 4141 filio
1364 4077 1541 4150 celebrans,

346 4189 407 4254 ait:
435 4191 481 4253 Ut
494 4197 565 4252 eine
582 4198 707 4263 timore,
726 4228 767 4236 -
784 4195 968 4252 serviamus
983 4191 1046 4267 tta,
1064 4195 1099 4250 la
1114 4194 1351 4264 sanctitate,
1370 4193 1539 4264 etjaatt-

346 4307 406 4362 tia
421 4321 534 4361 coram
550 4307 634 4380 ipso,
655 4304 805 4362 amathas
826 4302 940 4361 diebus
961 4305 1133 4374 aoatrts³).
1172 4298 1215 4360 Et
1244 4297 1386 4359 Paulus
1406 4295 1538 4359 iterum:

344 4411 562 4471 Raaooama‘at
594 4418 702 4471 autem
733 4415 853 4490 spirita
883 4416 1000 4470 menae
1020 4414 1167 4485 vestrae,
1191 4415 1225 4467 et
1242 4410 1366 4468 tadattc
1381 4411 1540 4468 homiaem

344 4539 465 4582 novam
474 4564 486 4597 ,
520 4525 576 4600 qai
595 4523 774 4589 secandam
790 4520 899 4580 Deam
916 4526 1050 4580 creatae
1066 4525 1119 4579 est
1131 4523 1166 4578 ta
1177 4521 1200 4593 j
1208 4522 1369 4594 aetitia,
1394 4524 1427 4578 et
1445 4535 1538 4575 aaa·

455 4775 482 4863 ¹)
498 4781 559 4840 Tit.
578 4777 609 4851 3,
627 4774 724 4838 3-7.
759 4813 800 4821 -
833 4776 859 4857 ²)
876 4774 907 4839 2.
925 4775 995 4841 Cor.
1012 4772 1044 4850 6,
1063 4768 1115 4839 14.
1138 4810 1180 4820 -
1205 4766 1232 4859 ³)
1249 4774 1327 4836 Luc.
1352 4770 1376 4848 l,
1394 4768 1536 4839 ''ll-75.

344 4870 393 4935 Of.
413 4869 443 4946 1,
461 4868 493 4933 6.
508 4872 614 4931 Matth.
632 4865 663 4946 5,
680 4865 710 4933 6.
727 4863 781 4946 20,
798 4865 829 4936 6.
846 4864 899 4933 33.
