3775 5625
1456 432 1497 501 ll

294 598 402 675 sius,
418 597 472 687 qui
487 610 658 685 postquam
672 598 771 663 multa
786 597 913 663 dixerat
928 596 968 663 de
984 596 1124 685 imagine
1140 596 1216 673 Dei,
1232 619 1271 663 ac
1286 599 1371 665 inter
1387 613 1497 667 cetera
1547 596 1549 599 ’
1604 690 1607 695 ¹

294 710 470 784 docuerat,
490 729 561 774 cam
583 707 772 795 sapientiam
795 729 834 773 ac
850 707 1010 792 justitiam
1032 729 1124 784 esse,
1145 720 1239 794 atque
1261 708 1347 774 illam
1361 709 1499 776 animam

294 817 388 907 pingi
404 839 422 883 a
437 819 519 893 Deo,
535 818 741 903 quaahabaat
757 825 793 882 in
808 840 843 881 aa
859 824 1047 882 virtutum
1061 824 1236 897 qratiam
1252 826 1497 904 renitentem)

295 934 847 1010 splendoremquepietotia,
866 926 1049 1015 subjungit:
1074 927 1259 993 Secundum
1282 933 1386 994 lianc
1401 937 1518 1013 ima·-

291 1043 430 1117 yincsa
446 1044 550 1102 Adora
570 1050 646 1103 ante
658 1050 844 1119 peccatum,
869 1046 925 1101 aed
948 1044 1005 1100 udi
1022 1044 1133 1117 lapsus
1152 1051 1216 1113 eat,
1240 1046 1388 1119 deposuit
1404 1046 1498 1103 ima·

290 1156 427 1226 qinein
443 1154 657 1223 coelestia,
674 1155 791 1211 sumsit
805 1152 1029 1212 terrestria
1044 1150 1284 1228 effigiem).
1305 1152 1408 1236 Atque
1425 1148 1500 1214 alibi

294 1255 463 1341 explicans
478 1257 666 1342 parabolam
682 1255 891 1321 Samaritani:
918 1257 986 1333 ona·
999 1269 1088 1338 aunt,
1107 1256 1167 1332 ait,
1184 1263 1240 1322 isti
1257 1266 1415 1342 latrones,
1434 1266 1500 1323 nisa·

294 1372 545 1445 drachmatis,
567 1380 601 1433 et
616 1365 848 1432 tenebrarum?
864 1404 908 1415 -
925 1366 1063 1431 Hieme
1085 1371 1279 1450 dispoliant,
1305 1391 1388 1450 onae
1403 1391 1498 1433 aare·

290 1482 415 1559 pimus,
447 1484 682 1542 indumenta
695 1482 809 1557 yrati
817 1500 860 1541 ae
876 1483 943 1557 api
950 1481 991 1539 ri
1002 1483 1111 1541 tatoli
1118 1500 1148 1560 a,
1182 1484 1276 1542 etsie
1292 1486 1430 1542 vulnera
1449 1484 1499 1543 in·

290 1589 386 1661 farre
402 1600 651 1652 consueverunt.
667 1624 713 1637 -
733 1589 823 1652 Uare
837 1609 929 1669 eryo,
954 1608 996 1651 ne
1017 1600 1092 1652 unte
1107 1594 1254 1670 nuderis,
1273 1595 1359 1653 sicut
1379 1593 1499 1654 Adam

294 1708 390 1761 ante
405 1705 586 1762 nudatus
606 1698 702 1777 aad).
734 1696 851 1762 Habuit
872 1695 972 1784 igitur
994 1698 1097 1763 Adam
1119 1710 1192 1762 ante
1214 1711 1385 1783 peccatum
1406 1698 1497 1763 indu·

291 1818 401 1872 menta
410 1806 722 1895 gratiaespiritualis
730 1829 788 1872 sau
798 1805 1042 1882 sanctificantis,
1051 1827 1131 1892 quac
1140 1807 1500 1873 nosobmeritaChristi

286 1916 321 1980 in
337 1928 455 1981 nostra
465 1915 697 2001 justificatione
715 1915 900 2001 accipimus.
922 1914 1173 2003 Augustinus
1188 1937 1283 1980 vero:
1300 1921 1416 1982 Bona
1431 1941 1498 1983 oo·

287 2034 435 2091 luntas
451 2040 590 2108 opuseat
600 2030 677 2107 nen
694 2048 777 2091 cnm
793 2033 806 2090 i
814 2030 872 2091 llo
888 2033 1118 2107 quippeadillo
1128 2031 1266 2103 fuctus
1282 2033 1388 2109 eat³).
1407 2028 1500 2107 Quod

284 2158 374 2202 vero
390 2138 586 2223 perbonam
600 2138 798 2203 voluntatem
814 2135 1003 2202 charitatem
1019 2158 1078 2202 seu
1090 2135 1229 2225 gratiam
1245 2136 1499 2203 sanctificantem

272 2247 467 2335 intelligat,
485 2246 581 2313 docet
595 2246 646 2312 nis
661 2247 786 2313 verbis:
812 2248 917 2324 Oudai
938 2269 1016 2311 cero
1040 2254 1133 2311 aliud
1159 2254 1308 2313 sictona
1330 2255 1497 2331 voluntas,

281 2379 393 2439 quun
415 2361 581 2440 cirritos,
607 2380 704 2438 quum
727 2358 906 2437 Scriptura
920 2363 1023 2422 notia
1046 2365 1166 2422 clamat
1183 2379 1253 2421 aare
1272 2380 1318 2422 ea
1332 2362 1403 2422 Deo
1425 2370 1457 2422 et
1479 2362 1500 2421 a

251 2472 398 2531 latre
418 2476 542 2543 datum,
573 2480 613 2532 at
628 2471 723 2543 filii
742 2473 828 2548 ejus
856 2472 1082 2547 racemum).
1113 2466 1267 2554 Reliquos
1288 2470 1420 2543 Patina,
1441 2465 1495 2553 qui

234 2590 366 2662 post
382 2581 417 2642 S.
433 2576 694 2665 Augustinum
715 2576 879 2652 vixerunt,
910 2576 1103 2653 omittimus,
1125 2599 1221 2663 quum
1243 2599 1338 2643 namo
1359 2577 1416 2653 sit,
1443 2575 1497 2663 qui

234 2685 417 2751 nesciat
433 2699 487 2751 aut
502 2685 672 2762 inficietur,
688 2686 761 2751 illos
778 2707 903 2762 omnes,
920 2687 1005 2750 nullo
1022 2698 1172 2771 excepto,
1201 2688 1358 2752 adversus
1374 2685 1497 2775 Pelagii

233 2783 442 2861 errorem
458 2795 638 2862 doctrinam
653 2795 824 2885 Augustini
840 2817 1077 2886 propugnasse.

405 2906 437 2971 2.
453 2908 544 2973 Hanc
562 2920 764 2973 constantem
780 2919 813 2972 at
828 2920 1015 2993 perpetuam
1026 2906 1247 2973 Traditioncm
1260 2907 1402 2974 declarat
1418 2931 1495 2996 quo·

234 3039 353 3104 quc
382 3017 606 3083 Concilium
629 3017 933 3093 Arausicanum,
958 3019 1042 3104 quod
1058 3019 1138 3084 haec
1162 3020 1263 3084 verba
1284 3020 1395 3084 habet:
1419 3021 1495 3083 Nu·

233 3141 370 3192 eura
392 3131 554 3204 humana,
579 3134 711 3192 etiamsi
735 3134 771 3191 in
798 3133 859 3192 illa
890 3133 1149 3208 integritate,
1180 3135 1215 3192 in
1238 3152 1303 3210 quo
1327 3142 1377 3194 eat
1414 3150 1495 3194 con-

233 3244 378 3320 dita,
404 3249 628 3320 permaneret,
653 3244 855 3301 nullomodo
872 3243 1028 3318 scipsum,
1056 3239 1215 3302 creatore
1234 3261 1294 3304 suo
1316 3259 1382 3302 non
1399 3243 1496 3319 aaly‘u·

233 3354 406 3430 Dante,
426 3359 581 3412 servaret.
618 3349 710 3411 Unda
727 3369 798 3436 cum
814 3353 885 3410 aine
901 3349 964 3410 Dei
985 3353 1098 3428 qratia
1120 3355 1294 3412 salutem
1310 3370 1377 3412 non
1389 3354 1498 3429 possit

233 3462 467 3540 eustodire,
486 3479 599 3539 onam
614 3463 782 3540 occepit,
801 3463 958 3538 quomodo
976 3461 1047 3519 sine
1061 3459 1125 3520 Dei
1137 3464 1249 3536 yratiu
1261 3463 1384 3540 poterit
1403 3480 1495 3538 repa·

233 3585 385 3641 Pare,
418 3575 506 3647 qnod
521 3567 723 3648 perdidit⁵)?
754 3567 853 3631 Juxta
876 3586 1034 3630 canonem
1055 3566 1141 3630 hunc
1161 3565 1283 3652 itaque,
1315 3588 1411 3652 quum
1436 3587 1495 3652 per

233 3769 441 3839 naaman
457 3769 520 3829 Dei
534 3770 643 3830 Patris
658 3777 779 3831 amoeni
792 3770 827 3829 in
841 3771 944 3846 nobis,
961 3771 991 3831 si
1006 3768 1220 3831 similitudo
1236 3769 1382 3847 divina,
1406 3790 1496 3846 qoam

233 3875 288 3930 ρ
323 3868 444 3922 cecato
465 3861 577 3923 Adam
596 3861 833 3939 perdiderat,
853 3863 1067 3941 manifestetur
1084 3869 1112 3922 et
1130 3865 1227 3922 luceat
1246 3862 1281 3921 in
1305 3862 1422 3922 octiduo
1442 3881 1495 3922 no·

233 3951 378 4012 fftrr's.
412 3951 497 4022 Quae
510 3953 612 4029 gloria
629 3959 674 4012 eat
687 3952 846 4013 similem
860 3957 936 4014 Deo
955 3951 1077 4032 fieri!
1105 3954 1207 4030 qualis
1224 3960 1251 4013 at
1266 3960 1379 4029 quanta
1392 3953 1495 4028 felici·

233 4040 343 4102 tas
357 4045 465 4104 dobere
480 4043 514 4103 in
529 4043 754 4117 virtutibus,
776 4047 857 4120 quod
872 4045 989 4106 divinia
1006 4045 1148 4106 laudibus
1163 4044 1264 4123 possit
1278 4044 1424 4121 aequari!
1445 4045 1495 4106 Ex

233 4133 402 4206 quibus
428 4133 529 4194 verbis
554 4156 616 4196 una
647 4139 853 4215 cognoscitur,
877 4137 933 4198 sub
953 4138 1054 4216 gratia
1072 4137 1104 4198 in
1126 4137 1195 4197 loco
1219 4136 1413 4218 praecedenti
1434 4157 1495 4197 non

233 4220 398 4375 {glun
416 4246 507 4307 quam
522 4228 652 4306 gratiam
672 4237 793 4307 gratum
808 4228 970 4290 facientem
992 4249 1046 4291 seu
1070 4228 1307 4290 sanctificantem
1323 4228 1493 4308 intelligam

378 4337 457 4378 esso.

403 4411 432 4486 ¹)
448 4411 613 4470 Hcaeamer.
630 4412 651 4471 l.
674 4413 703 4471 6.
725 4430 751 4470 c.
769 4414 796 4470 7.
813 4431 845 4476 n.
866 4414 916 4472 42.
938 4410 1021 4492 Opp.
1045 4407 1084 4475 Τ.
1108 4410 1137 4475 l.
1163 4432 1190 4472 o.
1213 4407 1277 4473 128
1293 4432 1319 4472 s.
1342 4445 1387 4457 —
1403 4413 1432 4489 ³)
1453 4413 1495 4471 Io

247 4486 370 4560 Idus.
385 4502 405 4561 l.
424 4503 452 4560 7.
469 4520 500 4562 n.
520 4504 569 4564 73.
586 4522 612 4563 c.
631 4498 716 4563 1427
735 4523 759 4564 a.
776 4537 821 4548 —-
837 4501 883 4565 cf.
899 4506 949 4563 De
971 4505 1074 4567 Isaac.
1101 4511 1130 4564 ct
1148 4502 1262 4564 anima.
1284 4523 1309 4563 c.
1335 4504 1364 4568 5.
1389 4522 1420 4562 n.
1441 4504 1493 4562 34.

255 4593 324 4642 θ·
347 4585 407 4654 368
424 4611 449 4653 s.
467 4627 509 4636 -
528 4595 556 4671 ³)
573 4595 622 4652 De
638 4592 695 4656 oio.
711 4597 756 4654 D.
774 4596 794 4655 l.
812 4597 862 4657 14.
880 4615 905 4657 o.
923 4598 972 4656 11.
992 4591 1072 4676 Opp.
1095 4591 1133 4658 T.
1153 4591 1181 4655 7.
1200 4615 1225 4655 c.
1243 4591 1319 4657 362.
1340 4628 1385 4640 -
1402 4595 1429 4671 ⁴)
1446 4594 1494 4654 De

264 4685 375 4746 orat.
390 4682 516 4755 Christi,
533 4685 553 4744 l.
563 4688 592 4745 1.
609 4704 635 4749 c.
653 4688 703 4748 21.
719 4705 751 4750 n.
767 4688 817 4748 22.
836 4679 874 4747 Τ.
894 4683 945 4749 10.
963 4706 989 4746 c.
1005 4684 1072 4749 239
1090 4707 1114 4751 s.
1132 4684 1178 4746 cf.
1195 4687 1284 4748 etiam
1299 4688 1348 4746 De
1365 4691 1492 4762 corrept.

277 4769 327 4820 05
347 4781 416 4843 drot.
435 4795 459 4835 c.
478 4777 507 4835 9.
523 4796 554 4835 n.
572 4777 622 4836 29.
646 4772 685 4839 Τ.
704 4774 756 4838 10.
779 4797 805 4841 c.
829 4773 904 4840 766.
924 4780 974 4838 De
994 4778 1050 4838 civ.
1071 4780 1113 4842 D.
1136 4780 1156 4839 l.
1178 4780 1228 4838 13.
1245 4797 1270 4837 c.
1293 4779 1342 4841 13.
1362 4772 1400 4839 T.
1419 4773 1449 4838 l.
1466 4795 1492 4839 o.

286 4846 375 4921 334,
390 4901 431 4912 -
450 4867 571 4946 5)(1ῳ.
590 4870 639 4928 19.
657 4867 788 4944 nansi,
808 4867 883 4933 ooo.
902 4869 993 4930 ome.
1012 4866 1051 4932 Τ.
1069 4866 1100 4933 8.
1117 4889 1144 4931 0.
1163 4864 1228 4930 715
1245 4889 1269 4935 s.
