3775 5625
400 435 444 502 34

398 607 854 682 concupiscentiisque
868 605 906 683 ¹).
928 639 969 651 -·
996 609 1155 680 Attamen,
1183 610 1321 685 quamvis
1343 610 1596 687 concupiscentia

397 713 536 791 proxime
547 714 577 774 in
590 733 684 775 carne
700 714 839 787 haereat,
857 725 948 792 atque
965 714 1035 776 hinc
1052 735 1127 775 caro
1144 717 1368 793 concupiscens
1385 738 1402 777 a
1418 719 1532 795 spiritu
1542 720 1594 778 ho·

397 841 469 884 num
484 833 647 900 appetente
665 825 891 903 distinguatur:
907 824 976 883 ideo
987 824 1219 903 haudquaquam
1231 826 1309 885 duae
1331 846 1445 887 causae
1462 846 1520 888 seu
1536 828 1594 887 duo

396 933 547 1011 principia
556 935 649 1005 vitae,
661 934 810 994 facultate
823 934 1033 1012 cognoscendi
1049 945 1080 995 et
1096 936 1417 1012 appetendipraedita,
1434 936 1594 996 inhomine

397 1043 493 1106 statui
509 1044 637 1113 dehent,
664 1052 697 1103 ut
714 1062 752 1102 ex
769 1061 864 1119 supra
874 1043 941 1117 jam
958 1044 1122 1120 disputatis
1152 1054 1260 1121 sponte
1277 1063 1334 1104 sua
1352 1046 1523 1125 colligitur.
1539 1050 1593 1105 lit·

396 1153 477 1213 enim
501 1153 601 1214 anima
626 1153 758 1213 humana
782 1152 959 1223 rationalis,
986 1162 1021 1212 nt
1046 1154 1253 1223 ostendimus,
1276 1133 1377 1214 a⁰lieo
1403 1157 1545 1228 condita,
1561 1165 1594 1215 ut

393 1280 463 1319 eam
488 1272 674 1340 cognoscat,
701 1282 771 1322 eum
797 1272 983 1322 revereatur
1008 1272 1040 1321 et
1056 1264 1178 1342 diligat,
1204 1266 1453 1342 voluntatemque
1470 1267 1540 1341 ejus
1556 1285 1594 1325 ex

392 1366 453 1436 hac
479 1389 559 1450 erga
585 1390 653 1432 eum
680 1370 833 1431 charitate
861 1373 1042 1450 adimpleat,
1069 1381 1158 1449 atquc
1185 1374 1347 1452 anquando
1373 1375 1447 1434 felix
1469 1377 1592 1446 evadat,

375 1475 511 1557 v-ttipllci
542 1480 691 1541 facultate
723 1482 902 1558 principali,
930 1483 1155 1560 cognoscendi,
1181 1484 1278 1543 libere
1296 1486 1457 1562 appetendi
1474 1495 1506 1545 et
1523 1504 1591 1545 sen·

377 1588 490 1654 ‘fiendi
505 1590 661 1653 instructa
677 1600 737 1650 est.
762 1592 825 1652 Pro
843 1590 900 1651 hac
917 1592 1071 1652 sentiendi
1091 1592 1240 1652 facultate
1274 1594 1389 1663 anima,
1420 1604 1513 1671 prout
1537 1613 1591 1671 pro

394 1698 509 1764 dualem
526 1700 683 1776 prioribus
699 1700 731 1759 in
746 1719 856 1761 verum
874 1702 1049 1773 othonum,
1066 1701 1097 1760 in
1115 1720 1276 1762 amoenum
1293 1721 1329 1763 ac
1340 1703 1511 1777 jucundum
1529 1704 1590 1762 fcr-

393 1818 462 1881 tur‚
479 1819 571 1887 atque
587 1809 640 1869 illa
656 1818 719 1870 tam
736 1820 824 1870 certo
842 1810 995 1886 adipeam
1020 1810 1150 1869 animam
1173 1812 1323 1887 pertinet,
1357 1831 1462 1889 quam,
1495 1812 1589 1872 homi·

392 1936 461 1977 ιιειιι
478 1937 537 1977 non
555 1929 672 1980 tantum
690 1920 727 1979 ad
746 1922 894 1979 moralem
910 1920 1152 1996 perfectionem,
1169 1939 1278 1979 verum
1296 1921 1388 1980 etiam
1406 1922 1589 1982 convenien-

392 2037 453 2092 tent
470 2028 653 2089 felicitatem
670 2029 785 2090 factum
802 2048 889 2099 esse,
913 2029 1115 2088 indubitatum
1134 2039 1191 2089 est.
1213 2031 1332 2090 Harum
1349 2031 1443 2090 trium
1459 2032 1588 2092 faculta-

392 2146 456 2197 tum
481 2138 550 2198 sola
575 2139 738 2215 appetendi
763 2138 896 2198 facultas
919 2139 969 2197 sui
992 2139 1113 2198 domina
1138 2158 1194 2199 seu
1210 2141 1356 2202 libertate
1372 2142 1515 2216 praedita
1531 2151 1588 2200 cst.

391 2247 590 2326 Intelligendi
611 2257 643 2307 et
668 2247 822 2306 sentiendi
843 2247 978 2307 facultas
995 2247 1161 2325 eiquidem
1178 2259 1321 2325 exparte
1342 2250 1524 2324 subjicitur,
1546 2252 1590 2310 ita

393 2366 427 2417 ut
441 2365 572 2434 utraque
589 2375 645 2434 per
661 2357 761 2433 ipsam
779 2357 816 2417 ad
839 2356 1011 2418 efficaciam
1029 2358 1172 2429 excitari,
1198 2368 1229 2416 ct
1250 2360 1343 2418 etiam
1367 2359 1435 2433 ejus
1458 2360 1588 2437 imperio

391 2468 430 2528 so
455 2466 513 2527 hac
545 2468 674 2527 cessare
704 2468 821 2544 possit,
847 2477 982 2528 attamen
1013 2486 1204 2545 nequaquam
1220 2469 1280 2538 ita,
1312 2478 1347 2528 ut
1379 2469 1503 2528 nonnisi
1533 2488 1589 2547 per

391 2596 474 2649 aaut,
495 2586 527 2637 et
543 2596 603 2636 non
621 2578 713 2637 etiam
730 2596 786 2654 per
804 2578 895 2636 aliam
916 2595 1044 2637 causam
1061 2578 1098 2636 ad
1116 2576 1287 2637 efficaciam
1319 2577 1451 2637 excitari
1484 2588 1586 2655 queat,

391 2696 423 2751 et
448 2706 560 2747 revera
583 2687 696 2747 eflicsx
719 2688 771 2747 sit.
804 2685 887 2762 Quae
905 2686 1024 2745 animae
1042 2686 1179 2760 eJusdem
1195 2686 1358 2744 rationalis
1380 2694 1411 2744 et
1432 2687 1590 2746 sensualis

391 2797 525 2863 conditio
558 2817 664 2859 secum
695 2798 763 2875 ipsa
790 2797 913 2856 minime
937 2805 1071 2875 pugnat,
1097 2805 1128 2856 et
1144 2795 1214 2856 hinc
1233 2796 1325 2855 etiam
1342 2794 1465 2855 minime
1483 2815 1589 2858 secum

389 2917 522 2987 pugnat,
547 2909 667 2984 quando
694 2908 802 2967 eadem
828 2906 929 2966 anima
952 2906 1064 2966 dicitur
1088 2905 1201 2982 aliquid
1218 2906 1309 2964 simul
1326 2915 1473 2983 appetere
1491 2916 1523 2964 et
1539 2925 1589 2965 re·

390 3034 520 3093 spuere,
536 3018 679 3094 quoniam
695 3017 753 3077 hoc
770 3016 892 3075 nonnisi
909 3017 966 3074 suh
984 3016 1108 3074 diverso
1125 3024 1287 3091 respectu,
1310 3025 1401 3091 prout
1417 3034 1470 3074 res
1488 3017 1591 3093 aliqua

384 3125 523 3200 jucunda
539 3135 571 3184 et
586 3124 752 3185 inhonesta
775 3135 828 3185 aut
852 3125 1014 3183 inamoena
1030 3133 1062 3182 et
1077 3124 1208 3182 honesta
1230 3123 1321 3183 simul
1344 3123 1455 3195 fuerit,
1487 3126 1591 3187 locum

391 3235 518 3295 ohtinet.
550 3236 623 3294 Jam
648 3235 801 3296 sentiendi
823 3234 973 3295 facultate
999 3234 1100 3292 anima
1116 3233 1277 3292 rationalis
1294 3252 1363 3293 cum
1381 3252 1528 3310 corpore,
1544 3237 1590 3295 vi·

392 3355 442 3404 tae
459 3345 582 3404 nonnisi
597 3346 753 3406 sensualis
770 3346 894 3421 capaci,
912 3344 1131 3422 conjungitur,
1149 3353 1180 3403 et
1196 3343 1226 3402 ei
1242 3344 1330 3420 quasi
1346 3344 1514 3416 inseritur3
1532 3364 1591 3423 qno

391 3464 493 3520 sutem
519 3472 579 3513 non
605 3463 722 3514 tantum
741 3455 867 3531 corpori
881 3454 947 3512 vita
964 3462 995 3511 et
1011 3470 1122 3512 sensus
1155 3452 1416 3525 communicatur,
1443 3454 1501 3511 sed
1531 3453 1592 3512 hoc

390 3564 421 3629 in
438 3582 571 3641 corpore
588 3564 725 3623 excitato
742 3564 834 3623 etiam
849 3565 924 3635 vita,
942 3581 1032 3640 quam
1048 3562 1230 3620 inferiorem
1247 3562 1417 3638 adpellant,
1434 3561 1455 3626 i.
1474 3582 1503 3626 e.
1521 3582 1591 3622 sen·

391 3691 458 3743 sus,
478 3673 577 3749 ipsius
597 3672 717 3733 animae
748 3673 976 3733 incrementum
1010 3671 1211 3731 nanciscitur.
1236 3671 1304 3731 Hoc
1327 3681 1446 3742 autem,
1467 3681 1500 3730 et
1516 3673 1592 3732 nihil

392 3783 474 3852 aliud
490 3791 555 3855 est,
578 3782 657 3860 quod
681 3783 717 3845 S.
735 3783 902 3859 Scriptura
917 3783 1024 3852 docet,
1042 3782 1160 3858 quando
1178 3782 1289 3850 tradit,
1307 3782 1593 3858 concupiscentiam

391 3894 529 3954 incarne
538 3891 628 3969 quasi
643 3893 812 3952 radicatam
831 3911 902 3953 esse
920 3900 952 3950 et
967 3891 1200 3959 inhaerescere,
1220 3900 1310 3967 atque
1328 3890 1446 3968 qnando
1464 3909 1593 3951 carnem

392 4002 664 4078 concupiscentem
697 4003 822 4080 spiritui
854 4003 988 4079 opponit.
1023 4001 1172 4076 Quoniam
1204 4000 1284 4058 enim
1310 4000 1410 4059 anima
1428 4008 1518 4076 parte
1535 4020 1594 4060 sua

391 4113 557 4183 sensitiva,
583 4111 612 4170 si
632 4112 676 4170 ita
703 4113 787 4190 loqui
804 4112 852 4171 fas
869 4122 934 4182 est,
957 4131 1016 4189 qua
1033 4111 1070 4170 ad
1081 4111 1219 4185 jucunda
1235 4118 1391 4179 movetur,
1410 4127 1479 4168 cnm
1498 4128 1594 4170 carne

393 4222 587 4302 conjugitnr,
604 4231 636 4282 et
651 4222 683 4282 in
700 4242 737 4284 ea
754 4241 773 4281 a
788 4241 823 4281 se
841 4223 975 4282 animata
991 4221 1069 4281 vivit
1086 4239 1122 4280 ac
1139 4219 1252 4288 sentit,
1274 4237 1334 4277 non
1357 4227 1492 4290 tantum,
1515 4239 1594 4298 quae

392 4333 454 4406 sihi
468 4341 502 4393 ut
517 4331 658 4409 spiritui,
675 4333 729 4392 sed
747 4342 779 4392 et
795 4351 872 4410 quae
889 4333 979 4393 carni
1005 4338 1133 4406 accepta
1156 4338 1244 4398 sunt,
1277 4328 1451 4398 desiderat,
1483 4349 1595 4408 eaque,

392 4461 471 4522 quse
488 4445 577 4504 carni
591 4444 754 4502 inamoena
786 4443 942 4511 accidunt,
975 4442 1140 4510 ahhorret;
1173 4448 1264 4515 atque
1285 4438 1356 4497 hinc
1378 4439 1428 4507 fit,
1451 4440 1596 4515 qnoniam

393 4555 487 4626 haec,
509 4554 576 4613 sive
598 4562 692 4633 grata
708 4553 774 4612 sive
790 4553 933 4632 ingrata,
956 4570 1032 4628 quae
1051 4551 1087 4609 ad
1110 4567 1234 4610 carnem
1266 4547 1464 4618 referuntur,
1498 4550 1597 4630 longe

394 4664 607 4742 frequentiora
640 4674 671 4724 et
702 4663 795 4725 ctiam
827 4662 989 4724 vivaciora
1020 4671 1107 4731 sunt,
1131 4668 1165 4718 ut
1189 4659 1242 4717 ille
1267 4657 1420 4734 appetitus
1453 4661 1541 4736 grati
1567 4670 1599 4720 ct

503 4883 529 4966 ι)
544 4885 632 4959 nom,
650 4837 681 4958 e,
700 4879 844 4945 12-13.
