3775 5625
344 383 408 450 238

346 707 456 799 ξω.
468 701 691 778 christus
702 710 758 777 de
770 705 948 794 spiritu
961 706 1002 777 S.
1020 708 1290 792 conceptus,
1307 707 1451 794 atque
1468 723 1527 783 et

375 834 523 904 ttlaria
539 834 744 920 Virgine,
762 836 895 903 salva
911 833 1020 915 ejus
1037 832 1321 919 integritate,
1338 835 1519 908 natus.

454 1018 607 1095 Quoniam
622 1038 701 1080 vero
720 1017 865 1081 Christus
882 1018 969 1079 Dens
987 1029 1063 1089 erat,
1083 1030 1111 1079 et
1130 1038 1192 1080 una
1208 1029 1242 1079 ut
1257 1018 1356 1080 homo
1375 1028 1527 1100 tamquae

347 1139 548 1212 caputatque
566 1130 719 1190 Servator
737 1140 927 1190 nosternon
947 1138 1065 1189 tantum
1090 1147 1131 1189 ex
1155 1147 1275 1212 genere
1301 1126 1442 1188 humano
1460 1147 1527 1209 pr

346 1236 448 1323 gredi,
473 1237 530 1299 sed
555 1248 584 1298 et
610 1256 706 1319 supra
729 1234 802 1298 illud
828 1234 1013 1298 necessario
1039 1233 1144 1298 cll'erri
1170 1235 1294 1297 debuit:
1319 1235 1391 1320 ipse
1417 1255 1459 1298 ex
1476 1258 1525 1303 v

348 1346 512 1410 consortio
538 1366 666 1407 carnem
692 1365 780 1406 suam
806 1344 968 1428 accipere,
993 1345 1095 1408 etsie
1120 1356 1253 1429 peccato
1279 1344 1427 1431 originis,
1452 1364 1521 1429 qu

348 1454 494 1517 omnibus
519 1475 575 1537 per
601 1455 760 1517 carnalem
786 1452 1048 1539 propagationem
1075 1453 1154 1515 ortis
1171 1452 1265 1527 inest,
1290 1452 1460 1538 inquinari,
1501 1481 1527 1523 a

348 1567 440 1627 etiam
466 1565 535 1647 ejus
560 1562 697 1625 debitum
724 1574 842 1625 tantum
867 1562 1056 1624 contrahere
1083 1583 1216 1645 prorsus
1241 1584 1304 1625 non
1329 1563 1450 1647 potuit:
1488 1589 1520 1631 s

347 1672 545 1746 necessario,
562 1684 596 1734 ut
613 1671 764 1734 revelatio
782 1672 886 1743 docet,
903 1682 933 1733 et
951 1670 1098 1752 Ecclesia
1110 1670 1273 1735 Catholica
1291 1684 1449 1757 tamquam
1472 1695 1527 1738 ce

348 1798 413 1848 tum
430 1782 502 1845 lidei
519 1802 595 1846 snae
621 1783 736 1868 dogma
763 1792 857 1853 tenet,
881 1800 979 1863 supra
1003 1780 1146 1844 ordinem
1171 1793 1301 1845 naturae
1327 1781 1527 1866 omnipotel

348 1893 463 1956 virtute
482 1892 619 1984 Spiritus
645 1895 678 1955 S,
697 1902 882 1975 conceptus,
906 1902 938 1953 et
962 1911 1004 1953 ex
1019 1890 1119 1954 Maria
1135 1890 1279 1978 Virgine,
1297 1892 1387 1953 salva
1403 1893 1470 1975 ejus
1482 1887 1524 1952 ἰ

291 2020 297 2026 ‘
348 2001 510 2089 tegritate,
526 2014 619 2064 natus
637 2013 695 2064 est.
741 2002 900 2063 Probatur
915 1999 958 2073 id,

456 2150 496 2208 A.
521 2146 605 2230 quod
628 2146 667 2208 ad
692 2148 749 2208 SS.
767 2144 942 2209 Litteras
968 2144 1089 2217 attinet,
1108 2146 1176 2229 jam
1200 2166 1257 2229 per
1282 2145 1409 2207 celebre
1427 2142 1527 2207 vatid

351 2255 436 2318 nium
459 2254 584 2317 Isaiae
609 2256 647 2318 dc
671 2255 887 2329 Emmanuele,
913 2255 996 2339 quod
1012 2253 1163 2318 Messiam
1188 2275 1303 2319 revera
1328 2262 1527 2319 concernet

351 2364 423 2427 alibi
447 2362 581 2426 anobis
607 2375 773 2426 ostensum
797 2375 857 2435 est,
882 2373 914 2424 et
936 2361 968 2424 in
994 2384 1054 2447 quo
1080 2363 1239 2446 Propheta
1264 2364 1302 2426 dc
1328 2376 1429 2427 matre
1450 2360 1527 2424 Met

352 2474 418 2537 siae
437 2471 535 2535 canit:
557 2474 646 2533 Ecce
666 2480 777 2549 atrpo
801 2479 1014 2552 concipiet,
1038 2481 1078 2533 et
1093 2481 1233 2553 pariet
1248 2476 1365 2553 filiam,
1389 2483 1527 2535 etcecae

352 2588 438 2643 bitur
462 2603 578 2643 atarneo
605 2587 678 2659 qus
701 2584 901 2666 Emrnanuet
928 2585 952 2658 ).
1003 2579 1101 2667 Virgo
1132 2602 1211 2667 ergo
1241 2581 1392 2644 Messiam
1422 2597 1527 2643 conc}

353 2704 458 2775 ptura,
483 2702 514 2752 et
533 2688 628 2776 virgo
648 2689 789 2773 paritura
813 2690 931 2752 diserte
954 2710 972 2752 a
998 2690 1156 2774 Propheta
1187 2690 1404 2774 praedicatur,
1425 2702 1457 2752 ut
1467 2690 1527 2773 ju

352 2841 417 2883 vox
437 2817 589 2893 adhibita,
612 2782 775 2937 ἤρξω,
805 2840 883 2904 quae
906 2840 964 2902 pro
989 2832 1094 2903 etymo
1116 2841 1175 2882 suo
1193 2820 1346 2902 juvenem
1370 2807 1527 2882 absconc‘

350 3006 414 3058 tam
437 2992 608 3079 significat,
630 3003 662 3054 et
685 2991 779 3055 etiam
799 2992 831 3055 in
853 2992 974 3056 Punico
998 2993 1125 3056 nonnisi
1148 2994 1186 3056 de
1209 2992 1335 3080 virgine
1363 2991 1520 3075 usurpab-

351 3117 411 3177 tnr‚
432 3102 503 3165 idco
527 3123 545 3166 a
568 3101 610 3164 to
632 3101 862 3184 interpretibus
885 3104 985 3166 verbo
1002 3101 1154 3177 πάρθενος
1171 3102 1305 3175 reddita,
1323 3103 1445 3175 suadet,
1462 3121 1498 3165 co

350 3225 457 3276 textus
480 3209 652 3283 orationis,
674 3231 732 3293 pro
757 3232 818 3295 qno
835 3213 933 3274 verba
950 3212 1042 3274 allata
1059 3210 1186 3296 signum
1204 3223 1327 3275 certum
1344 3223 1376 3274 et
1394 3223 1527 3274 extrat-

290 3313 292 3319 ’
351 3322 504 3385 dinarium
534 3320 717 3384 contineant
737 3341 873 3384 necesse
894 3334 959 3395 est,
988 3323 1145 3405 postulat,¹
1159 3334 1252 3405 atque
1270 3320 1414 3384 Traditio
1438 3322 1527 3403 Syr·

310 3415 312 3419 ’
351 3451 475 3517 gogae,
497 3450 556 3492 nec
578 3450 640 3491 non
663 3429 837 3492 auctoritas
853 3429 1079 3515 Evangelistae
1097 3436 1136 3508 ²),
1153 3442 1186 3492 et
1202 3441 1356 3493 constans
1372 3427 1498 3493 Ecclesi
1521 3448 1526 3475 τ

352 3538 534 3602 Catholicae
555 3536 635 3600 fides
659 3535 835 3601 confirmat.
860 3576 901 3584 -—
920 3540 1010 3616 Quod
1028 3551 1131 3601 autem
1148 3540 1308 3622 Propheta
1325 3537 1527 3623 praedixera

351 3649 382 3711 id
407 3646 550 3710 referunt
572 3647 798 3734 Evangelistae
822 3647 960 3711 delinitis
983 3648 1101 3719 serbis
1125 3648 1176 3732 qui
1206 3661 1350 3722 narrant,
1378 3648 1527 3711 cnr-isu-

351 3757 433 3820 miro
455 3777 492 3819 ac
514 3758 670 3839 stupendo
691 3758 783 3840 plane
808 3759 920 3832 modo,
938 3771 1091 3842 operante
1109 3758 1319 3842 omnipotenti
1335 3758 1451 3821 virtute
1467 3761 1527 3840 S}

351 3866 432 3929 ritus
449 3868 481 3928 S.
499 3865 531 3928 in
548 3878 638 3928 utero
653 3867 685 3929 li.
697 3865 816 3929 Mariae
832 3866 984 3953 Virginis,
999 3866 1060 3929 viri
1076 3867 1230 3951 expertis,
1247 3879 1438 3951 conceptum
1455 3879 1527 3930 es!

353 3974 408 4038 Sic
424 3974 508 4037 enim
525 3973 641 4037 scribit
658 3975 800 4038 Lucas:
818 3977 948 4038 Missus
971 3985 1021 4037 eat
1040 3980 1184 4053 Anpelne
1210 3977 1353 4038 Gabriel
1373 4001 1394 4039 a
1414 3978 1483 4039 Deo

353 4093 511 4146 civitatem
523 4085 710 4171 Galilaeae,
731 4094 783 4147 cai
794 4108 909 4148 norreeu
922 4088 1107 4163 Nazareth,
1127 4091 1172 4147 ad
1187 4090 1383 4163 Virginem
1397 4091 1492 4167 deepo
1505 4102 1527 4140 ⁵

352 4203 461 4256 catam
483 4202 567 4271 circ,
592 4203 643 4256 caci
664 4217 778 4257 nornen
802 4205 877 4257 erat
899 4198 1036 4276 Jaceph,
1062 4200 1100 4256 de
1123 4200 1215 4255 dorna
1236 4198 1355 4274 David,
1376 4204 1408 4256 et
1421 4218 1507 4257 narrt

352 4311 517 4379 virginis
534 4305 659 4366 Maria.
692 4306 741 4365 Et
754 4312 924 4381 inprecans
941 4306 1086 4380 ,inpetus
1103 4308 1234 4365 adeam
1251 4308 1354 4366 dicit:
1372 4307 1440 4366 Ace
1453 4327 1491 4383 pr
1505 4326 1527 4356 Δ

353 4423 399 4477 tia
417 4417 533 4494 plena:
555 4415 716 4475 Dominus
743 4424 863 4475 tecum:
888 4416 1067 4474 Benedicta
1090 4423 1124 4475 lu
1143 4422 1175 4475 iu
1198 4417 1400 4476 irretieridae.
1446 4415 1522 4489 Qec

354 4546 424 4585 cam
442 4527 612 4599 audiisset,
629 4527 761 4586 tardata
783 4533 838 4584 eet
851 4531 885 4584 in
907 4545 1058 4584 eer‘rncne
1079 4529 1164 4600 apua,
1187 4534 1219 4585 et
1235 4527 1412 4604 capitatae,
1430 4542 1527 4608 qaae

354 4691 571 4706 ψ

462 4801 490 4877 1)
507 4798 547 4858 rs.
568 4795 597 4873 t,
618 4794 667 4860 14.
685 4833 728 4842 -
746 4797 774 4875 2)
792 4797 898 4857 natta.
918 4796 947 4867 1,
965 4794 1108 4859 ra-aa.
