3775 5625
1474 414 1518 481 ot

319 600 442 665 corpus
467 591 614 643 nostrum
631 578 663 641 in
680 599 735 652 eo,
752 579 837 663 quod
853 577 905 641 illa
922 577 965 640 sit
990 577 1234 662 spiritualis,
1258 579 1277 642 i.
1301 600 1330 643 e.
1348 562 1520 664 simplex

318 710 358 753 ac
374 688 632 763 immortalis,
648 690 711 753 hoc
727 700 833 752 autem
849 685 1065 771 compositum
1081 708 1120 751 ac
1136 688 1233 752 morti
1249 688 1434 753 obnoxium.

430 819 571 879 Animam
588 819 779 895 spiritualem
796 828 983 895 essentque
1001 820 1039 877 ab
1057 820 1137 877 omtri
1155 819 1302 878 materiae
1320 822 1518 882 concretione

318 942 487 1012 semotam,
504 940 621 1009 negant
636 939 707 1006 post
723 930 953 989 Hobbesium
980 930 1163 1010 Spinoaa,
1186 930 1382 1003 Voltaire,
1404 934 1519 991 Rous-

318 1061 411 1101 sean
429 1050 460 1099 et
476 1041 652 1119 generatim
680 1058 786 1099 omnes
803 1040 1101 1111 Materialistae,
1120 1040 1170 1117 qui
1191 1040 1263 1098 nihil
1281 1042 1341 1100 nisi
1357 1042 1519 1102 materiam

318 1153 349 1210 in
368 1152 457 1210 nobis
475 1170 546 1209 esse
565 1151 767 1230 contendunt,
785 1160 876 1227 atque
893 1150 1160 1220 Pantheistae,
1187 1150 1238 1225 qui
1256 1151 1368 1208 saltem
1387 1152 1519 1210 animam

319 1262 526 1322 substantiam
544 1261 713 1337 simplicem
731 1278 768 1319 ac
785 1278 803 1317 a
819 1277 950 1334 corpore
968 1259 1122 1317 diversam
1140 1258 1219 1317 haud
1237 1260 1408 1318 admittunt.

432 1388 658 1451 Verumtamen
681 1384 723 1448 nil
745 1384 776 1448 iu
800 1383 905 1448 anima
928 1396 1040 1447 nostra
1063 1382 1211 1447 rationali
1227 1404 1301 1448 esse
1320 1396 1519 1459 concretum,

318 1498 378 1561 sed
399 1496 507 1581 potius
530 1497 665 1560 eandem
682 1516 755 1560 esse
781 1496 819 1558 ab
837 1493 923 1558 omrri
947 1494 1073 1558 mortali
1105 1494 1314 1559 concretione
1346 1495 1519 1559 immunem

319 1620 415 1693 atquc
433 1605 626 1691 simplicem,

430 1738 468 1799 A.
485 1732 571 1799 sacri
588 1732 828 1817 Scriptores
846 1754 910 1795 uno
928 1752 985 1796 ore
1004 1734 1149 1797 clamant.
1175 1732 1255 1797 Nam

414 1848 471 1925 va)
496 1842 634 1908 arrimam
651 1842 837 1907 sexcenties
854 1841 976 1906 directe
994 1842 1140 1926 spiritum
1157 1842 1336 1916 nominant,
1354 1844 1445 1927 cujus
1463 1862 1516 1906 ua·

319 1965 393 2018 tura
410 1951 443 2015 in
459 1974 499 2016 eo
524 1951 688 2028 consistit,
709 1965 744 2016 ut
770 1950 840 2016 sine
865 1973 1006 2036 corpore
1023 1952 1146 2039 vigeat,
1171 1953 1230 2016 sub
1247 1974 1364 2017 sensus
1381 1974 1446 2016 non
1465 1972 1517 2016 ca·

319 2064 389 2137 dat,
412 2081 471 2125 sen
489 2060 627 2144 simplex
643 2072 737 2145 atque
754 2059 970 2145 incorporeus
987 2060 1037 2125 sit.
1063 2060 1223 2145 imprimis
1240 2073 1347 2125 antem
1364 2063 1427 2126 huc
1442 2082 1516 2147 per-

318 2171 424 2235 tinent
439 2170 539 2233 verba
555 2169 847 2243 Ecclesiastae,
864 2190 964 2255 supra
980 2171 1090 2234 allata:
1113 2172 1161 2233 Et
1176 2183 1362 2234 reuertatur
1383 2176 1519 2251 pulvis

319 2288 356 2345 in
373 2293 495 2345 terram
510 2302 615 2361 suom,
634 2288 718 2343 unde
733 2292 817 2362 erat,
836 2293 867 2344 et
882 2286 1055 2361 spiritua
1071 2289 1182 2345 redeat
1195 2291 1238 2344 od
1250 2283 1369 2363 Deunt,
1388 2261 1444 2361 poi
1459 2290 1517 2344 de-

318 2398 367 2453 dit
390 2393 482 2453 illum
495 2392 532 2469 ¹).
564 2388 624 2453 Ubi
648 2388 754 2454 anima
777 2411 841 2453 nou
865 2388 1329 2480 solumspiritusadpellatur‚
1347 2390 1518 2454 sedetiam

319 2499 453 2583 corpori
469 2520 527 2563 scu
543 2498 695 2563 materiae
728 2499 916 2584 opponitur,
941 2511 1034 2584 atque
1057 2499 1142 2573 Deo,
1175 2498 1301 2584 spiritui
1330 2498 1517 2584 purissimo,
1565 2488 1567 2491 ’

318 2607 432 2673 similis
449 2606 659 2694 significatur.
683 2610 787 2672 Porro
804 2609 903 2673 verba
922 2607 1128 2694 Apostoli:
1157 2609 1240 2685 Quis
1257 2614 1423 2673 dominum
1440 2614 1513 2690 scit,

317 2741 403 2799 pune
418 2730 495 2781 aunt
510 2721 663 2801 horreinia,
682 2724 748 2780 nisi
764 2724 934 2798 spiritus
957 2708 1129 2781 leontinis
1135 2767 1148 2801 7
1167 2725 1224 2798 poi
1242 2724 1362 2798 inipso
1380 2717 1453 2783 eat?
1470 2724 1516 2782 ito

316 2852 402 2910 pone
419 2832 584 2910 sontDei,
604 2850 696 2892 nemo
714 2835 877 2912 copnooe't,
911 2835 978 2892 siai
1010 2831 1161 2910 Spiritus
1182 2833 1245 2892 Dei
1257 2831 1292 2909 ²).
1324 2829 1429 2894 Etiam
1453 2831 1517 2894 hoo

316 2942 392 3004 loco
409 2937 542 3022 spiritus
558 2936 697 3002 hominis
719 2960 792 3002 cum
817 2938 939 3023 Spiritu
960 2938 1020 3003 Dei
1042 2951 1256 3024 comparatur,
1275 2952 1368 3025 atquc
1385 2939 1516 3025 insuper

316 3063 477 3134 tamquam
494 3068 548 3112 res
565 3068 584 3112 a
599 3068 738 3132 corpore
757 3047 884 3113 diversa
900 3049 1100 3134 proponitur.

428 3179 465 3254 b)
484 3174 672 3240 Christus
688 3176 875 3241 Dominus
893 3197 1050 3263 expresse
1068 3179 1141 3242 loco
1159 3200 1256 3264 supra
1275 3180 1421 3244 laudato:
1439 3181 1515 3241 No-

317 3293 375 3350 lite
407 3292 519 3349 timere
540 3307 608 3366 eoa,
641 3292 699 3366 poi
721 3291 822 3364 etc.³)
855 3287 1013 3361 declarat,
1046 3287 1183 3352 arrimam
1215 3287 1355 3352 interfici
1386 3286 1515 3352 minime

316 3416 432 3481 posse,
449 3396 507 3458 sed
523 3415 622 3478 posse
645 3407 768 3459 tantum
793 3395 1016 3469 condemnari,
1046 3396 1249 3480 conjiciendo
1273 3397 1305 3459 in
1324 3397 1516 3483 gehennam.

317 3506 421 3583 Quum
436 3524 515 3567 vero
533 3507 763 3590 omne'corpus
780 3503 900 3579 vivum,
924 3516 1008 3568 teste
1031 3505 1215 3591 quotidiana
1237 3504 1451 3591 experientia,
1468 3504 1514 3568 in·

316 3613 438 3688 terlici,
470 3626 563 3700 atque
589 3613 693 3679 omnis
709 3637 764 3679 res
782 3636 799 3679 c
815 3615 960 3700 partibus
979 3629 1133 3681 concreta
1148 3615 1287 3702 partium
1304 3614 1516 3681 dissolutione

314 3723 451 3787 interire
475 3735 584 3808 queat:
610 3722 748 3789 animae
765 3723 909 3808 partibus
934 3725 1116 3810 composita
1131 3748 1205 3791 esse
1223 3725 1348 3812 nequit,
1366 3728 1424 3790 sed
1441 3723 1515 3790 sim·

315 3834 393 3918 plex
408 3844 501 3918 atque
517 3831 711 3918 incorporea
726 3833 769 3898 sit
784 3854 922 3898 necesse
941 3847 1001 3898 est.
1026 3837 1129 3920 Atque

427 3964 463 4038 c)
479 3960 637 4035 PauluS,
654 3961 788 4026 Athenis
805 3961 837 4025 in
854 3965 1031 4049 Areopago
1049 3961 1231 4036 disserens,
1250 3983 1292 4026 ex
1309 3960 1516 4047 simplicitate

315 4069 441 4133 animae
459 4083 590 4136 nostrae
607 4072 711 4135 Deum
727 4093 864 4158 quoque,
881 4070 932 4135 cui
949 4071 1071 4136 similes
1088 4071 1206 4147 simus,
1224 4071 1404 4157 simplicem
1421 4085 1516 4158 atque

314 4177 465 4262 spiritum
480 4201 595 4264 purum
612 4201 686 4244 esse
704 4179 860 4255 ostendit,
876 4179 1003 4245 dicens:
1032 4181 1166 4244 Genua
1182 4203 1272 4259 erpo
1297 4187 1517 4245 sumsimus

312 4291 411 4369 Det,
443 4310 520 4352 non
551 4295 1124 4373 dedemus,aestimcreaurm
1150 4304 1218 4354 aut
1241 4304 1431 4374 orpento,
1451 4305 1519 4356 aot

312 4401 462 4480 lapidi,
481 4406 720 4478 sculpturae
742 4405 865 4480 artie,
884 4413 923 4462 et
945 4405 1215 4478 copitationia
1231 4404 1424 4482 hominis,
1444 4404 1515 4464 Dt-

311 4511 448 4570 vinum
466 4529 553 4570 ease
576 4513 755 4588 similem.
1307 4509 1308 4513 ’

429 4764 454 4846 ¹)
470 4766 592 4830 Eccles.
617 4763 668 4842 12,
686 4765 716 4831 7.
733 4805 777 4816 -—
795 4768 821 4850 ⁸)
840 4765 869 4829 1.
887 4767 958 4831 (lor.
976 4766 1011 4844 2,
1030 4764 1081 4832 11.
1100 4805 1143 4819 --
1161 4768 1186 4851 ³)
1203 4769 1313 4830 Mattb.
1333 4764 1385 4845 10,
1403 4763 1456 4830 28.
1474 4803 1516 4820 --

311 4853 346 4940 ⁴)
362 4856 434 4919 Act.
455 4854 506 4934 ll,
522 4855 575 4923 28.
1275 4914 1278 4919 .
