3775 5625
357 458 424 530 372
473 467 476 472 ’

355 642 490 714 propter
522 640 555 692 et
577 631 724 718 Regnum
757 623 876 694 Christi
899 628 930 694 iu
954 623 1044 694 libris
1068 628 1106 693 N.
1124 627 1162 694 T.
1187 650 1321 710 requam
1338 628 1500 692 coelorum
1512 629 1532 705 ¹)

355 750 448 823 atque
464 761 597 818 reanum
613 740 725 821 Dav)
742 738 862 823 passim
878 750 1022 802 vocatur.

460 883 570 948 Fidem
587 883 705 949 Christi
722 884 923 957 terrestrium
939 904 1046 947 rerum
1062 883 1137 947 nihil
1154 902 1291 968 prorsus
1308 881 1474 948 continere
1488 895 1529 947 aut

354 1004 523 1078 appetere,
556 995 613 1057 sed
638 994 686 1057 sic
710 1015 788 1058 suos
812 995 962 1057 asseclas'
981 1014 1038 1077 per
1055 994 1215 1057 mundana·
1229 994 1405 1068 deducere,
1430 1006 1527 1056 utnon

353 1102 498 1166 amittant
513 1114 657 1176 aeterna,
679 1101 843 1167 Catholica
859 1122 1018 1186 uunquam
1035 1123 1098 1164 non
1116 1102 1217 1165 tenuit
1231 1102 1432 1176 Ecclesia,
1448 1122 1525 1165 suos·

352 1233 412 1297 que
422 1212 535 1296 jussit,
560 1232 641 1297 quae
657 1233 785 1276 sursum
803 1224 887 1286 suut,
904 1232 1072 1296 quaerere,
1094 1233 1158 1275 non
1176 1231 1256 1297 quae
1273 1222 1349 1275 sunt
1365 1231 1462 1295 super
1477 1223 1523 1273 ter·

351 1343 430 1388 ram.
454 1326 652 1408 Argumeuto
669 1333 742 1384 sunt
759 1320 864 1384 omnia
881 1332 1083 1385 monumenta
1105 1320 1343 1395 ecclesiastica,
1367 1339 1465 1404 opera
1479 1322 1524 1384 SS.

350 1435 490 1505 Parrum,
509 1431 671 1514 Symbola,
688 1451 815 1514 preces,
830 1429 957 1514 publica
973 1429 1118 1494 doctrina
1129 1430 1164 1509 ³).

456 1577 603 1663 Regnum
619 1589 723 1640 autem
740 1578 802 1641 hoc
819 1575 938 1641 Christi
956 1575 1118 1661 spirituale
1135 1577 1253 1639 nullum
1270 1575 1353 1639 aliud
1370 1588 1429 1650 est,
1446 1595 1523 1660 quan

350 1685 546 1751 Ecclesia.
562 1677 716 1771 Ejusdem
732 1708 810 1750 vcro
828 1686 975 1751 Christus
992 1686 1075 1749 Rex
1092 1698 1142 1749 est
1157 1708 1195 1750 ac
1211 1684 1416 1759 Dominus,
1432 1696 1521 1770 quate-

348 1818 408 1860 uus
425 1817 496 1860 eam
513 1796 654 1860 fundavit
670 1817 708 1860 ac
723 1795 868 1871 instituit,
885 1809 917 1860 et
932 1808 1087 1882 quatenus
1104 1796 1221 1859 sedens
1239 1796 1278 1858 ad
1295 1795 1459 1858 dexteram
1470 1813 1521 1856 ma·

343 1905 472 1989 jestatis
492 1905 525 1969 in
545 1904 684 1970 excelsis
706 1907 788 1989 apud
804 1907 932 1969 Patrem
947 1904 1130 1979 intercedit,
1146 1905 1293 1989 illamque
1310 1925 1368 1988 per
1386 1902 1521 1988 Spiritum

348 2018 380 2078 S.
388 2015 475 2077 l'ovet
490 2036 529 2077 ac
543 2006 712 2101 gubernat,
729 2027 761 2077 et
777 2014 922 2101 singulos
940 2013 1086 2078 homiues
1103 2035 1161 2098 per
1177 2035 1249 2078 eam
1265 2026 1360 2099 atque
1376 2034 1433 2097 per
1447 2033 1519 2077 com·

347 2122 538 2188 ruunicatam
556 2124 693 2208 Spiritus
711 2129 744 2189 S.
762 2123 899 2210 gratiam
916 2122 1067 2208 adfinem
1084 2145 1176 2187 suum
1193 2122 1315 2211 dirigit.

456 2226 616 2316 Christum
647 2251 818 2314 Dominum
834 2250 1016 2316 Ecclesiam
1033 2252 1199 2325 fundasse,
1221 2250 1316 2314 nullis
1338 2252 1478 2314 locorum
1492 2267 1520 2310 ac

348 2358 500 2443 temporis
522 2358 673 2422 limitibus
696 2358 1038 2433 circumscribendam,
1061 2358 1152 2443 eique
1175 2360 1342 2442 praesules
1360 2378 1454 2422 sacra
1468 2376 1519 2420 ma·

345 2466 484 2554 gislerii,
516 2466 683 2534 ministerii
704 2488 742 2531 ac
763 2467 927 2554 regiminis
950 2480 1109 2552 potestate
1124 2467 1320 2542 instructos,
1342 2466 1519 2554 Episcopus,

344 2575 456 2662 hisque
487 2574 656 2639 inferiores
687 2576 902 2660 Presbyteros
934 2598 972 2640 ac
1002 2576 1167 2640 Diaconos
1190 2597 1248 2640 seu
1270 2575 1440 2640 Ministros
1462 2595 1520 2639 curu

343 2682 493 2757 Primate,
524 2682 666 2770 legitimo
699 2687 732 2748 S.
764 2663 850 2748 Petri
882 2706 1087 2759 successore,
1119 2686 1264 2748 llomauo
1297 2683 1463 2758 Pontifice,
1486 2718 1519 2729 -

346 2813 561 2876 perennem
576 2794 868 2877 Apostolorum,
885 2815 961 2859 suas
978 2792 1065 2858 vices
1082 2806 1260 2881 gerentem,
1276 2792 1521 2879 —praelccisse

343 2901 416 2964 alibi
438 2901 569 2966 anobis
592 2915 757 2966 ostensum
779 2915 837 2966 est.
862 2902 951 2966 Unde
969 2924 1007 2966 ca
1023 2903 1215 2978 omittimuS,
1248 2904 1451 2968 solummodo
1473 2904 1522 2965 hoc

342 3034 437 3075 rurum
460 3014 670 3086 adnotantes,
688 3033 800 3075 omues
816 3012 991 3076 sententias
1008 3012 1125 3076 ibidem
1142 3015 1383 3078 demonstratas
1406 3013 1523 3078 totidem

343 3119 471 3186 delinita
487 3121 655 3186 Ecclesiae·
670 3120 853 3186 Catholicae
870 3123 1021 3209 dogmata
1037 3144 1121 3186 esse.

447 3253 576 3312 Adnot.
617 3255 758 3330 Regnum
786 3253 902 3332 itaque,
925 3254 1003 3330 quod
1027 3255 1106 3312 Jesu
1125 3264 1158 3313 ut
1173 3251 1311 3314 Messiae
1329 3275 1387 3314 seu
1413 3255 1522 3315 Christo

344 3361 504 3438 competit,
522 3380 539 3419 a
556 3380 656 3439 regno
674 3361 740 3436 ejus
758 3372 929 3431 naturae,
953 3362 1030 3439 quod
1047 3372 1081 3421 ut
1097 3363 1237 3422 Verbum
1255 3364 1393 3423 divinum
1412 3371 1524 3424 exercet

343 3471 372 3527 iu
390 3488 495 3528 rerum
514 3481 692 3529 creatarum
710 3472 964 3542 universitatem,
989 3482 1079 3550 atque
1104 3491 1171 3532 cum
1196 3475 1292 3533 Patre
1315 3483 1346 3532 et
1365 3474 1481 3551 Spiritu
1496 3472 1523 3533 S.

344 3596 503 3637 commune
520 3578 624 3648 habet,
649 3581 771 3651 differt,
796 3590 887 3658 atque
903 3581 935 3638 in
952 3600 1084 3658 regnum
1101 3582 1256 3658 gratiae
1274 3592 1306 3641 ct
1323 3584 1474 3661 gloriae
1488 3581 1522 3638 dl·

345 3685 463 3762 stingui
486 3695 604 3761 potest,
631 3706 758 3763 quorum
785 3689 859 3747 illud
881 3690 918 3748 ad
935 3690 1111 3750 Ecclesiam
1128 3691 1310 3749 militantem
1327 3691 1358 3749 in
1377 3693 1469 3751 terris
1483 3707 1521 3747 ra·

345 3791 457 3862 fertur,
473 3793 530 3853 hoc
548 3805 649 3854 autem
667 3797 703 3855 ad
720 3798 894 3857 Ecclesiam
913 3799 1150 3875 triumphantem
1167 3800 1198 3858 in
1216 3801 1315 3860 coelis
1333 3811 1462 3878 spectat.

343 3974 560 3991 ——·——-

455 4096 602 4174 ¹)Matth.
620 4100 655 4175 3,
672 4101 703 4163 2.
721 4100 756 4185 4,
775 4101 827 4169 17,
847 4101 903 4186 10,
921 4103 950 4167 7.
972 4104 1030 4180 11,
1050 4105 1101 4168 11.
1121 4105 1176 4182 13,
1196 4106 1248 4170 11.
1266 4105 1321 4172 24,
1339 4108 1394 4173 31.
1411 4106 1461 4171 44
1474 4101 1516 4166 40

347 4180 401 4245 47
418 4182 471 4246 52
491 4147 693 4266 16142’0,
711 4192 741 4255 1.
758 4192 818 4265 22,
835 4152 1009 4269 22313
1041 4198 1114 4262 Act
1131 4196 1257 4273 2025
1276 4199 1330 4272 28
1349 4199 1515 4263 23etc*

350 4273 615 4350 ².)Matth6,33.
636 4280 692 4355 12,
714 4281 767 4345 28.
796 4284 932 4356 21,1.43
965 4286 1110 4363 Marc.,l
1129 4286 1180 4350 14.
1202 4287 1309 4366 154,
1334 4290 1386 4353 11.
1407 4283 1512 4354 2630

348 4335 1511 4455 83912341543Βυε44372881109216062

349 4452 706 4531 10,9.11.11,2.20.
727 4462 847 4539 12,31.
868 4465 1418 4550 13,18.16,16.17,20.ε1ε.-
1439 4465 1507 4555 ⁸)OE

347 4544 997 4638 Matth.16,18.Epues.1,22.23.001.
1018 4558 1116 4633 1,18.
1135 4570 1167 4622 et
1182 4563 1214 4624 ll
1231 4585 1314 4628 mox.
1332 4586 1374 4628 cc.
