3775 5625
1417 405 1483 479 425

290 596 381 650 nam,
407 587 562 662 qnatenus
586 597 643 660 per
667 575 804 663 gratiam
828 575 911 639 illam
935 576 1008 641 elati
1023 577 1054 639 in
1073 576 1272 641 consortium
1289 589 1422 642 natnrao
1439 576 1483 641 di·

289 686 393 760 vinae,
411 698 570 770 tamquam
586 686 737 759 membra,
756 684 885 749 Christo
903 684 997 769 capiti
1015 684 1118 759 nnita,
1143 686 1213 770 ejus
1234 686 1349 771 spiritu
1366 685 1483 751 anima·

289 818 361 859 mur
391 807 423 860 et
444 792 589 857 vivimus.
628 794 827 858 Haeredes
848 807 953 859 atatem
980 815 1090 858 snmus
1118 795 1200 859 vitae
1224 808 1390 870 aeternae,
1421 818 1484 860 non

289 904 366 990 qnia
383 904 478 968 nohis
495 916 545 968 est
561 902 696 969 felicitas
713 917 843 969 aeterna
859 904 1039 989 promissa,
1062 906 1119 968 sed
1141 904 1290 990 quoniam
1310 927 1368 992 per
1387 905 1483 971 inter·

296 1035 369 1079 nam
388 1014 491 1079 nostri
508 1014 747 1078 innovationem
764 1035 801 1077 ac
818 1014 1118 1088 sanctificationem,
1136 1012 1229 1101 culpi
1245 1028 1277 1080 et
1292 1012 1395 1101 poeni
1411 1037 1484 1101 pec·

293 1137 441 1189 catorum
473 1135 659 1187 nostrornm
691 1145 748 1209 per
765 1124 878 1188 merita
895 1122 1014 1189 Christi
1033 1121 1222 1200 condonati,
1241 1124 1328 1212 digni
1345 1124 1438 1190 simul
1454 1137 1487 1189 et

289 1254 427 1319 capaces
444 1255 554 1297 sumus
568 1246 717 1297 aeternae
729 1232 852 1320 gloriae
874 1232 991 1308 effecti,
1004 1255 1086 1319 qnae
1109 1233 1233 1319 quidem
1250 1233 1424 1298 infantibus
1440 1234 1485 1297 in·

289 1354 357 1408 star
389 1341 609 1418 haereditatis,
642 1342 756 1407 adultis
779 1357 883 1407 autem
907 1365 969 1407 arna
990 1356 1151 1429 tamqnam
1173 1364 1299 1408 merces
1317 1357 1348 1407 et
1365 1364 1487 1409 corona

289 1452 465 1516 confertur.
503 1452 585 1516 Nam
602 1473 700 1536 opera
716 1454 816 1525 bona,
834 1473 913 1538 quae
931 1473 972 1516 ex
990 1453 1093 1516 corde
1111 1451 1290 1537 justificato
1306 1454 1488 1537 procedunt

288 1562 408 1625 liabent
424 1561 487 1626 vim
504 1561 640 1649 gloriam
657 1574 829 1636 aeternam,
846 1575 939 1648 atque
955 1560 1080 1648 gratiae
1099 1574 1131 1625 et
1141 1560 1264 1649 gloriae
1282 1574 1485 1649 augmentum

288 1670 506 1755 promerendi,
538 1673 622 1757 quod
654 1671 761 1736 verbis
794 1671 911 1735 ultimis
944 1670 1138 1735 definitionis
1171 1673 1278 1736 datae:
1320 1691 1485 1755 capaces

289 1800 452 1864 operum
469 1780 775 1855 meritoriornm‚
787 1780 973 1869 significare
990 1780 1159 1845 voluimus.
1180 1780 1363 1865 ddjecimns
1380 1793 1486 1845 autem

287 1888 341 1952 illa
351 1888 426 1953 item
436 1910 670 1974 pererroneam
683 1889 859 1954 doctrinam
870 1888 1121 1954 Protestantinm
1131 1888 1309 1974 provocati,
1319 1889 1372 1975 qui
1385 1887 1483 1954 omui·

287 1999 350 2063 bns
381 1998 518 2062 hominis
550 1998 642 2063 etiam
670 1998 837 2083 justificati
869 1998 1035 2085 operibus,
1056 1998 1101 2063 nti
1125 1998 1306 2071 bonitatem,
1323 1997 1367 2062 ita
1383 2010 1415 2066 et
1431 2019 1483 2063 ue·

289 2107 477 2173 cessitatem
494 2121 526 2172 et
542 2108 678 2193 pretium
696 2131 789 2175 omne
807 2109 1036 2195 abjudicarunt.

655 2406 680 2485 ξ.
698 2399 765 2469 ot.
783 2402 1095 2473 continuatio.

399 2594 508 2668 Dicto,
530 2594 604 2680 quid
626 2596 732 2682 gratia
743 2597 929 2681 justificans
946 2597 1003 2672 sit,
1026 2598 1118 2663 facile
1140 2600 1237 2662 modo
1259 2597 1377 2683 exponi
1394 2581 1482 2683 pote·
1579 2636 1582 2642 -

286 2704 339 2777 rit,
358 2704 431 2789 quid
448 2706 506 2768 suh
518 2704 816 2788 justificatione
833 2707 875 2771 sit
890 2706 1148 2794 intelligendum,
1166 2728 1246 2793 qtrae
1263 2707 1303 2770 nil
1323 2707 1405 2771 alind
1422 2719 1482 2780 est,

285 2835 381 2899 qnam
397 2813 521 2899 gratiae
532 2814 740 2898 justificantis
757 2817 894 2881 collatio.

392 2922 475 2986 Hinc
491 2922 702 3008 concipienda
718 2938 768 2989 est
779 2926 1039 3009 justificatio
1061 2939 1100 2990 ut
1121 2927 1229 2990 actio
1247 2926 1391 3000 divina,
1415 2947 1485 3011 qua

288 3031 437 3120 gratis,
454 3032 501 3096 ob
518 3032 660 3097 merita
685 3034 851 3108 Christi,
875 3057 943 3120 per
961 3035 1150 3121 Spiritum
1168 3039 1201 3099 S.
1221 3035 1356 3122 gratia
1366 3033 1482 3120 justi·
1501 3091 1504 3094 ,

285 3141 415 3206 ficans
431 3141 469 3205 in
487 3141 672 3206 cordibus
688 3143 841 3207 nostris
858 3144 1107 3218 diffunditur,
1124 3165 1271 3229 nosque
1287 3143 1483 3208 reddimur

286 3262 505 3314 consortes
521 3261 684 3314 naturae
701 3251 870 3326 divinae,
887 3273 955 3316 seu
971 3272 989 3315 e
1006 3263 1111 3315 statu
1129 3251 1266 3316 mortis
1281 3252 1318 3315 in
1340 3264 1484 3316 statum

282 3358 391 3423 vitae
408 3359 694 3424 transferimur
711 3361 949 3445 spiritualim
967 3361 1017 3425 vel
1033 3374 1093 3436 est,
1109 3363 1249 3426 athabet
1267 3361 1484 3426 Concilium

234 3452 255 3519 3⁷
285 3467 584 3545 Tridentinum,
601 3475 833 3534 translatio
852 3475 899 3533 ad
916 3494 958 3533 eo
976 3480 1103 3550 statu,
1128 3480 1169 3534 io
1191 3494 1266 3554 pao
1283 3479 1393 3534 ltomo
1411 3493 1484 3533 aa·

283 3586 416 3640 scitur
430 3582 556 3658 filias
568 3588 687 3661 primi
708 3583 814 3642 Adae
836 3588 876 3642 in
897 3589 1047 3643 statum
1060 3588 1223 3658 prateae
1243 3592 1282 3645 et
1296 3585 1483 3662 adoptio-

284 3691 558 3767 nisfiliornm
589 3691 679 3765 Dei,
710 3712 779 3769 per
811 3693 1032 3752 secundum
1053 3693 1176 3752 Adam
1199 3692 1338 3753 Jesam
1367 3691 1483 3752 Otre-

282 3806 389 3858 stum
400 3843 412 3874 ,
432 3796 691 3860 Salvatorem
713 3797 946 3883 nostram¹).
985 3799 1028 3861 Et
1050 3800 1130 3862 haec
1153 3798 1279 3883 quidem
1301 3811 1352 3862 est
1368 3797 1484 3882 justifi-

282 3904 386 3976 catio,
413 3903 442 3967 si
465 3916 647 3989 spectatur,
665 3919 819 3991 quatenns
835 3907 851 3969 f
857 3906 867 3968 i
880 3918 907 3978 t;
925 3905 1055 3970 sienim
1076 3907 1313 3980 consideratur,
1330 3918 1484 3990 quatenus

281 4027 358 4088 est,
389 4026 534 4078 statum
566 4014 838 4079 felicissimum
876 4016 1031 4080 animae
1063 4016 1229 4091 indicat,
1261 4036 1331 4101 per
1362 4014 1483 4078 illum

279 4136 410 4188 actum
443 4122 613 4186 divinum
653 4126 896 4208 productum,
927 4137 964 4189 et
991 4145 1010 4188 a
1028 4124 1188 4209 justitia
1212 4123 1326 4188 nobis
1351 4123 1482 4187 inhae-

278 4243 396 4298 rente
414 4252 488 4294 non
506 4231 652 4296 differt.

391 4345 519 4405 Adnot.
539 4340 567 4406 1.
586 4345 697 4404 Gratia
708 4347 904 4421 justificans,
922 4356 955 4405 nt
973 4366 1011 4406 ex
1028 4346 1119 4406 dietis
1138 4346 1309 4423 colligitur,
1325 4346 1477 4422 imprimis

278 4455 403 4534 quidem
427 4453 464 4512 ad
484 4455 673 4512 voluntatem
699 4455 853 4525 refertur,
890 4465 1023 4514 attamen
1046 4456 1136 4514 simul
1159 4456 1338 4515 facultatem
1364 4473 1478 4532 cogno·

277 4564 390 4624 scendi
407 4563 514 4630 afficit,
532 4572 689 4640 totumque
708 4565 826 4624 animae
844 4575 958 4624 statum
975 4565 1097 4642 perficit
1114 4574 1145 4623 et
1162 4565 1197 4622 ad
1215 4565 1480 4640 supernaturalem

278 4752 501 4771 ..Ι-Ἶ-

389 4855 420 4932 ¹)
437 4852 522 4917 Sese.
541 4856 570 4914 6.
587 4853 751 4934 Dejaota'f.
769 4875 794 4915 c.
809 4858 840 4916 4.
