3775 5625
1366 397 1368 402 ’
1461 430 1526 497 165

331 602 474 660 amnium
489 600 670 672 hominnm,
694 602 751 676 ani
767 603 956 678 salvantur,
984 610 1020 661 at
1034 604 1135 661 electa
1151 603 1298 661 calnmha
1313 609 1362 660 est
1377 618 1443 661 ana
1467 603 1528 662 illa

331 714 417 781 sala,
446 729 529 786 anae
550 708 719 771 Christum
735 712 850 786 qenait
879 710 980 785 Virpo
1009 718 1112 769 mater
1139 710 1253 786 praelia
1285 708 1418 788 Maria,
1445 729 1528 787 anae

323 822 509 899 paritate
531 820 717 895 profecta
749 816 957 878 Cherubim
978 828 1016 878 et
1038 815 1247 894 Seraphim
1274 822 1527 896 antecellit¹).

324 926 497 992 Proclns
515 927 551 1006 (†
567 922 649 1002 446)
668 936 790 998 autem,
813 923 999 988 Patriarcha
1021 922 1409 1008 Constantinopolitanus‚
1436 926 1529 1010 plane

237 1119 239 1124 Ι
318 1040 444 1103 heatae
461 1031 605 1121 Virginis
622 1032 884 1118 conceptionem,
909 1054 1003 1118 qnam
1019 1034 1177 1117 adpellant
1199 1033 1351 1108 activam,
1375 1034 1527 1101 immacu·

317 1150 426 1212 latam
443 1163 518 1208 esse
534 1144 644 1218 docet,
669 1141 745 1207 dicit
761 1142 861 1206 enim:
885 1144 965 1205 Nan
980 1148 1170 1206 meminerat
1190 1144 1238 1223 (S.
1256 1144 1455 1228 saraphas),
1469 1167 1528 1226 pa·

313 1260 434 1323 tuisse
449 1274 519 1317 eam
533 1257 623 1330 effici
637 1254 702 1315 Dei
725 1259 892 1332 temptam,
918 1274 1002 1331 anae
1021 1273 1065 1314 ea
1085 1260 1219 1315 mando
1244 1265 1333 1317 erat
1350 1257 1530 1329 formata

310 1376 435 1432 luto:
462 1368 580 1427 latebat
595 1382 731 1424 enmea
757 1366 958 1439 virainali
981 1382 1124 1423 rarans
1146 1368 1337 1440 paradiso
1363 1367 1528 1426 inteme-

302 1500 336 1541 r
348 1479 436 1538 atis
451 1475 585 1536 Domini
599 1471 747 1535 manitas
767 1474 926 1550 placaturi
942 1478 1116 1533 secandam
1127 1474 1274 1551 Adamss).
1293 1509 1336 1519 -
1354 1474 1460 1536 Sacc.
1477 1473 1529 1537 Vl.
1581 1554 1586 1562 Δ

296 1586 344 1650 F
359 1581 562 1669 migentius
584 1580 641 1646 ait:
659 1585 701 1644 In
714 1585 814 1659 primi
829 1584 970 1644 hominis
980 1586 1116 1660 ronjaqe
1132 1588 1278 1662 neanitia
1294 1587 1416 1646 diaboli
1432 1589 1530 1645 seda-

291 1706 416 1759 otom
430 1698 620 1772 depravavit
632 1703 788 1768 mentem
812 1696 848 1753 in
869 1696 1000 1753 secandi
1022 1703 1127 1753 antem
1144 1695 1285 1755 hominis
1299 1704 1402 1755 matre
1419 1696 1531 1772 pratia

284 1805 398 1864 Dei
413 1815 445 1865 et
458 1813 594 1865 mentem
609 1806 802 1880 intepram
819 1806 1017 1880 servavit,
1037 1812 1069 1863 et
1084 1801 1257 1881 caratem³).
1273 1801 1316 1865 Et
1332 1799 1420 1865 alibi:
1449 1803 1532 1865 Cam

280 1915 421 1974 linit
436 1909 608 1996 (Angelus)
622 1916 736 1988 aratia
748 1913 859 1990 plena,
879 1915 1030 1989 ostendit,
1049 1931 1098 1971 ea
1114 1916 1270 1989 intepra
1288 1910 1342 1990 (ab
1361 1915 1413 1989 aa)
1431 1916 1533 1973 iram

275 2028 536 2084 exalatam
557 2025 709 2099 primae
738 2023 977 2097 tententiae,
1003 2030 1041 2080 et
1052 2025 1211 2097 plenam
1243 2018 1391 2099 (Mariae)
1420 2026 1530 2083 hene-

272 2132 307 2185 ἱ
318 2133 361 2188 ἰ
378 2135 522 2193 ationis
535 2134 711 2208 qratiam
728 2131 1000 2205 restitutam).
1019 2165 1059 2175 -
1078 2128 1264 2192 Saechl.
1285 2127 1532 2213 Sophronias·

272 2236 354 2312 Η·
398 2237 492 2316 638),
525 2236 577 2323 qni
604 2234 736 2300 Mariam
767 2235 933 2321 Virginem
960 2248 1055 2299 vocat
1078 2243 1123 2299 ah
1156 2244 1257 2300 amni
1288 2244 1532 2318 cantapiane

272 2344 337 2399 li
362 2352 545 2426 bernw).
575 2346 750 2411 Andreas
783 2344 1009 2419 Cretensis,
1042 2366 1112 2409 eam
1145 2366 1218 2409 esse
1241 2345 1331 2420 dicit,
1353 2368 1452 2427 puae
1483 2368 1531 2410 ea

271 2466 302 2506 ’τ
322 2462 563 2520 niversati
592 2460 789 2531 fermento
822 2475 898 2516 nan
934 2467 995 2518 est
1029 2461 1273 2535 fermentata
1308 2476 1366 2519 seu
1398 2463 1531 2520 snhaata

274 2560 406 2632 (tot
424 2556 496 2625 ὅλου
510 2559 684 2643 φυράματος
697 2559 715 2642 ἡ
730 2555 770 2642 μὴ
785 2563 997 2644 panchaiam).
1013 2567 1055 2629 Et
1067 2565 1290 2629 lldefansus
1303 2566 1531 2632 Toletanna:

279 2663 493 2750 Oonstat,
516 2674 631 2760 inquit,
653 2696 697 2737 ea
718 2681 894 2738 anteritate
914 2677 1101 2754 Ecclesiae,
1127 2682 1215 2755 qnod
1233 2678 1379 2755 nattis,
1403 2684 1531 2754 quando

278 2791 414 2848 nata
433 2797 495 2861 est,
521 2789 726 2866 sahjacait
740 2783 868 2866 (Maria)
886 2791 1055 2859 delictis,
1077 2806 1144 2848 nee
1165 2792 1374 2848 contradit
1388 2792 1423 2848 in
1438 2797 1531 2850 atera

281 2899 536 2972 &notificata
553 2896 1180 2974 aripinatepeaeatan').-saee.
1192 2894 1272 2958 vlll.
1291 2893 1403 2958 scribit
1419 2897 1438 2958 J
1447 2915 1531 2959 oan-

284 3011 311 3052 [Ι
339 3021 409 3068 es
424 3005 616 3068 Damaso:
640 3007 682 3067 In
698 3007 785 3067 hana
797 3010 989 3084 paradisum
1006 3009 1184 3080 serpenti
1211 3008 1344 3066 aditus
1367 3025 1444 3067 nan
1462 3027 1533 3080 pa·

287 3111 371 3170 lu
388 3120 433 3195 it,
459 3108 513 3172 ain
536 3108 601 3191 ἔσχε
620 3110 832 3188 παρείσδυσιν,
850 3119 944 3193 cajus
957 3117 1067 3188 falsae
1083 3117 1264 3175 diainitatis
1280 3113 1454 3186 rapiditate
1472 3119 1532 3190 fla·

286 3231 484 3305 arantes,
493 3229 653 3305 sumentia
669 3245 781 3287 sanans
796 3229 982 3299 coaeparati.
1000 3225 1073 3298 Ipse
1089 3227 1173 3283 enim
1189 3227 1377 3300 unipenitas
1390 3224 1451 3283 Dei
1467 3224 1532 3284 Fi·

290 3323 422 3414 lt‘ua,
446 3354 518 3396 anm
533 3334 623 3397 Dens
645 3346 730 3396 esset
756 3338 958 3413 mnsdemwe
974 3353 1012 3394 aa
1033 3337 1138 3396 Pater
1161 3338 1377 3407 substantiae,
1406 3354 1449 3394 ea
1472 3335 1534 3395 hac

292 3437 466 3520 vit-aine
486 3465 525 3505 aa
544 3463 648 3516 para
673 3455 784 3506 terra
809 3448 949 3518 seipsam
972 3448 1007 3504 in
1035 3445 1195 3504 hominem
1225 3445 1394 3516 formavit.
1426 3443 1533 3505 Hodie

293 3545 430 3630 ”irpo
447 3559 705 3616 immaculata
712 3600 723 3632 ,
745 3574 827 3631 anae
843 3556 929 3614 anihil
944 3564 1149 3614 terrenarum
1166 3551 1373 3626 affectionum
1389 3556 1530 3634 admisit,

293 3663 405 3723 4οπ
418 3667 451 3724 in
468 3673 588 3724 terram
605 3683 738 3724 reversa
754 3674 802 3724 est
805 3685 820 3740 ;
847 3673 882 3724 at
896 3699 940 3708 —
957 3667 992 3722 in
1013 3661 1204 3723 coelestidus
1227 3665 1446 3723 tabernaculis
1468 3667 1532 3724 eal·

298 3757 345 3814 ¹⁰
354 3781 465 3833 catar
475 3769 512 3849 ⁸).
529 3769 612 3834 Alibi
634 3771 667 3834 B.
684 3768 851 3857 Virginem
869 3781 1057 3853 conceptam
1073 3772 1227 3844 foetam
1247 3775 1423 3850 pratiae,
1440 3773 1532 3845 faa·

233 3876 235 3921 ἶ
300 3870 727 3943 l'tmoanatissimam
743 3879 925 3964 adpellat⁹).
957 3881 1096 3942 Petrus
1113 3877 1338 3953 Damianus‚
1364 3877 1414 3964 qni
1432 3899 1531 3943 saec.

302 4030 551 4063 N———a

445 4142 476 4210 1)
496 4137 601 4196 Trinm
616 4140 684 4202 ΡΡ.
702 4133 854 4198 comment.
872 4137 906 4195 in
923 4136 1009 4198 Cant.
1028 4136 1115 4196 Cant.
1132 4135 1168 4194 ln
1186 4133 1338 4196 (inland.
1361 4134 1446 4198 Bibl.
1463 4136 1532 4194 ΡΡ.

310 4199 366 4277 P·
398 4224 424 4288 6.
441 4249 472 4307 p.
490 4223 566 4289 696.
583 4264 627 4274 -
645 4231 674 4305 ²)
695 4230 780 4288 Orat.
807 4231 834 4287 6.
861 4230 992 4291 Laudat.
1009 4227 1042 4288 S.
1059 4226 1187 4304 Deipen.
1206 4225 1288 4288 Biat.
1305 4246 1386 4287 marc.
1409 4228 1474 4285 ΡΡ.
1493 4225 1532 4288 Τ.

312 4291 352 4394 {5-
386 4335 416 4396 p.
430 4314 506 4382 597.
524 4340 548 4380 c.
569 4316 596 4379 l.
615 4317 649 4380 G.
669 4355 710 4365 -
729 4315 756 4402 8)
772 4319 869 4380 Serm.
888 4323 915 4378 2.
934 4322 981 4377 De
997 4320 1079 4392 dnpl.
1097 4316 1190 4377 nativ.
1209 4317 1281 4378 cnr.
1299 4336 1329 4374 n.
1348 4318 1376 4376 6.
1404 4313 1484 4395 Opp.
1501 4336 1531 4394 p.

313 4388 414 4470 ⁰54.
429 4445 473 4455 —
490 4413 522 4489 4)
539 4408 636 4470 Serm.
653 4414 703 4475 37.
720 4414 756 4469 de
772 4412 854 4470 land.
872 4411 954 4471 Mar.
971 4428 1008 4468 ee
1022 4416 1116 4486 parta
1131 4406 1312 4470 Salvatoris.
1331 4405 1411 4486 Opp.
1427 4427 1457 4485 p.
1475 4402 1531 4466 54.

313 4504 376 4533 x
389 4503 416 4577 ³)
430 4501 531 4576 Epist.
539 4505 645 4578 synod.
661 4503 744 4561 Man
753 4504 793 4560 si.
813 4502 886 4564 Oott.
897 4501 1035 4561 OnnaT.
1046 4497 1097 4560 11.
1106 4520 1131 4558 c.
1148 4495 1224 4559 474.
1235 4534 1275 4543 -
1287 4496 1314 4574 ⁸)
1325 4498 1377 4558 Or.
1387 4501 1422 4556 cle
1437 4495 1531 4556 natta

315 4566 359 4635 ⁸·
388 4590 466 4656 Mar.
485 4590 565 4671 Opp.
584 4592 713 4652 (inland.
732 4590 770 4654 T.
790 4589 842 4655 13.
859 4614 889 4670 p.
906 4588 960 4652 95.
979 4612 1005 4650 a.
1024 4627 1067 4635 -
1088 4591 1115 4665 ⁷)
1134 4590 1249 4651 Oontra
1265 4609 1330 4661 eas,
1353 4589 1406 4664 qni
1426 4587 1531 4662 dispa-

315 4663 407 4738 ‘ava
422 4685 457 4742 a
473 4689 622 4758 palpem
645 4683 781 4760 vappam.
805 4682 837 4744 a.
855 4681 976 4741 nanae
992 4689 1042 4742 aa.
1060 4682 1142 4743 arnt.
1158 4701 1197 4742 n.
1214 4683 1282 4742 ΡΡ.
1299 4679 1396 4758 nuga.
1414 4679 1452 4738 n.
1480 4675 1531 4741 12.

315 4761 357 4821 p·
375 4765 454 4834 566.
465 4774 504 4837 Ε.
523 4809 565 4819 -
585 4771 612 4850 8)
629 4776 719 4836 Han.
737 4777 765 4835 1.
782 4774 818 4832 in
832 4772 925 4834 nativ.
942 4778 981 4834 B.
999 4775 1041 4834 M.
1063 4775 1096 4835 V.
1115 4770 1196 4851 Opp.
1221 4769 1259 4832 T.
1278 4769 1307 4832 2.
1323 4791 1352 4849 p.
1370 4765 1532 4853 842.-⁹)

317 4836 425 4924 Hom.
442 4868 471 4927 2.
493 4865 528 4923 a
550 4866 669 4928 norma
690 4868 730 4928 a.
754 4866 795 4928 n.
823 4867 856 4926 V.
883 4868 958 4949 aa.
982 4863 1028 4923 n.
1045 4884 1075 4942 p.
1093 4859 1169 4926 869.
