3775 5625
352 402 419 469 226

353 566 466 633 Clem.
491 566 599 630 Alex.
612 567 653 646 ¹),
685 566 822 630 Patres
847 562 1116 628 Antiochenos
1141 562 1537 640 summoneatur

350 674 553 741 Samosateai
570 686 788 762 congregatos
802 676 843 752 ²),
876 674 1128 737 Athanasium
1141 674 1182 752 ³),
1215 673 1534 755 Tertulliannm⁴l

349 797 381 849 et
397 784 624 869 Cyprianum
634 788 672 863 ⁵).

461 893 498 961 0,
523 893 625 974 Quum
641 891 725 958 enini
741 891 837 973 Arius
871 890 1000 956 Christo
1023 889 1216 955 divinitatem
1241 893 1435 979 abnegaret:
1466 892 1546 977 Epi.

349 1002 440 1087 scopi
463 1001 561 1066 totius
592 1000 682 1066 orbis
713 999 887 1066 Christiani
918 1000 1083 1064 Nicaeae
1117 1000 1324 1088 congregati,
1357 999 1546 1074 anctoritat

348 1111 533 1196 Scripturas
558 1123 652 1195 atque
677 1109 856 1174 Traditioni
887 1107 1128 1175 ecclesiasticae
1160 1108 1366 1184 insistentes,
1398 1111 1546 1196 dogma!

347 1232 461 1288 aosho
494 1241 611 1284 novum
634 1220 735 1284 robur
756 1218 880 1283 solenni
901 1240 960 1282 sua
981 1216 1164 1282 definitione
1183 1218 1388 1293 addiderunt,
1404 1218 1546 1304 itluaqm

346 1331 458 1394 saltem
479 1330 563 1393 inter
592 1350 704 1393 omnes
721 1328 790 1391 veri
807 1326 944 1391 nominis
964 1326 1165 1391 Christianos
1182 1340 1275 1391 extra
1292 1348 1421 1392 omnem
1437 1327 1546 1406 disc}

345 1438 497 1524 ptationis
529 1439 629 1502 aleam
661 1438 873 1511 collocarunt,
906 1435 1122 1513 declarantes,
1145 1437 1326 1501 Ecclesiam
1354 1438 1485 1502 credere
1521 1449 1546 1515 i

344 1570 445 1613 uuum
461 1552 636 1613 Dominum
651 1550 767 1612 Jesum
786 1548 968 1644 Christum,
987 1548 1137 1609 Filium
1152 1549 1243 1629 Dei,
1261 1569 1311 1610 ea
1325 1550 1451 1611 Patre
1469 1567 1491 1610 a
1506 1581 1546 1626 q

345 1672 421 1723 tum
441 1664 707 1739 unipeuitum,
725 1663 842 1738 idest,
861 1678 910 1720 ea
928 1662 1154 1719 substantia
1169 1658 1328 1735 Patris,·
1345 1658 1464 1718 Deum
1491 1685 1546 1732 e,

343 1771 442 1850 Deo,
461 1776 568 1832 tumea
584 1789 628 1830 ea
645 1773 783 1849 lumine,
800 1770 920 1830 Deum
934 1788 1068 1829 aarum
1084 1787 1132 1828 ea
1148 1769 1230 1828 Deo
1246 1787 1349 1830 vero.
1376 1766 1443 1841 Qus·
1454 1788 1545 1846 pro.

341 1890 414 1956 pter
428 1899 489 1942 uos
505 1880 663 1959 homiues,
682 1889 714 1940 et
726 1889 861 1957 propter
876 1889 1022 1941 nostram
1038 1884 1174 1939 satutem
1189 1881 1362 1957 descendit,
1379 1887 1412 1939 et
1425 1881 1536 1946 iaceat

345 2000 443 2051 nattes
459 1999 519 2068 est,
537 1998 569 2050 et
584 1990 678 2050 homo
693 1990 806 2063 factus
820 1990 857 2065 θ).
882 1986 975 2064 Quod
998 1985 1184 2069 Symbolum
1205 2004 1224 2049 a
1246 1982 1422 2049 Concilio
1443 1983 1527 2054 Con

343 2093 696 2180 stantinopolitano
728 2106 761 2157 et
790 2093 987 2179 Ephesino
1021 2091 1326 2157 confirmatumfuit.
1361 2092 1519 2160 Conciliato

343 2216 448 2268 autem
473 2203 796 2268 Chalcedonense
823 2202 927 2268 eidem
952 2202 1083 2286 adjecit:
1113 2204 1219 2267 Unum
1244 2210 1515 2282 eundemquecou·

450 2368 476 2449 ¹)
494 2369 615 2432 Cohort.
633 2370 674 2427 ad
687 2375 765 2444 peut.
778 2388 807 2428 u.
823 2371 851 2428 1.
869 2366 950 2448 Opp.
967 2370 1005 2429 T.
1025 2367 1053 2429 1.
1070 2391 1098 2448 p.
1117 2367 1169 2429 6³.
1187 2370 1254 2427 Hoc
1269 2367 1367 2443 ipitur
1386 2368 1509 2433 Verbum

345 2461 495 2529 Christus,
512 2478 574 2518 aaa
589 2460 736 2530 solennat
750 2459 822 2517 otim
838 2479 978 2530 essemus,
987 2480 1080 2519 causa
1089 2460 1165 2537 fuit,
1182 2462 1268 2540 (uam
1282 2458 1335 2517 ille
1350 2470 1412 2520 tran
1424 2455 1508 2517 eratis

343 2554 425 2629 Deo)
442 2550 590 2610 sedidem
606 2549 695 2611 edam
710 2552 780 2609 bene
796 2570 859 2609 esse
873 2551 962 2611 uobis
979 2551 1074 2625 dedit,
1097 2557 1125 2609 et
1139 2552 1209 2629 jam
1238 2569 1338 2628 nuper
1368 2547 1506 2609 bominibus

344 2641 499 2721 apparuit,
517 2641 572 2717 qui
586 2643 670 2701 sotus
684 2649 822 2718 uterque,
838 2645 941 2703 Deus
957 2649 985 2702 et
1000 2645 1100 2712 homo,
1119 2649 1171 2706 est.
1189 2678 1230 2688 -
1249 2636 1276 2725 ²)
1292 2640 1395 2716 Epist.
1412 2635 1505 2716 spart

339 2736 435 2795 Paul.
452 2732 570 2795 Samos.
586 2733 720 2805 MansI,
737 2734 811 2794 Coit.
831 2734 920 2795 Caua.
938 2733 978 2796 T.
990 2734 1025 2795 l.
1045 2755 1071 2795 c.
1091 2730 1186 2794 1038.
1204 2732 1331 2806 Filium,
1341 2732 1394 2808 qui
1403 2723 1504 2806 estoprl

344 2829 484 2896 Patrem,
511 2828 629 2885 Deum
653 2826 773 2901 quidem
795 2832 822 2884 et
841 2825 1047 2886 Dominum
1069 2832 1337 2886 creaturarum
1354 2823 1427 2883 dicit
1439 2824 1503 2903 (lp-

346 2913 457 3000 stolus)
474 2937 493 2974 a
510 2918 604 2974 Patre
620 2923 718 2976 autem
733 2917 862 2977 missum
878 2920 913 2976 de
929 2917 1028 2992 coelis,
1046 2924 1073 2976 et
1088 2936 1177 2975 carue
1188 2921 1332 2986 assumta,
1341 2915 1453 2993 facturn
1463 2923 1504 2968 esst

344 3006 502 3069 homiuem.
523 3006 723 3076 Quamobrem
739 3026 849 3082 corpus
866 3010 931 3086 p'us
948 3027 985 3066 erc
1005 3007 1128 3084 Virpiue
1144 3014 1286 3078 sumtum,
1307 3006 1343 3067 iu
1362 3026 1418 3083 quo
1437 2996 1503 3062 aaut

342 3099 501 3177 plenitudo
533 3097 704 3158 diuinitatis
736 3099 935 3185 corporaliter
960 3099 1121 3179 habitauit,
1143 3099 1298 3160 diuinitati
1317 3091 1503 3158 immutabiliter

344 3191 463 3250 unitam
488 3197 518 3250 et
536 3187 705 3266 deificatum
727 3197 779 3250 est.
815 3189 885 3259 Qua
905 3193 941 3249 de
962 3211 1056 3250 caasa
1075 3191 1154 3249 idem
1177 3193 1279 3250 Deus
1299 3197 1328 3249 et
1346 3192 1429 3250 bomo
1443 3186 1503 3246 teu
1545 3248 1546 3253 .

346 3283 490 3344 Christus
502 3283 743 3357 prophetabatur
759 3281 793 3339 iu
808 3283 886 3357 Lepe
902 3287 930 3341 et
943 3282 1123 3362 Prophetis,
1144 3289 1171 3340 et
1185 3285 1222 3341 ab
1239 3282 1376 3341 omuibus
1391 3281 1423 3339 in
1437 3271 1501 3336 aaa

345 3374 410 3449 sia,
438 3393 514 3451 quae
530 3374 584 3431 sub
602 3373 682 3432 coelo
698 3379 753 3442 est,
777 3372 909 3432 creditus
926 3381 969 3432 est
983 3376 1097 3437 Deus.
1118 3372 1202 3432 Idem
1222 3371 1332 3433 docent
1353 3373 1452 3432 Patres
1463 3364 1502 3423 ir

346 3466 477 3525 tioehenl
494 3466 524 3523 in
542 3462 690 3543 Synodo
707 3485 734 3523 a.
748 3460 825 3525 269.
843 3473 949 3525 contra
964 3458 1091 3524 eundem
1104 3463 1267 3546 celebrata,
1283 3464 1314 3524 in
1332 3455 1511 3544 suasynodltl·
1543 3445 1546 3523 .'

346 3556 477 3635 epistola
494 3555 532 3614 ad
547 3554 730 3633 Dionysium
737 3554 817 3616 R.P.
829 3563 860 3614 et
870 3575 973 3615 omnes
992 3554 1071 3614 orbis
1082 3554 1242 3616 Christiani
1257 3549 1504 3634 Episcoposmieu

347 3646 429 3707 Ib.c.
443 3643 540 3706 1089.
560 3681 602 3689 -
617 3644 640 3724 ³)
658 3646 744 3708 Ooat.
762 3645 933 3721 Apollinar.
952 3648 970 3708 t.
988 3651 1015 3708 1.
1034 3667 1065 3706 u.
1083 3649 1132 3706 16.
1150 3644 1231 3725 Opp.
1244 3647 1283 3710 Τ.
1296 3644 1326 3710 1.
1342 3647 1378 3709 P.
1388 3643 1416 3706 2.
1426 3627 1508 3723 plill·

346 3737 459 3813 Sisque
476 3732 621 3795 dicendus
640 3735 801 3810 Christus,
816 3757 885 3814 per
884 3737 1015 3815 fectus
1040 3741 1157 3806 Deus,
1177 3745 1203 3796 et
1217 3737 1370 3814 perfectus
1385 3738 1465 3795 barra
1476 3750 1510 3771 ²

348 3827 375 3908 ⁴)
391 3829 518 3905 Apolip.
542 3848 573 3886 u.
591 3831 642 3890 21.
665 3826 746 3908 Opp.
762 3829 801 3892 V.
822 3827 851 3892 l.
866 3849 897 3908 p.
913 3825 968 3889 4‘l.
991 3830 1082 3888 Hauc
1105 3820 1231 3911 (Λόγον)
1255 3848 1292 3886 ea
1311 3831 1378 3889 Deo
1388 3824 1519 3903 protam*

349 3918 530 3991 didicimus,
548 3926 574 3976 et
588 3918 760 3995 prolatione
779 3927 967 3994 perteratum,
986 3918 1143 3979 etidcirco
1163 3918 1281 3981 Filium
1295 3918 1370 3992 Dei,
1387 3924 1414 3976 et
1425 3914 1523 3976 Deli¹⁸

349 4010 463 4069 dictum
479 4029 517 4069 ea
531 4009 645 4068 unitate
661 4009 858 4070 substantiae.
873 4013 987 4070 -Iste
1002 4010 1098 4086 ipitur
1113 4010 1174 4069 Dei
1188 4011 1310 4084 radius,
1326 4017 1360 4067 ut
1375 4015 1445 4068 retro
1457 4012 1532 4062 son*

344 4119 404 4176 per
423 4101 673 4179 praedicabatur,
696 4103 838 4178 delapsus
861 4102 895 4160 ia
921 4101 1075 4176 Virpirtem
1101 4104 1267 4177 quandam,
1289 4108 1316 4159 et
1330 4100 1364 4159 iu
1378 4088 1540 4171 autopat-⁹

350 4211 422 4251 earo
430 4190 588 4269 fiparatus
603 4191 743 4251 nascitur
758 4194 845 4252 bomo
861 4196 894 4254 D
904 4212 941 4250 eo
958 4192 1091 4266 mixtum·
1109 4212 1180 4251 caro
1196 4193 1309 4270 spiritu
1324 4192 1461 4251 instructa
1470 4188 1546 4242 affl*

349 4283 449 4354 tritur,
468 4282 620 4354 adolescit,
638 4284 759 4361 affatur,
779 4285 870 4354 docet,
887 4292 1038 4360 operatur,
1057 4292 1085 4343 et
1101 4284 1241 4344 Obristus
1252 4290 1304 4345 est.
1315 4319 1356 4328 -
1368 4283 1393 4363 ⁵)
1405 4254 1546 4340 Delios*

349 4395 418 4435 aaa.
437 4372 517 4454 Opp.
529 4375 567 4435 V.
585 4371 615 4434 2.
633 4395 664 4453 p.
684 4372 758 4434 110.
776 4374 821 4437 Of.
833 4374 981 4454 Hippol.
998 4377 1308 4436 AduNoi'tuliss.
1326 4348 1546 4435 lnGallmffl·

349 4465 433 4527 Bibl.
449 4467 517 4526 ΡΡ.
536 4466 574 4528 Τ.
591 4464 622 4526 2.
639 4486 669 4544 p.
686 4462 753 4526 462
771 4487 811 4528 ss.
828 4464 976 4544 Origen.
997 4467 1082 4526 Oout.
1094 4467 1171 4526 Cels.
1189 4469 1206 4526 l.
1224 4469 1253 4526 3.
1270 4486 1300 4526 a.
1309 4468 1360 4525 41.
1374 4463 1445 4544 Opp.
1454 4444 1546 4546 Ἐξ

351 4579 381 4637 p.
397 4553 473 4617 474.
491 4557 510 4614 l.
527 4559 556 4615 4.
573 4575 603 4619 u.
621 4558 661 4614 15
676 4562 705 4614 et
720 4560 769 4619 18.
786 4579 816 4635 p.
833 4551 900 4618 510
917 4577 941 4618 s.
959 4554 1025 4619 512
1043 4579 1066 4619 s.
1083 4557 1187 4617 Filius
1199 4557 1263 4616 Dei
1277 4556 1414 4616 mittitur.
1426 4537 1546 4606 *13¹⁶

351 4655 396 4706 est
408 4646 507 4705 uirtus
522 4646 595 4716 Dei,
612 4646 765 4717 hieratio,
783 4647 832 4706 hic
848 4647 1001 4724 sapientia
1017 4651 1082 4726 ep’us
1099 4656 1126 4707 et
1138 4648 1256 4724 pluria:
1272 4647 1323 4706 bia
1337 4647 1371 4706 iu
1390 4634 1543 4727 Virpitt'f'

352 4737 498 4813 illabitur,
505 4755 625 4796 caruem
639 4737 778 4816 Spiritus
789 4738 821 4799 S.
830 4738 978 4810 induitur,
994 4743 1091 4799 Deus
1107 4760 1173 4798 cum
1189 4726 1531 4799 tentatationum

353 4831 454 4891 Deus
469 4835 579 4901 noster,
596 4828 645 4889 ltic
662 4829 805 4890 Christus
821 4837 872 4893 est.
884 4863 926 4877 -
947 4828 972 4913 6)
990 4831 1120 4906 Menai,
1139 4831 1213 4894 Call.
1226 4813 1515 4894 contraierit&
