3775 5625
340 403 407 474 tao
455 383 457 386 ’

286 589 288 594 ·
342 577 419 638 dum
434 595 508 637 eece
522 573 752 655 impossibilia,
772 583 802 636 et
820 584 978 658 tamquam
990 572 1147 638 rationem
1162 573 1257 659 hujus
1268 572 1465 641 delinitionis
1482 577 1524 641 ad·

343 683 445 758 ducit,
466 683 511 747 ita
527 695 561 746 ut
577 682 706 745 dubium
721 703 794 746 esse
812 703 876 744 non
892 683 1011 767 possit,
1033 684 1199 748 Ecclesiae
1217 685 1428 761 sententiam,
1445 709 1524 773 quatu

342 814 596 880 propugnamus,
613 791 738 856 unicam
755 791 894 876 probari.
920 794 1190 872 Quemadmodum
1209 807 1241 859 et

448 906 491 967 Ι).
509 924 573 966 non
596 900 723 966 diffieite
748 914 799 965 est
824 901 1025 985 perspicere,
1057 901 1215 968 sententid
1240 906 1301 969 bac
1317 906 1418 994 longe
1435 904 1524 993 magis

344 1034 422 1098 prae
454 1011 603 1098 opposita
630 1030 746 1075 seusus
773 1010 956 1074 lunnilitatis
980 1032 1018 1074 ac
1041 1010 1168 1095 pietatis
1199 1012 1231 1076 in
1262 1015 1368 1078 Deum
1404 1013 1524 1080 excitari

345 1143 383 1186 ac
400 1120 511 1185 loveri.

398 1389 424 1470 ἕ.
443 1385 538 1454 117.
556 1378 628 1453 An
644 1381 797 1469 gratia
814 1382 1030 1454 omnibus
1047 1385 1311 1472 aequaliter
1327 1389 1488 1457 detur?

453 1591 570 1664 Deum,
604 1611 676 1653 cum
696 1610 773 1654 vera
795 1602 827 1653 et
848 1588 976 1653 sincera
997 1591 1093 1655 animi
1115 1596 1334 1677 propensione
1365 1597 1481 1658 teratur
1502 1595 1527 1658 in

350 1721 463 1765 omnes
487 1698 649 1774 homines,
682 1719 857 1782 omnesque
879 1699 987 1763 salvos
1009 1712 1040 1763 et
1061 1702 1176 1766 beatos
1199 1722 1273 1765 esse
1290 1701 1374 1775 velit,
1392 1704 1527 1768 omnibus

348 1810 443 1874 etiam
459 1808 644 1873 necessaria
660 1807 771 1872 salutis
788 1809 1022 1890 comparandae
1038 1809 1197 1892 praesidia
1214 1822 1246 1873 et
1262 1811 1452 1894 adjumenta,
1474 1812 1528 1877 sive

350 1918 530 1983 immediate
548 1917 615 1982 sive
632 1918 768 1981 mediate
785 1916 992 1992 sufficientia,
1015 1917 1231 2002 suppeditare,
1248 1941 1290 1983 ex
1307 1920 1400 1984 dictis
1420 1935 1529 1985 certon

350 2041 444 2114 atque
461 2028 662 2112 exploratum
679 2039 739 2090 est.
764 2028 884 2090 Verum
900 2027 1044 2111 quamvis
1060 2027 1092 2090 in
1110 2050 1222 2092 omnes
1240 2029 1366 2093 omnino
1385 2031 1529 2106 homines,

353 2138 448 2202 etiarn
470 2137 644 2220 reprobos,
671 2136 751 2199 haec
772 2135 877 2223 gratia
900 2136 1107 2213 diffundatur,
1129 2160 1191 2223 qua
1206 2138 1235 2203 si
1251 2152 1341 2203 reete
1355 2139 1401 2203 uti
1418 2142 1530 2214 vellent

352 2246 408 2310 lilii
419 2246 483 2311 -Dei
499 2245 583 2310 effici
599 2257 744 2329 possent,
761 2258 793 2309 et
809 2245 970 2311 felicitatis
986 2259 1136 2312 aeternae
1157 2249 1331 2313 haeredes:
1351 2271 1417 2313 non
1442 2264 1530 2315 tamen

347 2377 411 2441 -par
433 2368 464 2420 et
486 2354 626 2440 aequalis
649 2354 798 2420 tribuitur
821 2355 984 2431 omnibuS,
1016 2359 1073 2421 scd
1090 2356 1173 2422 sicut
1189 2358 1221 2421 in
1239 2358 1393 2443 aliquibus
1412 2360 1532 2446 copiosa

355 2477 407 2530 est
422 2477 455 2529 et
469 2466 661 2540 exuberans,
676 2464 720 2529 ita
736 2464 805 2529 aliis
822 2465 948 2530 modice
966 2466 1056 2550 quasi
1071 2480 1104 2530 et.
1120 2489 1192 2531 cum
1209 2468 1403 2552 parsimonia
1420 2469 1531 2555 dispen-

356 2588 454 2639 satur.
467 2575 558 2653 Quod
568 2576 733 2662 eleganter
750 2574 881 2659 exponit
897 2589 1011 2640 auctor
1027 2578 1210 2640 Librorum
1227 2582 1266 2640 de
1280 2587 1452 2642 vocatione
1465 2602 1533 2658 pen·

358 2691 446 2747 bum.
481 2684 604 2747 Gratia
620 2686 694 2763 Dei,
712 2682 822 2768 inquit,
839 2688 989 2748 omnibus
1004 2691 1188 2749 bominibus
1211 2691 1324 2767 adfuit
1339 2693 1535 2769 proau'dentio⁴

357 2797 485 2878 quidem
497 2801 575 2876 pari
596 2802 629 2856 et
648 2797 791 2857 bonitate
804 2797 973 2872 generale,
996 2798 1058 2857 sed
1076 2799 1305 2859 multimodo
1326 2820 1462 2879 opere,
1487 2801 1534 2858 di-

358 2909 553 2985 veraa‘que
569 2925 774 2979 mensurae·
792 2912 947 2986 quoniam
962 2912 1029 2967 aive
1046 2908 1183 2984 occulte,
1196 2911 1463 2988 eivernunifeate‚
1480 2915 1536 2989 ipae

360 3021 422 3093 eat,
441 3022 480 3076 ut
494 3019 542 3075 ult
555 3016 749 3094 Apostolus,
768 3013 929 3076 Salvator
944 3021 1122 3096 bominum,
1141 3024 1284 3079 maritate
1296 3019 1445 3097 fidelium
1458 3020 1489 3099 ¹).

467 3124 577 3202 Quoad
594 3122 731 3210 gratiam
748 3121 1001 3187 sanctificantem
1017 3123 1048 3187 id
1066 3124 1185 3188 diserte
1203 3127 1337 3188 docetur
1355 3146 1373 3188 a
1392 3125 1538 3191 Christo

356 3232 524 3297 Domino
541 3233 612 3316 ipso
628 3233 660 3296 iu
679 3234 830 3318 parabola
846 3233 885 3296 de
902 3232 1030 3296 bomine
1046 3255 1183 3321 peregre
1201 3233 1444 3318 proficiscente,
1461 3247 1540 3320 atque

362 3344 447 3406 bona
463 3364 521 3407 sua
536 3342 619 3406 inter
636 3363 751 3407 servos
768 3345 943 3406 seeundum
960 3342 1209 3429 uniuscujusque
1226 3345 1391 3429 propriam
1405 3345 1541 3410 virtutem

363 3450 619 3531 distribuente2),
652 3463 686 3514 ut
706 3471 805 3535 supra
822 3452 890 3535 jam
919 3451 1180 3516 monstravimus.
1221 3453 1287 3515 Sub
1312 3454 1442 3518 talentis
1462 3454 1542 3525 euin,

364 3581 501 3643 quorum
518 3559 569 3622 alii
585 3559 731 3645 quinque,
748 3559 798 3624 alii
815 3561 883 3623 duo'
895 3573 927 3624 et
943 3560 994 3624 alii
1011 3583 1109 3625 unum
1125 3560 1249 3636 tribuit,
1262 3561 1337 3625 nihil
1355 3562 1442 3627 aliud
1465 3584 1543 3649 quam

365 3666 471 3753 gratia
487 3666 692 3732 sanctificans
708 3668 895 3756 intelligitur
901 3692 910 3742 ;
935 3682 1028 3755 atque
1050 3670 1098 3734 sic
1121 3672 1203 3734 hanc
1219 3669 1404 3735 hominibus
1422 3671 1543 3758 singulis

257 3854 259 3861 Ι
367 3772 496 3838 diversd
511 3774 676 3851 mensuri,
697 3777 766 3842 aliis
782 3781 853 3861 plus
871 3778 940 3844 aliis
963 3779 1087 3854 minue,
1104 3780 1280 3844 secundum
1305 3779 1544 3866 uniuscujusque

368 3885 577 3970 capacitatem
595 3884 741 3951 distribui
765 3889 908 3952 traditur.
943 3893 1046 3973 Atque
1062 3891 1101 3953 ab
1118 3890 1329 3972 Apostolo,
1352 3890 1408 3974 qui
1432 3890 1546 3955 scribit:

367 4000 451 4059 Dico
484 4036 526 4044 -
559 4001 720 4078 entaldus,
739 4007 795 4080 qui
810 4007 990 4062 suntinter
1006 4022 1082 4062 ros:
1121 4002 1199 4062 Non
1212 4002 1289 4079 plus
1306 4022 1446 4081 supere,
1465 3981 1547 4084 puero

368 4116 499 4190 oportet
511 4128 642 4188 sapere,
661 4127 700 4169 ne
718 4107 787 4190 quis
806 4109 845 4170 de
861 4129 896 4170 se
914 4110 1000 4191 plus,
1022 4128 1115 4193 quam
1132 4128 1189 4191 par
1206 4119 1266 4181 est,
1282 4122 1485 4191 praesumat:
1500 4110 1550 4170 aad

368 4240 486 4298 capere
506 4221 551 4279 ad
565 4220 791 4296 sobrietatem,
816 4216 836 4280 i.
862 4238 889 4280 e.
914 4216 1033 4293 sobrie,
1058 4218 1213 4290 modeste,
1232 4227 1265 4279 et
1280 4225 1458 4301 leniretque
1477 4223 1550 4279 elcut

369 4332 462 4391 Deua
479 4331 587 4388 dtvtrtt
600 4350 821 4390 mensuram
835 4331 956 4406 fidei,
975 4327 994 4390 i.
1013 4349 1040 4390 e.
1057 4350 1116 4410 pro
1130 4348 1280 4390 mensura
1293 4327 1464 4402 donorum,
1481 4344 1547 4411 quae

478 4564 503 4644 ¹)
520 4567 558 4624 L.
576 4570 605 4630 2.
623 4587 647 4629 c.
664 4569 715 4628 31.
748 4564 829 4646 Opp.
862 4566 1039 4646 Prosper.
1063 4587 1087 4627 c.
1114 4563 1190 4629 918.
1223 4565 1269 4625 Of.
1301 4566 1479 4646 Fulgent.
1507 4565 1545 4622 De

371 4657 625 4818 paritlpgoedeet.
643 4658 662 4718 l.
680 4661 708 4719 1.
726 4677 750 4716 c.
772 4660 821 4721 14.
843 4678 872 4718 n.
892 4660 941 4718 32.
976 4655 1055 4741 Opp.
1088 4679 1118 4741 p.
1139 4653 1215 4720 450.
1249 4693 1293 4702 -
1328 4657 1351 4738 ²)
1377 4657 1482 4717 Mattb.
1502 4650 1541 4714 25.
