<?xml version="1.0" encoding="UTF-8"?>
<!DOCTYPE html PUBLIC "-//W3C//DTD XHTML 1.0 Transitional//EN"
    "http://www.w3.org/TR/xhtml1/DTD/xhtml1-transitional.dtd">
<html xmlns="http://www.w3.org/1999/xhtml" xml:lang="en" lang="en">
 <head>
  <title>
</title>
<meta http-equiv="Content-Type" content="text/html;charset=utf-8" />
  <meta name='ocr-system' content='tesseract 3.04.00' />
  <meta name='ocr-capabilities' content='ocr_page ocr_carea ocr_par ocr_line ocrx_word'/>
</head>
<body>
  <div class='ocr_page' id='page_1' title='image "./theologiadogmat00schwgoog/theologiadogmat00schwgoog_0462.png"; bbox 0 0 3775 5625; ppageno 0'>
   <div class='ocr_carea' id='block_1_1' title="bbox 339 425 1531 2421">
    <p class='ocr_par' dir='ltr' id='par_1_1' title="bbox 341 425 409 491">
     <span class='ocr_line' id='line_1_1' title="bbox 341 425 409 491; baseline 0 0"><span class='ocrx_word' id='word_1_1' title='bbox 341 425 409 491; x_wconf 77' lang='lat'><strong>446</strong></span> 
     </span>
    </p>

    <p class='ocr_par' dir='ltr' id='par_1_2' title="bbox 339 587 1531 2421">
     <span class='ocr_line' id='line_1_2' title="bbox 343 587 1522 674; baseline -0.001 -21"><span class='ocrx_word' id='word_1_2' title='bbox 343 602 427 653; x_wconf 89' lang='lat' dir='ltr'><strong>tutes</strong></span> <span class='ocrx_word' id='word_1_3' title='bbox 443 587 599 673; x_wconf 82' lang='lat' dir='ltr'><strong>speciales</strong></span> <span class='ocrx_word' id='word_1_4' title='bbox 622 589 748 663; x_wconf 92' lang='lat' dir='ltr'><strong>haheat,</strong></span> <span class='ocrx_word' id='word_1_5' title='bbox 781 610 860 674; x_wconf 91' lang='lat' dir='ltr'><strong>quae</strong></span> <span class='ocrx_word' id='word_1_6' title='bbox 877 591 915 654; x_wconf 92' lang='lat' dir='ltr'><strong>ab</strong></span> <span class='ocrx_word' id='word_1_7' title='bbox 932 590 985 653; x_wconf 91' lang='lat' dir='ltr'><strong>illa</strong></span> <span class='ocrx_word' id='word_1_8' title='bbox 1001 610 1094 653; x_wconf 90' lang='lat' dir='ltr'><strong>omne</strong></span> <span class='ocrx_word' id='word_1_9' title='bbox 1116 589 1252 674; x_wconf 90' lang='lat' dir='ltr'><strong>pretium</strong></span> <span class='ocrx_word' id='word_1_10' title='bbox 1276 611 1315 654; x_wconf 86' lang='lat' dir='ltr'><strong>ac</strong></span> <span class='ocrx_word' id='word_1_11' title='bbox 1337 610 1465 653; x_wconf 88' lang='lat' dir='ltr'><strong>onmem</strong></span> <span class='ocrx_word' id='word_1_12' title='bbox 1485 588 1522 652; x_wconf 91' lang='lat' dir='ltr'><strong>di·</strong></span> 
     </span>
     <span class='ocr_line' id='line_1_3' title="bbox 342 698 1525 786; baseline -0.001 -24"><span class='ocrx_word' id='word_1_13' title='bbox 342 699 496 786; x_wconf 86' lang='lat' dir='ltr'><strong>gnitatem</strong></span> <span class='ocrx_word' id='word_1_14' title='bbox 527 698 771 771; x_wconf 80' lang='lat' dir='ltr'><strong>nanciscuntur3</strong></span> <span class='ocrx_word' id='word_1_15' title='bbox 802 720 878 763; x_wconf 91' lang='lat' dir='ltr'><strong>num</strong></span> <span class='ocrx_word' id='word_1_16' title='bbox 903 698 1028 763; x_wconf 88' lang='lat' dir='ltr'><strong>scilicet</strong></span> <span class='ocrx_word' id='word_1_17' title='bbox 1045 700 1179 763; x_wconf 90' lang='lat' dir='ltr'><strong>cumeis</strong></span> <span class='ocrx_word' id='word_1_18' title='bbox 1196 721 1335 784; x_wconf 88' lang='lat' dir='ltr'><strong>prorsus</strong></span> <span class='ocrx_word' id='word_1_19' title='bbox 1352 700 1465 763; x_wconf 90' lang='lat' dir='ltr'><strong>eadem</strong></span> <span class='ocrx_word' id='word_1_20' title='bbox 1480 698 1525 771; x_wconf 91' lang='lat' dir='ltr'><strong>sit,</strong></span> 
     </span>
     <span class='ocr_line' id='line_1_4' title="bbox 343 805 1527 891; baseline -0.003 -19"><span class='ocrx_word' id='word_1_21' title='bbox 343 829 383 872; x_wconf 91' lang='lat' dir='ltr'><strong>an</strong></span> <span class='ocrx_word' id='word_1_22' title='bbox 400 828 478 871; x_wconf 87' lang='lat' dir='ltr'><strong>vero</strong></span> <span class='ocrx_word' id='word_1_23' title='bbox 501 808 540 870; x_wconf 87' lang='lat' dir='ltr'><strong>ab</strong></span> <span class='ocrx_word' id='word_1_24' title='bbox 557 805 597 870; x_wconf 90' lang='lat' dir='ltr'><strong>iis</strong></span> <span class='ocrx_word' id='word_1_25' title='bbox 613 805 747 870; x_wconf 83' lang='lat' dir='ltr'><strong>differat.</strong></span> <span class='ocrx_word' id='word_1_26' title='bbox 787 808 877 885; x_wconf 79' lang='lat' dir='ltr'><strong>Quod</strong></span> <span class='ocrx_word' id='word_1_27' title='bbox 889 808 957 891; x_wconf 86' lang='lat' dir='ltr'><strong>jam</strong></span> <span class='ocrx_word' id='word_1_28' title='bbox 973 809 1013 871; x_wconf 89' lang='lat' dir='ltr'><strong>ad</strong></span> <span class='ocrx_word' id='word_1_29' title='bbox 1029 807 1099 872; x_wconf 88' lang='lat' dir='ltr'><strong>illas</strong></span> <span class='ocrx_word' id='word_1_30' title='bbox 1116 808 1266 883; x_wconf 89' lang='lat' dir='ltr'><strong>virtutes,</strong></span> <span class='ocrx_word' id='word_1_31' title='bbox 1286 806 1332 871; x_wconf 93' lang='lat' dir='ltr'><strong>uti</strong></span> <span class='ocrx_word' id='word_1_32' title='bbox 1348 819 1427 871; x_wconf 89' lang='lat' dir='ltr'><strong>sunt</strong></span> <span class='ocrx_word' id='word_1_33' title='bbox 1443 806 1527 881; x_wconf 86' lang='lat' dir='ltr'><strong>fides,</strong></span> 
     </span>
     <span class='ocr_line' id='line_1_5' title="bbox 343 915 1528 1001; baseline -0.002 -21"><span class='ocrx_word' id='word_1_34' title='bbox 343 937 430 1001; x_wconf 89' lang='lat' dir='ltr'><strong>spes,</strong></span> <span class='ocrx_word' id='word_1_35' title='bbox 451 928 512 980; x_wconf 91' lang='lat' dir='ltr'><strong>etc.</strong></span> <span class='ocrx_word' id='word_1_36' title='bbox 537 915 665 990; x_wconf 77' lang='lat' dir='ltr'><strong>attinet,</strong></span> <span class='ocrx_word' id='word_1_37' title='bbox 696 936 775 1001; x_wconf 85' lang='lat' dir='ltr'><strong>quae</strong></span> <span class='ocrx_word' id='word_1_38' title='bbox 798 915 923 1000; x_wconf 88' lang='lat' dir='ltr'><strong>quidem</strong></span> <span class='ocrx_word' id='word_1_39' title='bbox 938 916 1062 979; x_wconf 91' lang='lat' dir='ltr'><strong>initium</strong></span> <span class='ocrx_word' id='word_1_40' title='bbox 1074 916 1232 1001; x_wconf 89' lang='lat' dir='ltr'><strong>justitiae,</strong></span> <span class='ocrx_word' id='word_1_41' title='bbox 1254 938 1318 980; x_wconf 94' lang='lat' dir='ltr'><strong>non</strong></span> <span class='ocrx_word' id='word_1_42' title='bbox 1341 927 1449 980; x_wconf 91' lang='lat' dir='ltr'><strong>autem</strong></span> <span class='ocrx_word' id='word_1_43' title='bbox 1464 915 1528 999; x_wconf 89' lang='lat' dir='ltr'><strong>ipsa</strong></span> 
     </span>
     <span class='ocr_line' id='line_1_6' title="bbox 339 1024 1527 1112; baseline 0.001 -25"><span class='ocrx_word' id='word_1_44' title='bbox 339 1024 465 1109; x_wconf 88' lang='lat' dir='ltr'><strong>justitia</strong></span> <span class='ocrx_word' id='word_1_45' title='bbox 481 1038 565 1098; x_wconf 92' lang='lat' dir='ltr'><strong>sunt,</strong></span> <span class='ocrx_word' id='word_1_46' title='bbox 582 1037 614 1088; x_wconf 90' lang='lat' dir='ltr'><strong>et</strong></span> <span class='ocrx_word' id='word_1_47' title='bbox 629 1024 703 1088; x_wconf 92' lang='lat' dir='ltr'><strong>ideo</strong></span> <span class='ocrx_word' id='word_1_48' title='bbox 719 1025 752 1088; x_wconf 93' lang='lat' dir='ltr'><strong>in</strong></span> <span class='ocrx_word' id='word_1_49' title='bbox 768 1025 896 1108; x_wconf 89' lang='lat' dir='ltr'><strong>homine</strong></span> <span class='ocrx_word' id='word_1_50' title='bbox 912 1038 1050 1109; x_wconf 84' lang='lat' dir='ltr'><strong>possunt</strong></span> <span class='ocrx_word' id='word_1_51' title='bbox 1062 1027 1187 1100; x_wconf 84' lang='lat' dir='ltr'>adesse,</span> <span class='ocrx_word' id='word_1_52' title='bbox 1204 1027 1336 1090; x_wconf 89' lang='lat' dir='ltr'><strong>ahsente</strong></span> <span class='ocrx_word' id='word_1_53' title='bbox 1348 1024 1444 1089; x_wconf 89' lang='lat' dir='ltr'><strong>etiam</strong></span> <span class='ocrx_word' id='word_1_54' title='bbox 1461 1045 1527 1112; x_wconf 86' lang='lat' dir='ltr'><strong>gra·</strong></span> 
     </span>
     <span class='ocr_line' id='line_1_7' title="bbox 343 1133 1528 1223; baseline 0.001 -25"><span class='ocrx_word' id='word_1_55' title='bbox 343 1134 387 1198; x_wconf 92' lang='lat' dir='ltr'><strong>tia</strong></span> <span class='ocrx_word' id='word_1_56' title='bbox 403 1133 638 1199; x_wconf 89' lang='lat' dir='ltr'><strong>sanctificante:</strong></span> <span class='ocrx_word' id='word_1_57' title='bbox 663 1136 745 1219; x_wconf 89' lang='lat' dir='ltr'><strong>apud</strong></span> <span class='ocrx_word' id='word_1_58' title='bbox 763 1155 874 1198; x_wconf 90' lang='lat' dir='ltr'><strong>omnes</strong></span> <span class='ocrx_word' id='word_1_59' title='bbox 891 1135 922 1197; x_wconf 93' lang='lat' dir='ltr'><strong>in</strong></span> <span class='ocrx_word' id='word_1_60' title='bbox 941 1136 1092 1199; x_wconf 77' lang='lat' dir='ltr'><strong>corilesso</strong></span> <span class='ocrx_word' id='word_1_61' title='bbox 1110 1148 1175 1210; x_wconf 88' lang='lat' dir='ltr'><strong>est,</strong></span> <span class='ocrx_word' id='word_1_62' title='bbox 1195 1136 1333 1223; x_wconf 84' lang='lat' dir='ltr'><strong>gratiam</strong></span> <span class='ocrx_word' id='word_1_63' title='bbox 1354 1134 1528 1220; x_wconf 82' lang='lat' dir='ltr'><strong>justifican-</strong></span> 
     </span>
     <span class='ocr_line' id='line_1_8' title="bbox 344 1243 1530 1330; baseline 0 -23"><span class='ocrx_word' id='word_1_64' title='bbox 344 1256 408 1307; x_wconf 89' lang='lat' dir='ltr'><strong>tem</strong></span> <span class='ocrx_word' id='word_1_65' title='bbox 425 1266 498 1308; x_wconf 89' lang='lat' dir='ltr'><strong>esse</strong></span> <span class='ocrx_word' id='word_1_66' title='bbox 515 1243 630 1329; x_wconf 89' lang='lat' dir='ltr'><strong>aliquid</strong></span> <span class='ocrx_word' id='word_1_67' title='bbox 647 1243 809 1308; x_wconf 91' lang='lat' dir='ltr'><strong>diversum</strong></span> <span class='ocrx_word' id='word_1_68' title='bbox 826 1245 864 1307; x_wconf 90' lang='lat' dir='ltr'><strong>ah</strong></span> <span class='ocrx_word' id='word_1_69' title='bbox 882 1244 1010 1319; x_wconf 92' lang='lat' dir='ltr'><strong>iisdem,</strong></span> <span class='ocrx_word' id='word_1_70' title='bbox 1035 1265 1114 1330; x_wconf 91' lang='lat' dir='ltr'><strong>quae</strong></span> <span class='ocrx_word' id='word_1_71' title='bbox 1137 1266 1195 1329; x_wconf 89' lang='lat' dir='ltr'><strong>per</strong></span> <span class='ocrx_word' id='word_1_72' title='bbox 1215 1244 1300 1308; x_wconf 88' lang='lat' dir='ltr'><strong>illam</strong></span> <span class='ocrx_word' id='word_1_73' title='bbox 1320 1244 1530 1308; x_wconf 84' lang='lat' dir='ltr'><strong>informantur</strong></span> 
     </span>
     <span class='ocr_line' id='line_1_9' title="bbox 343 1352 1528 1438; baseline 0 -21"><span class='ocrx_word' id='word_1_74' title='bbox 343 1365 376 1417; x_wconf 93' lang='lat' dir='ltr'><strong>et</strong></span> <span class='ocrx_word' id='word_1_75' title='bbox 391 1352 607 1437; x_wconf 88' lang='lat' dir='ltr'><strong>perficiuntur.</strong></span> <span class='ocrx_word' id='word_1_76' title='bbox 649 1354 737 1416; x_wconf 83' lang='lat' dir='ltr'><strong>Unde</strong></span> <span class='ocrx_word' id='word_1_77' title='bbox 761 1354 799 1416; x_wconf 89' lang='lat' dir='ltr'><strong>de</strong></span> <span class='ocrx_word' id='word_1_78' title='bbox 822 1354 893 1416; x_wconf 89' lang='lat' dir='ltr'><strong>sola</strong></span> <span class='ocrx_word' id='word_1_79' title='bbox 915 1354 1070 1417; x_wconf 80' lang='lat' dir='ltr'><strong>charitate</strong></span> <span class='ocrx_word' id='word_1_80' title='bbox 1087 1353 1138 1417; x_wconf 87' lang='lat' dir='ltr'><strong>hic</strong></span> <span class='ocrx_word' id='word_1_81' title='bbox 1155 1353 1333 1438; x_wconf 88' lang='lat' dir='ltr'><strong>quaeritur,</strong></span> <span class='ocrx_word' id='word_1_82' title='bbox 1350 1373 1392 1416; x_wconf 94' lang='lat' dir='ltr'><strong>an</strong></span> <span class='ocrx_word' id='word_1_83' title='bbox 1410 1366 1443 1417; x_wconf 88' lang='lat' dir='ltr'><strong>et</strong></span> <span class='ocrx_word' id='word_1_84' title='bbox 1458 1374 1528 1438; x_wconf 89' lang='lat' dir='ltr'><strong>quo·</strong></span> 
     </span>
     <span class='ocr_line' id='line_1_10' title="bbox 343 1460 1529 1548; baseline 0.001 -23"><span class='ocrx_word' id='word_1_85' title='bbox 343 1463 439 1526; x_wconf 90' lang='lat' dir='ltr'><strong>modo</strong></span> <span class='ocrx_word' id='word_1_86' title='bbox 460 1461 523 1525; x_wconf 90' lang='lat' dir='ltr'><strong>ista</strong></span> <span class='ocrx_word' id='word_1_87' title='bbox 544 1484 562 1526; x_wconf 88' lang='lat' dir='ltr'><strong>a</strong></span> <span class='ocrx_word' id='word_1_88' title='bbox 582 1461 688 1548; x_wconf 88' lang='lat' dir='ltr'><strong>gratia</strong></span> <span class='ocrx_word' id='word_1_89' title='bbox 703 1460 923 1525; x_wconf 89' lang='lat' dir='ltr'><strong>sanctificante</strong></span> <span class='ocrx_word' id='word_1_90' title='bbox 950 1461 1171 1547; x_wconf 80' lang='lat' dir='ltr'><strong>distinguatur.</strong></span> <span class='ocrx_word' id='word_1_91' title='bbox 1212 1465 1245 1525; x_wconf 86' lang='lat' dir='ltr'><strong>S.</strong></span> <span class='ocrx_word' id='word_1_92' title='bbox 1264 1462 1434 1525; x_wconf 87' lang='lat' dir='ltr'><strong>Thomas</strong></span> <span class='ocrx_word' id='word_1_93' title='bbox 1449 1463 1529 1526; x_wconf 81' lang='lat' dir='ltr'><strong>reale</strong></span> 
     </span>
     <span class='ocr_line' id='line_1_11' title="bbox 344 1570 1529 1657; baseline -0.003 -21"><span class='ocrx_word' id='word_1_94' title='bbox 344 1570 517 1636; x_wconf 81' lang='lat' dir='ltr'><strong>discrimen</strong></span> <span class='ocrx_word' id='word_1_95' title='bbox 544 1570 628 1634; x_wconf 87' lang='lat' dir='ltr'><strong>inter</strong></span> <span class='ocrx_word' id='word_1_96' title='bbox 649 1570 786 1657; x_wconf 79' lang='lat' dir='ltr'><strong>gratiam</strong></span> <span class='ocrx_word' id='word_1_97' title='bbox 802 1570 1036 1654; x_wconf 87' lang='lat' dir='ltr'><strong>justificantem</strong></span> <span class='ocrx_word' id='word_1_98' title='bbox 1059 1584 1152 1656; x_wconf 90' lang='lat' dir='ltr'><strong>atque</strong></span> <span class='ocrx_word' id='word_1_99' title='bbox 1175 1571 1362 1635; x_wconf 86' lang='lat' dir='ltr'><strong>charitatem</strong></span> <span class='ocrx_word' id='word_1_100' title='bbox 1391 1572 1529 1636; x_wconf 88' lang='lat' dir='ltr'><strong>obtinere</strong></span> 
     </span>
     <span class='ocr_line' id='line_1_12' title="bbox 345 1679 1529 1767; baseline -0.001 -22"><span class='ocrx_word' id='word_1_101' title='bbox 345 1680 454 1745; x_wconf 91' lang='lat' dir='ltr'><strong>docuit</strong></span> <span class='ocrx_word' id='word_1_102' title='bbox 460 1704 469 1753; x_wconf 90' lang='lat'>;</span> <span class='ocrx_word' id='word_1_103' title='bbox 491 1680 545 1766; x_wconf 89' lang='lat' dir='ltr'><strong>qui</strong></span> <span class='ocrx_word' id='word_1_104' title='bbox 567 1679 703 1767; x_wconf 87' lang='lat' dir='ltr'><strong>gratiam</strong></span> <span class='ocrx_word' id='word_1_105' title='bbox 720 1680 752 1743; x_wconf 91' lang='lat' dir='ltr'><strong>in</strong></span> <span class='ocrx_word' id='word_1_106' title='bbox 769 1679 892 1743; x_wconf 89' lang='lat' dir='ltr'><strong>animae</strong></span> <span class='ocrx_word' id='word_1_107' title='bbox 909 1680 1099 1755; x_wconf 89' lang='lat' dir='ltr'><strong>substantia,</strong></span> <span class='ocrx_word' id='word_1_108' title='bbox 1117 1680 1303 1744; x_wconf 89' lang='lat' dir='ltr'><strong>charitatem</strong></span> <span class='ocrx_word' id='word_1_109' title='bbox 1324 1680 1355 1744; x_wconf 94' lang='lat' dir='ltr'><strong>in</strong></span> <span class='ocrx_word' id='word_1_110' title='bbox 1373 1682 1529 1745; x_wconf 88' lang='lat' dir='ltr'><strong>voluntate</strong></span> 
     </span>
     <span class='ocr_line' id='line_1_13' title="bbox 345 1789 1529 1875; baseline 0 -22"><span class='ocrx_word' id='word_1_111' title='bbox 345 1792 538 1874; x_wconf 86' lang='lat' dir='ltr'><strong>reponebat,</strong></span> <span class='ocrx_word' id='word_1_112' title='bbox 562 1803 594 1854; x_wconf 87' lang='lat' dir='ltr'><strong>ct</strong></span> <span class='ocrx_word' id='word_1_113' title='bbox 617 1791 709 1854; x_wconf 88' lang='lat' dir='ltr'><strong>talem</strong></span> <span class='ocrx_word' id='word_1_114' title='bbox 733 1790 921 1855; x_wconf 88' lang='lat' dir='ltr'><strong>relationem</strong></span> <span class='ocrx_word' id='word_1_115' title='bbox 943 1789 1026 1854; x_wconf 93' lang='lat' dir='ltr'><strong>inter</strong></span> <span class='ocrx_word' id='word_1_116' title='bbox 1044 1803 1208 1875; x_wconf 88' lang='lat' dir='ltr'><strong>utramque</strong></span> <span class='ocrx_word' id='word_1_117' title='bbox 1225 1790 1429 1855; x_wconf 84' lang='lat' dir='ltr'><strong>intercedere</strong></span> <span class='ocrx_word' id='word_1_118' title='bbox 1445 1812 1529 1855; x_wconf 87' lang='lat' dir='ltr'><strong>assu·</strong></span> 
     </span>
     <span class='ocr_line' id='line_1_14' title="bbox 348 1898 1531 1987; baseline -0.001 -24"><span class='ocrx_word' id='word_1_119' title='bbox 348 1901 463 1973; x_wconf 90' lang='lat' dir='ltr'><strong>mehat,</strong></span> <span class='ocrx_word' id='word_1_120' title='bbox 480 1898 582 1983; x_wconf 89' lang='lat' dir='ltr'><strong>qualis</strong></span> <span class='ocrx_word' id='word_1_121' title='bbox 600 1911 651 1963; x_wconf 92' lang='lat' dir='ltr'><strong>est</strong></span> <span class='ocrx_word' id='word_1_122' title='bbox 665 1898 749 1962; x_wconf 91' lang='lat' dir='ltr'><strong>inter</strong></span> <span class='ocrx_word' id='word_1_123' title='bbox 766 1900 902 1963; x_wconf 88' lang='lat' dir='ltr'><strong>animam</strong></span> <span class='ocrx_word' id='word_1_124' title='bbox 919 1910 1012 1983; x_wconf 88' lang='lat' dir='ltr'><strong>atquo</strong></span> <span class='ocrx_word' id='word_1_125' title='bbox 1029 1900 1099 1983; x_wconf 88' lang='lat' dir='ltr'><strong>ejus</strong></span> <span class='ocrx_word' id='word_1_126' title='bbox 1115 1900 1290 1984; x_wconf 87' lang='lat' dir='ltr'><strong>potentias;</strong></span> <span class='ocrx_word' id='word_1_127' title='bbox 1313 1921 1411 1984; x_wconf 91' lang='lat' dir='ltr'><strong>quum</strong></span> <span class='ocrx_word' id='word_1_128' title='bbox 1433 1900 1531 1987; x_wconf 88' lang='lat' dir='ltr'><strong>gratia</strong></span> 
     </span>
     <span class='ocr_line' id='line_1_15' title="bbox 346 2008 1529 2094; baseline 0.001 -23"><span class='ocrx_word' id='word_1_129' title='bbox 346 2010 399 2072; x_wconf 88' lang='lat' dir='ltr'><strong>det</strong></span> <span class='ocrx_word' id='word_1_130' title='bbox 416 2008 538 2072; x_wconf 89' lang='lat' dir='ltr'><strong>animae</strong></span> <span class='ocrx_word' id='word_1_131' title='bbox 555 2029 629 2072; x_wconf 90' lang='lat' dir='ltr'><strong>esse</strong></span> <span class='ocrx_word' id='word_1_132' title='bbox 646 2009 803 2093; x_wconf 88' lang='lat' dir='ltr'><strong>quoddam</strong></span> <span class='ocrx_word' id='word_1_133' title='bbox 821 2008 1079 2092; x_wconf 87' lang='lat' dir='ltr'><strong>supernaturale,</strong></span> <span class='ocrx_word' id='word_1_134' title='bbox 1102 2029 1145 2071; x_wconf 87' lang='lat' dir='ltr'><strong>ex</strong></span> <span class='ocrx_word' id='word_1_135' title='bbox 1159 2008 1231 2093; x_wconf 90' lang='lat' dir='ltr'><strong>ipsa</strong></span> <span class='ocrx_word' id='word_1_136' title='bbox 1245 2030 1325 2072; x_wconf 89' lang='lat' dir='ltr'><strong>vero</strong></span> <span class='ocrx_word' id='word_1_137' title='bbox 1341 2008 1444 2073; x_wconf 88' lang='lat' dir='ltr'><strong>lluant</strong></span> <span class='ocrx_word' id='word_1_138' title='bbox 1460 2029 1529 2094; x_wconf 83' lang='lat' dir='ltr'><strong>quo</strong></span> 
     </span>
     <span class='ocr_line' id='line_1_16' title="bbox 346 2115 1530 2201; baseline 0.001 -22"><span class='ocrx_word' id='word_1_139' title='bbox 346 2118 515 2180; x_wconf 90' lang='lat' dir='ltr'><strong>dammodo</strong></span> <span class='ocrx_word' id='word_1_140' title='bbox 532 2116 658 2180; x_wconf 91' lang='lat' dir='ltr'><strong>habitus</strong></span> <span class='ocrx_word' id='word_1_141' title='bbox 681 2115 834 2179; x_wconf 87' lang='lat' dir='ltr'><strong>virtutum</strong></span> <span class='ocrx_word' id='word_1_142' title='bbox 854 2116 1047 2191; x_wconf 90' lang='lat' dir='ltr'><strong>inlusarum,</strong></span> <span class='ocrx_word' id='word_1_143' title='bbox 1069 2116 1122 2201; x_wconf 92' lang='lat' dir='ltr'><strong>qui</strong></span> <span class='ocrx_word' id='word_1_144' title='bbox 1138 2116 1203 2181; x_wconf 92' lang='lat' dir='ltr'><strong>sint</strong></span> <span class='ocrx_word' id='word_1_145' title='bbox 1216 2116 1374 2201; x_wconf 93' lang='lat' dir='ltr'><strong>principia</strong></span> <span class='ocrx_word' id='word_1_146' title='bbox 1390 2117 1530 2201; x_wconf 82' lang='lat' dir='ltr'><strong>proxima</strong></span> 
     </span>
     <span class='ocr_line' id='line_1_17' title="bbox 347 2225 1529 2314; baseline 0 -25"><span class='ocrx_word' id='word_1_147' title='bbox 347 2225 545 2310; x_wconf 90' lang='lat' dir='ltr'><strong>operationis</strong></span> <span class='ocrx_word' id='word_1_148' title='bbox 577 2226 828 2310; x_wconf 88' lang='lat' dir='ltr'><strong>supernaturalis</strong></span> <span class='ocrx_word' id='word_1_149' title='bbox 836 2231 873 2305; x_wconf 87' lang='lat'><strong>¹).</strong></span> <span class='ocrx_word' id='word_1_150' title='bbox 895 2230 955 2290; x_wconf 85' lang='lat' dir='ltr'><strong>Ast</strong></span> <span class='ocrx_word' id='word_1_151' title='bbox 975 2226 1148 2301; x_wconf 88' lang='lat' dir='ltr'><strong>sententia,</strong></span> <span class='ocrx_word' id='word_1_152' title='bbox 1166 2246 1245 2314; x_wconf 88' lang='lat' dir='ltr'><strong>quae</strong></span> <span class='ocrx_word' id='word_1_153' title='bbox 1263 2225 1383 2302; x_wconf 90' lang='lat' dir='ltr'><strong>statuit,</strong></span> <span class='ocrx_word' id='word_1_154' title='bbox 1400 2226 1529 2314; x_wconf 89' lang='lat' dir='ltr'><strong>gratiam</strong></span> 
     </span>
     <span class='ocr_line' id='line_1_18' title="bbox 342 2334 1528 2421; baseline 0.001 -23"><span class='ocrx_word' id='word_1_155' title='bbox 342 2334 573 2419; x_wconf 78' lang='lat' dir='ltr'><strong>justificantem</strong></span> <span class='ocrx_word' id='word_1_156' title='bbox 588 2356 624 2399; x_wconf 87' lang='lat' dir='ltr'><strong>re</strong></span> <span class='ocrx_word' id='word_1_157' title='bbox 641 2336 725 2399; x_wconf 87' lang='lat' dir='ltr'><strong>haud</strong></span> <span class='ocrx_word' id='word_1_158' title='bbox 741 2334 895 2421; x_wconf 89' lang='lat' dir='ltr'><strong>distingui</strong></span> <span class='ocrx_word' id='word_1_159' title='bbox 910 2356 929 2399; x_wconf 88' lang='lat' dir='ltr'><strong>a</strong></span> <span class='ocrx_word' id='word_1_160' title='bbox 945 2335 1111 2409; x_wconf 90' lang='lat' dir='ltr'><strong>charitate,</strong></span> <span class='ocrx_word' id='word_1_161' title='bbox 1128 2337 1185 2399; x_wconf 93' lang='lat' dir='ltr'><strong>sed</strong></span> <span class='ocrx_word' id='word_1_162' title='bbox 1202 2355 1274 2399; x_wconf 87' lang='lat' dir='ltr'><strong>esse</strong></span> <span class='ocrx_word' id='word_1_163' title='bbox 1292 2357 1366 2399; x_wconf 91' lang='lat' dir='ltr'><strong>cum</strong></span> <span class='ocrx_word' id='word_1_164' title='bbox 1389 2336 1442 2399; x_wconf 93' lang='lat' dir='ltr'><strong>illa</strong></span> <span class='ocrx_word' id='word_1_165' title='bbox 1465 2356 1528 2399; x_wconf 88' lang='lat' dir='ltr'><strong>ean·</strong></span> 
     </span>
    </p>
   </div>
   <div class='ocr_carea' id='block_1_2' title="bbox 346 2444 1530 2616">
    <p class='ocr_par' dir='ltr' id='par_1_3' title="bbox 346 2444 1530 2616">
     <span class='ocr_line' id='line_1_19' title="bbox 347 2444 1530 2531; baseline -0.001 -24"><span class='ocrx_word' id='word_1_166' title='bbox 347 2446 437 2519; x_wconf 91' lang='lat' dir='ltr'><strong>dem,</strong></span> <span class='ocrx_word' id='word_1_167' title='bbox 468 2446 566 2531; x_wconf 88' lang='lat' dir='ltr'><strong>longe</strong></span> <span class='ocrx_word' id='word_1_168' title='bbox 598 2444 797 2509; x_wconf 89' lang='lat' dir='ltr'><strong>communior</strong></span> <span class='ocrx_word' id='word_1_169' title='bbox 829 2458 879 2509; x_wconf 89' lang='lat' dir='ltr'><strong>est</strong></span> <span class='ocrx_word' id='word_1_170' title='bbox 910 2458 942 2508; x_wconf 89' lang='lat' dir='ltr'><strong>et</strong></span> <span class='ocrx_word' id='word_1_171' title='bbox 974 2444 1142 2529; x_wconf 90' lang='lat' dir='ltr'><strong>oppositae</strong></span> <span class='ocrx_word' id='word_1_172' title='bbox 1181 2446 1277 2531; x_wconf 87' lang='lat' dir='ltr'><strong>longe</strong></span> <span class='ocrx_word' id='word_1_173' title='bbox 1316 2444 1530 2528; x_wconf 88' lang='lat' dir='ltr'><strong>praeferenda.</strong></span> 
     </span>
     <span class='ocr_line' id='line_1_20' title="bbox 346 2551 473 2616; baseline 0 -1"><span class='ocrx_word' id='word_1_174' title='bbox 346 2551 473 2616; x_wconf 85' lang='lat' dir='ltr'><strong>Etenim</strong></span> 
     </span>
    </p>
   </div>
   <div class='ocr_carea' id='block_1_3' title="bbox 455 2679 1530 2767">
    <p class='ocr_par' dir='ltr' id='par_1_4' title="bbox 455 2679 1530 2767">
     <span class='ocr_line' id='line_1_21' title="bbox 455 2679 1530 2767; baseline 0 -24"><span class='ocrx_word' id='word_1_175' title='bbox 455 2685 494 2745; x_wconf 81' lang='lat' dir='ltr'><strong>A.</strong></span> <span class='ocrx_word' id='word_1_176' title='bbox 512 2680 543 2744; x_wconf 92' lang='lat' dir='ltr'><strong>in</strong></span> <span class='ocrx_word' id='word_1_177' title='bbox 561 2684 620 2745; x_wconf 86' lang='lat' dir='ltr'><strong>SS.</strong></span> <span class='ocrx_word' id='word_1_178' title='bbox 652 2680 820 2745; x_wconf 85' lang='lat' dir='ltr'><strong>Litteris</strong></span> <span class='ocrx_word' id='word_1_179' title='bbox 842 2680 937 2744; x_wconf 90' lang='lat' dir='ltr'><strong>iidem</strong></span> <span class='ocrx_word' id='word_1_180' title='bbox 955 2679 1176 2766; x_wconf 60' lang='lat' dir='ltr'><strong>effectus,&#39;qui</strong></span> <span class='ocrx_word' id='word_1_181' title='bbox 1193 2680 1317 2767; x_wconf 90' lang='lat' dir='ltr'><strong>gratiae</strong></span> <span class='ocrx_word' id='word_1_182' title='bbox 1329 2679 1530 2765; x_wconf 89' lang='lat' dir='ltr'><strong>justificantis</strong></span> 
     </span>
    </p>
   </div>
   <div class='ocr_carea' id='block_1_4' title="bbox 347 2778 1530 3312">
    <p class='ocr_par' dir='ltr' id='par_1_5' title="bbox 347 2778 1530 3312">
     <span class='ocr_line' id='line_1_22' title="bbox 348 2778 1530 2878; baseline -0.003 -20"><span class='ocrx_word' id='word_1_183' title='bbox 348 2805 421 2859; x_wconf 89' lang='lat' dir='ltr'><strong>sunt</strong></span> <span class='ocrx_word' id='word_1_184' title='bbox 433 2778 579 2878; x_wconf 89' lang='lat' dir='ltr'><strong>proprii,</strong></span> <span class='ocrx_word' id='word_1_185' title='bbox 611 2790 757 2856; x_wconf 86' lang='lat' dir='ltr'><strong>charitati</strong></span> <span class='ocrx_word' id='word_1_186' title='bbox 773 2790 1007 2855; x_wconf 88' lang='lat' dir='ltr'><strong>adscribuntur.</strong></span> <span class='ocrx_word' id='word_1_187' title='bbox 1038 2790 1094 2855; x_wconf 88' lang='lat' dir='ltr'><strong>Sic</strong></span> <span class='ocrx_word' id='word_1_188' title='bbox 1111 2790 1256 2855; x_wconf 89' lang='lat' dir='ltr'><strong>charitati</strong></span> <span class='ocrx_word' id='word_1_189' title='bbox 1272 2789 1337 2855; x_wconf 91' lang='lat' dir='ltr'><strong>vita</strong></span> <span class='ocrx_word' id='word_1_190' title='bbox 1353 2790 1530 2876; x_wconf 87' lang='lat' dir='ltr'><strong>spiritualis,</strong></span> 
     </span>
     <span class='ocr_line' id='line_1_23' title="bbox 347 2899 1530 2988; baseline -0.005 -20"><span class='ocrx_word' id='word_1_191' title='bbox 347 2904 458 2968; x_wconf 91' lang='lat' dir='ltr'><strong>intima</strong></span> <span class='ocrx_word' id='word_1_192' title='bbox 479 2901 628 2967; x_wconf 87' lang='lat' dir='ltr'><strong>videlicet</strong></span> <span class='ocrx_word' id='word_1_193' title='bbox 651 2924 723 2965; x_wconf 91' lang='lat' dir='ltr'><strong>cum</strong></span> <span class='ocrx_word' id='word_1_194' title='bbox 745 2902 814 2965; x_wconf 90' lang='lat' dir='ltr'><strong>Deo</strong></span> <span class='ocrx_word' id='word_1_195' title='bbox 837 2901 1037 2985; x_wconf 88' lang='lat' dir='ltr'><strong>conjunctio,</strong></span> <span class='ocrx_word' id='word_1_196' title='bbox 1059 2913 1152 2986; x_wconf 88' lang='lat' dir='ltr'><strong>atque</strong></span> <span class='ocrx_word' id='word_1_197' title='bbox 1169 2900 1241 2964; x_wconf 89' lang='lat' dir='ltr'><strong>inde</strong></span> <span class='ocrx_word' id='word_1_198' title='bbox 1257 2903 1443 2986; x_wconf 90' lang='lat' dir='ltr'><strong>procedens</strong></span> <span class='ocrx_word' id='word_1_199' title='bbox 1455 2899 1530 2988; x_wconf 81' lang='lat' dir='ltr'><strong>¹legis</strong></span> 
     </span>
     <span class='ocr_line' id='line_1_24' title="bbox 349 3009 1530 3096; baseline -0.005 -20"><span class='ocrx_word' id='word_1_200' title='bbox 349 3013 470 3077; x_wconf 89' lang='lat' dir='ltr'><strong>divinae</strong></span> <span class='ocrx_word' id='word_1_201' title='bbox 504 3011 686 3096; x_wconf 82' lang='lat' dir='ltr'><strong>adimpletio</strong></span> <span class='ocrx_word' id='word_1_202' title='bbox 709 3009 909 3083; x_wconf 87' lang='lat' dir='ltr'><strong>attribuitur,</strong></span> <span class='ocrx_word' id='word_1_203' title='bbox 939 3009 972 3072; x_wconf 93' lang='lat' dir='ltr'><strong>in</strong></span> <span class='ocrx_word' id='word_1_204' title='bbox 1004 3031 1066 3094; x_wconf 92' lang='lat' dir='ltr'><strong>qua</strong></span> <span class='ocrx_word' id='word_1_205' title='bbox 1092 3009 1279 3094; x_wconf 87' lang='lat' dir='ltr'><strong>principalis</strong></span> <span class='ocrx_word' id='word_1_206' title='bbox 1297 3009 1530 3094; x_wconf 86' lang='lat' dir='ltr'><strong>justificationis</strong></span> 
     </span>
     <span class='ocr_line' id='line_1_25' title="bbox 348 3119 1529 3205; baseline -0.005 -19"><span class='ocrx_word' id='word_1_207' title='bbox 348 3121 492 3195; x_wconf 86' lang='lat' dir='ltr'><strong>effectus,</strong></span> <span class='ocrx_word' id='word_1_208' title='bbox 509 3121 584 3205; x_wconf 92' lang='lat' dir='ltr'><strong>quin</strong></span> <span class='ocrx_word' id='word_1_209' title='bbox 599 3121 663 3184; x_wconf 92' lang='lat' dir='ltr'><strong>imo</strong></span> <span class='ocrx_word' id='word_1_210' title='bbox 680 3120 751 3205; x_wconf 89' lang='lat' dir='ltr'><strong>ipsa</strong></span> <span class='ocrx_word' id='word_1_211' title='bbox 767 3141 845 3182; x_wconf 90' lang='lat' dir='ltr'><strong>vera</strong></span> <span class='ocrx_word' id='word_1_212' title='bbox 866 3141 904 3183; x_wconf 92' lang='lat' dir='ltr'><strong>ac</strong></span> <span class='ocrx_word' id='word_1_213' title='bbox 926 3120 1058 3204; x_wconf 88' lang='lat' dir='ltr'><strong>propria</strong></span> <span class='ocrx_word' id='word_1_214' title='bbox 1075 3119 1272 3203; x_wconf 89' lang='lat' dir='ltr'><strong>conspicitur</strong></span> <span class='ocrx_word' id='word_1_215' title='bbox 1285 3119 1432 3204; x_wconf 89' lang='lat' dir='ltr'><strong>justitiae</strong></span> <span class='ocrx_word' id='word_1_216' title='bbox 1449 3119 1529 3183; x_wconf 92' lang='lat' dir='ltr'><strong>ratio.</strong></span> 
     </span>
     <span class='ocr_line' id='line_1_26' title="bbox 347 3230 1529 3312; baseline -0.007 -17"><span class='ocrx_word' id='word_1_217' title='bbox 347 3235 420 3295; x_wconf 87' lang='lat' dir='ltr'><strong>Nos</strong></span> <span class='ocrx_word' id='word_1_218' title='bbox 451 3239 587 3310; x_wconf 79' lang='lat' dir='ltr'><strong>scimus,</strong></span> <span class='ocrx_word' id='word_1_219' title='bbox 621 3230 664 3294; x_wconf 87' lang='lat' dir='ltr'><strong>ait</strong></span> <span class='ocrx_word' id='word_1_220' title='bbox 694 3233 880 3304; x_wconf 78' lang='lat' dir='ltr'><strong>loannes,</strong></span> <span class='ocrx_word' id='word_1_221' title='bbox 913 3238 1067 3312; x_wconf 77' lang='lat' dir='ltr'><strong>quoniam</strong></span> <span class='ocrx_word' id='word_1_222' title='bbox 1100 3233 1296 3292; x_wconf 80' lang='lat' dir='ltr'><strong>translati</strong></span> <span class='ocrx_word' id='word_1_223' title='bbox 1332 3252 1473 3292; x_wconf 79' lang='lat' dir='ltr'><strong>sumus</strong></span> <span class='ocrx_word' id='word_1_224' title='bbox 1494 3233 1529 3289; x_wconf 85' lang='lat' dir='ltr'><strong>de</strong></span> 
     </span>
    </p>
   </div>
   <div class='ocr_carea' id='block_1_5' title="bbox 347 3339 1530 4301">
    <p class='ocr_par' dir='ltr' id='par_1_6' title="bbox 347 3339 1530 4301">
     <span class='ocr_line' id='line_1_27' title="bbox 347 3339 1529 3424; baseline -0.004 -20"><span class='ocrx_word' id='word_1_225' title='bbox 347 3351 472 3404; x_wconf 85' lang='lat' dir='ltr'><strong>morte</strong></span> <span class='ocrx_word' id='word_1_226' title='bbox 489 3345 538 3404; x_wconf 84' lang='lat' dir='ltr'><strong>od</strong></span> <span class='ocrx_word' id='word_1_227' title='bbox 550 3349 683 3420; x_wconf 78' lang='lat' dir='ltr'><strong>vitam,</strong></span> <span class='ocrx_word' id='word_1_228' title='bbox 702 3349 856 3424; x_wconf 76' lang='lat' dir='ltr'><strong>quoniam</strong></span> <span class='ocrx_word' id='word_1_229' title='bbox 874 3343 1083 3418; x_wconf 77' lang='lat' dir='ltr'><strong>diliptmus</strong></span> <span class='ocrx_word' id='word_1_230' title='bbox 1097 3344 1271 3415; x_wconf 83' lang='lat' dir='ltr'><strong>fratres.</strong></span> <span class='ocrx_word' id='word_1_231' title='bbox 1300 3339 1366 3414; x_wconf 75' lang='lat' dir='ltr'><strong>out</strong></span> <span class='ocrx_word' id='word_1_232' title='bbox 1388 3362 1466 3402; x_wconf 84' lang='lat' dir='ltr'><strong>non</strong></span> <span class='ocrx_word' id='word_1_233' title='bbox 1480 3342 1529 3401; x_wconf 76' lang='lat' dir='ltr'><strong>dt-</strong></span> 
     </span>
     <span class='ocr_line' id='line_1_28' title="bbox 349 3447 1530 3536; baseline -0.004 -23"><span class='ocrx_word' id='word_1_234' title='bbox 349 3455 453 3531; x_wconf 68' lang='lat' dir='ltr'><strong>tepet,</strong></span> <span class='ocrx_word' id='word_1_235' title='bbox 471 3460 605 3513; x_wconf 82' lang='lat' dir='ltr'><strong>monet</strong></span> <span class='ocrx_word' id='word_1_236' title='bbox 619 3458 658 3512; x_wconf 79' lang='lat' dir='ltr'><strong>tn</strong></span> <span class='ocrx_word' id='word_1_237' title='bbox 673 3454 843 3528; x_wconf 73' lang='lat' dir='ltr'><strong>morte2).</strong></span> <span class='ocrx_word' id='word_1_238' title='bbox 862 3447 921 3526; x_wconf 83' lang='lat' dir='ltr'><strong>Qui</strong></span> <span class='ocrx_word' id='word_1_239' title='bbox 936 3470 1017 3536; x_wconf 85' lang='lat' dir='ltr'><strong>ergo</strong></span> <span class='ocrx_word' id='word_1_240' title='bbox 1034 3471 1099 3512; x_wconf 89' lang='lat' dir='ltr'><strong>non</strong></span> <span class='ocrx_word' id='word_1_241' title='bbox 1117 3448 1219 3535; x_wconf 90' lang='lat' dir='ltr'><strong>diligit</strong></span> <span class='ocrx_word' id='word_1_242' title='bbox 1229 3449 1323 3533; x_wconf 82' lang='lat' dir='ltr'><strong>juxta</strong></span> <span class='ocrx_word' id='word_1_243' title='bbox 1338 3449 1530 3532; x_wconf 84' lang='lat' dir='ltr'><strong>Apostolum,</strong></span> 
     </span>
     <span class='ocr_line' id='line_1_29' title="bbox 349 3555 1530 3647; baseline -0.006 -22"><span class='ocrx_word' id='word_1_244' title='bbox 349 3575 381 3625; x_wconf 90' lang='lat' dir='ltr'><strong>et</strong></span> <span class='ocrx_word' id='word_1_245' title='bbox 397 3560 544 3647; x_wconf 90' lang='lat' dir='ltr'><strong>quamdiu</strong></span> <span class='ocrx_word' id='word_1_246' title='bbox 560 3582 623 3622; x_wconf 92' lang='lat' dir='ltr'><strong>non</strong></span> <span class='ocrx_word' id='word_1_247' title='bbox 640 3558 750 3645; x_wconf 87' lang='lat' dir='ltr'><strong>diligit,</strong></span> <span class='ocrx_word' id='word_1_248' title='bbox 767 3558 974 3643; x_wconf 89' lang='lat' dir='ltr'><strong>spiritualiter</strong></span> <span class='ocrx_word' id='word_1_249' title='bbox 991 3572 1136 3623; x_wconf 90' lang='lat' dir='ltr'><strong>mortuus</strong></span> <span class='ocrx_word' id='word_1_250' title='bbox 1153 3571 1219 3631; x_wconf 82' lang='lat' dir='ltr'><strong>est3</strong></span> <span class='ocrx_word' id='word_1_251' title='bbox 1238 3559 1290 3644; x_wconf 88' lang='lat' dir='ltr'><strong>qui</strong></span> <span class='ocrx_word' id='word_1_252' title='bbox 1307 3571 1414 3622; x_wconf 90' lang='lat' dir='ltr'><strong>autem</strong></span> <span class='ocrx_word' id='word_1_253' title='bbox 1431 3555 1530 3643; x_wconf 85' lang='lat' dir='ltr'><strong>diligit,</strong></span> 
     </span>
     <span class='ocr_line' id='line_1_30' title="bbox 349 3668 1528 3754; baseline -0.006 -18"><span class='ocrx_word' id='word_1_254' title='bbox 349 3693 389 3736; x_wconf 89' lang='lat' dir='ltr'><strong>eo</strong></span> <span class='ocrx_word' id='word_1_255' title='bbox 406 3672 478 3754; x_wconf 92' lang='lat' dir='ltr'><strong>ipso</strong></span> <span class='ocrx_word' id='word_1_256' title='bbox 495 3668 702 3754; x_wconf 87' lang='lat' dir='ltr'><strong>spiritualiter</strong></span> <span class='ocrx_word' id='word_1_257' title='bbox 718 3669 824 3744; x_wconf 91' lang='lat' dir='ltr'><strong>vivus,</strong></span> <span class='ocrx_word' id='word_1_258' title='bbox 846 3691 863 3732; x_wconf 90' lang='lat' dir='ltr'><strong>e</strong></span> <span class='ocrx_word' id='word_1_259' title='bbox 881 3682 964 3733; x_wconf 86' lang='lat' dir='ltr'><strong>statu</strong></span> <span class='ocrx_word' id='word_1_260' title='bbox 982 3669 1165 3733; x_wconf 85' lang='lat' dir='ltr'><strong>vitiositatis</strong></span> <span class='ocrx_word' id='word_1_261' title='bbox 1180 3669 1213 3732; x_wconf 92' lang='lat' dir='ltr'><strong>in</strong></span> <span class='ocrx_word' id='word_1_262' title='bbox 1230 3681 1348 3733; x_wconf 91' lang='lat' dir='ltr'><strong>statum</strong></span> <span class='ocrx_word' id='word_1_263' title='bbox 1366 3669 1528 3732; x_wconf 87' lang='lat' dir='ltr'><strong>sanctimo-</strong></span> 
     </span>
     <span class='ocr_line' id='line_1_31' title="bbox 350 3775 1529 3864; baseline -0.003 -22"><span class='ocrx_word' id='word_1_264' title='bbox 350 3779 420 3842; x_wconf 88' lang='lat' dir='ltr'><strong>niae</strong></span> <span class='ocrx_word' id='word_1_265' title='bbox 437 3779 611 3842; x_wconf 88' lang='lat' dir='ltr'><strong>translatus</strong></span> <span class='ocrx_word' id='word_1_266' title='bbox 627 3790 687 3853; x_wconf 89' lang='lat' dir='ltr'><strong>est,</strong></span> <span class='ocrx_word' id='word_1_267' title='bbox 704 3791 736 3842; x_wconf 88' lang='lat' dir='ltr'><strong>et</strong></span> <span class='ocrx_word' id='word_1_268' title='bbox 751 3777 823 3842; x_wconf 92' lang='lat' dir='ltr'><strong>ideo</strong></span> <span class='ocrx_word' id='word_1_269' title='bbox 842 3799 942 3863; x_wconf 87' lang='lat' dir='ltr'><strong>opera</strong></span> <span class='ocrx_word' id='word_1_270' title='bbox 958 3778 1138 3853; x_wconf 85' lang='lat' dir='ltr'><strong>charitatis,</strong></span> <span class='ocrx_word' id='word_1_271' title='bbox 1155 3799 1235 3864; x_wconf 85' lang='lat' dir='ltr'><strong>quac</strong></span> <span class='ocrx_word' id='word_1_272' title='bbox 1251 3778 1322 3862; x_wconf 90' lang='lat' dir='ltr'><strong>ipse</strong></span> <span class='ocrx_word' id='word_1_273' title='bbox 1338 3790 1481 3853; x_wconf 85' lang='lat' dir='ltr'><strong>exercet,</strong></span> <span class='ocrx_word' id='word_1_274' title='bbox 1496 3775 1529 3840; x_wconf 89' lang='lat' dir='ltr'><strong>si·</strong></span> 
     </span>
     <span class='ocr_line' id='line_1_32' title="bbox 350 3885 1528 3975; baseline -0.004 -24"><span class='ocrx_word' id='word_1_275' title='bbox 350 3910 449 3975; x_wconf 90' lang='lat' dir='ltr'><strong>gnum</strong></span> <span class='ocrx_word' id='word_1_276' title='bbox 465 3885 694 3960; x_wconf 89' lang='lat' dir='ltr'><strong>certissimum,</strong></span> <span class='ocrx_word' id='word_1_277' title='bbox 719 3886 763 3949; x_wconf 94' lang='lat' dir='ltr'><strong>uti</strong></span> <span class='ocrx_word' id='word_1_278' title='bbox 780 3887 959 3962; x_wconf 87' lang='lat' dir='ltr'><strong>charitatis,</strong></span> <span class='ocrx_word' id='word_1_279' title='bbox 984 3887 1029 3950; x_wconf 91' lang='lat' dir='ltr'><strong>ita</strong></span> <span class='ocrx_word' id='word_1_280' title='bbox 1054 3886 1296 3970; x_wconf 91' lang='lat' dir='ltr'><strong>justificationis</strong></span> <span class='ocrx_word' id='word_1_281' title='bbox 1319 3899 1410 3968; x_wconf 84' lang='lat' dir='ltr'><strong>sunt,</strong></span> <span class='ocrx_word' id='word_1_282' title='bbox 1428 3896 1528 3970; x_wconf 86' lang='lat' dir='ltr'><strong>utpote</strong></span> 
     </span>
     <span class='ocr_line' id='line_1_33' title="bbox 349 3996 1529 4083; baseline -0.008 -21"><span class='ocrx_word' id='word_1_283' title='bbox 349 4019 367 4062; x_wconf 88' lang='lat' dir='ltr'><strong>a</strong></span> <span class='ocrx_word' id='word_1_284' title='bbox 383 4019 444 4083; x_wconf 88' lang='lat' dir='ltr'><strong>qua</strong></span> <span class='ocrx_word' id='word_1_285' title='bbox 458 3997 511 4060; x_wconf 91' lang='lat' dir='ltr'><strong>illa</strong></span> <span class='ocrx_word' id='word_1_286' title='bbox 527 3998 610 4061; x_wconf 92' lang='lat' dir='ltr'><strong>haud</strong></span> <span class='ocrx_word' id='word_1_287' title='bbox 627 3996 755 4059; x_wconf 88' lang='lat' dir='ltr'><strong>diversa</strong></span> <span class='ocrx_word' id='word_1_288' title='bbox 772 4008 831 4059; x_wconf 89' lang='lat' dir='ltr'><strong>est.</strong></span> <span class='ocrx_word' id='word_1_289' title='bbox 843 4033 845 4037; x_wconf 80' lang='lat'><strong>.</strong></span> <span class='ocrx_word' id='word_1_290' title='bbox 856 4000 959 4083; x_wconf 85' lang='lat' dir='ltr'><strong>Atque</strong></span> <span class='ocrx_word' id='word_1_291' title='bbox 976 3996 1111 4060; x_wconf 83' lang='lat' dir='ltr'><strong>iterum:</strong></span> <span class='ocrx_word' id='word_1_292' title='bbox 1137 3999 1230 4060; x_wconf 83' lang='lat' dir='ltr'><strong>Deos</strong></span> <span class='ocrx_word' id='word_1_293' title='bbox 1247 4004 1398 4060; x_wconf 77' lang='lat' dir='ltr'><strong>chorites</strong></span> <span class='ocrx_word' id='word_1_294' title='bbox 1419 4004 1486 4058; x_wconf 80' lang='lat' dir='ltr'><strong>est:</strong></span> <span class='ocrx_word' id='word_1_295' title='bbox 1505 3999 1529 4054; x_wconf 83' lang='lat' dir='ltr'><strong>et</strong></span> 
     </span>
     <span class='ocr_line' id='line_1_34' title="bbox 351 4106 1525 4191; baseline -0.005 -20"><span class='ocrx_word' id='word_1_296' title='bbox 351 4116 406 4191; x_wconf 79' lang='lat' dir='ltr'><strong>qui</strong></span> <span class='ocrx_word' id='word_1_297' title='bbox 421 4116 551 4171; x_wconf 81' lang='lat' dir='ltr'><strong>monet</strong></span> <span class='ocrx_word' id='word_1_298' title='bbox 579 4114 618 4169; x_wconf 80' lang='lat' dir='ltr'><strong>in</strong></span> <span class='ocrx_word' id='word_1_299' title='bbox 648 4113 868 4183; x_wconf 80' lang='lat' dir='ltr'><strong>charitate,</strong></span> <span class='ocrx_word' id='word_1_300' title='bbox 891 4115 930 4169; x_wconf 78' lang='lat' dir='ltr'><strong>in</strong></span> <span class='ocrx_word' id='word_1_301' title='bbox 945 4111 1025 4170; x_wconf 85' lang='lat' dir='ltr'><strong>Deo</strong></span> <span class='ocrx_word' id='word_1_302' title='bbox 1044 4117 1188 4181; x_wconf 84' lang='lat' dir='ltr'><strong>manet,</strong></span> <span class='ocrx_word' id='word_1_303' title='bbox 1210 4117 1249 4170; x_wconf 84' lang='lat' dir='ltr'><strong>et</strong></span> <span class='ocrx_word' id='word_1_304' title='bbox 1267 4110 1376 4169; x_wconf 82' lang='lat' dir='ltr'><strong>Deus</strong></span> <span class='ocrx_word' id='word_1_305' title='bbox 1391 4115 1429 4168; x_wconf 81' lang='lat' dir='ltr'><strong>in</strong></span> <span class='ocrx_word' id='word_1_306' title='bbox 1444 4106 1525 4183; x_wconf 57' lang='lat' dir='ltr'><strong>enh:</strong></span> 
     </span>
     <span class='ocr_line' id='line_1_35' title="bbox 350 4215 1526 4301; baseline -0.008 -20"><span class='ocrx_word' id='word_1_307' title='bbox 350 4219 370 4282; x_wconf 90' lang='lat' dir='ltr'><strong>i.</strong></span> <span class='ocrx_word' id='word_1_308' title='bbox 387 4239 414 4281; x_wconf 85' lang='lat' dir='ltr'><strong>e.</strong></span> <span class='ocrx_word' id='word_1_309' title='bbox 431 4217 463 4279; x_wconf 91' lang='lat' dir='ltr'><strong>iu</strong></span> <span class='ocrx_word' id='word_1_310' title='bbox 480 4215 702 4280; x_wconf 84' lang='lat' dir='ltr'><strong>charitateDei</strong></span> <span class='ocrx_word' id='word_1_311' title='bbox 719 4215 869 4279; x_wconf 89' lang='lat' dir='ltr'><strong>consistit</strong></span> <span class='ocrx_word' id='word_1_312' title='bbox 885 4217 1043 4289; x_wconf 88' lang='lat' dir='ltr'><strong>essentia;</strong></span> <span class='ocrx_word' id='word_1_313' title='bbox 1061 4216 1113 4301; x_wconf 91' lang='lat' dir='ltr'><strong>qui</strong></span> <span class='ocrx_word' id='word_1_314' title='bbox 1129 4216 1234 4301; x_wconf 88' lang='lat' dir='ltr'><strong>itaque</strong></span> <span class='ocrx_word' id='word_1_315' title='bbox 1252 4215 1441 4280; x_wconf 88' lang='lat' dir='ltr'><strong>charitatem</strong></span> <span class='ocrx_word' id='word_1_316' title='bbox 1455 4215 1484 4277; x_wconf 93' lang='lat' dir='ltr'><strong>in</strong></span> <span class='ocrx_word' id='word_1_317' title='bbox 1500 4231 1526 4274; x_wconf 87' lang='lat' dir='ltr'><strong>se</strong></span> 
     </span>
    </p>
   </div>
   <div class='ocr_carea' id='block_1_6' title="bbox 351 4324 1524 4488">
    <p class='ocr_par' dir='ltr' id='par_1_7' title="bbox 351 4324 1524 4488">
     <span class='ocr_line' id='line_1_36' title="bbox 351 4324 1524 4412; baseline -0.008 -21"><span class='ocrx_word' id='word_1_318' title='bbox 351 4330 453 4402; x_wconf 89' lang='lat' dir='ltr'><strong>lovet,</strong></span> <span class='ocrx_word' id='word_1_319' title='bbox 474 4327 543 4390; x_wconf 92' lang='lat' dir='ltr'><strong>Deo</strong></span> <span class='ocrx_word' id='word_1_320' title='bbox 561 4325 673 4390; x_wconf 91' lang='lat' dir='ltr'><strong>similis</strong></span> <span class='ocrx_word' id='word_1_321' title='bbox 690 4338 740 4389; x_wconf 87' lang='lat' dir='ltr'><strong>cst</strong></span> <span class='ocrx_word' id='word_1_322' title='bbox 756 4324 846 4411; x_wconf 89' lang='lat' dir='ltr'><strong>eique</strong></span> <span class='ocrx_word' id='word_1_323' title='bbox 864 4326 1156 4412; x_wconf 88' lang='lat' dir='ltr'><strong>conjunctissimus.</strong></span> <span class='ocrx_word' id='word_1_324' title='bbox 1174 4327 1208 4389; x_wconf 96' lang='lat' dir='ltr'><strong>ld</strong></span> <span class='ocrx_word' id='word_1_325' title='bbox 1219 4326 1324 4410; x_wconf 91' lang='lat' dir='ltr'><strong>ipsum</strong></span> <span class='ocrx_word' id='word_1_326' title='bbox 1341 4328 1436 4390; x_wconf 89' lang='lat' dir='ltr'><strong>docet</strong></span> <span class='ocrx_word' id='word_1_327' title='bbox 1451 4326 1524 4387; x_wconf 86' lang='lat' dir='ltr'><strong>Pau·</strong></span> 
     </span>
     <span class='ocr_line' id='line_1_37' title="bbox 404 4454 413 4488; baseline 0 0"><span class='ocrx_word' id='word_1_328' title='bbox 404 4454 413 4488; x_wconf 85' lang='lat'>1</span> 
     </span>
    </p>
   </div>
   <div class='ocr_carea' id='block_1_7' title="bbox 347 4498 574 4516">
    <p class='ocr_par' dir='ltr' id='par_1_8' title="bbox 347 4498 574 4516">
     <span class='ocr_line' id='line_1_38' title="bbox 347 4498 574 4516; baseline -0.022 0"><span class='ocrx_word' id='word_1_329' title='bbox 347 4498 574 4516; x_wconf 51' lang='lat' dir='ltr'><em>w</em></span> 
     </span>
    </p>
   </div>
   <div class='ocr_carea' id='block_1_8' title="bbox 354 4581 1522 4941">
    <p class='ocr_par' dir='ltr' id='par_1_9' title="bbox 354 4581 1522 4941">
     <span class='ocr_line' id='line_1_39' title="bbox 465 4581 1522 4666; baseline -0.004 -22"><span class='ocrx_word' id='word_1_330' title='bbox 465 4583 489 4662; x_wconf 81' lang='lat'><strong>¹)</strong></span> <span class='ocrx_word' id='word_1_331' title='bbox 507 4589 535 4647; x_wconf 87' lang='lat'><strong>1.</strong></span> <span class='ocrx_word' id='word_1_332' title='bbox 553 4590 581 4645; x_wconf 85' lang='lat'><strong>2.</strong></span> <span class='ocrx_word' id='word_1_333' title='bbox 598 4606 625 4661; x_wconf 82' lang='lat' dir='ltr'><strong>q.</strong></span> <span class='ocrx_word' id='word_1_334' title='bbox 643 4589 713 4646; x_wconf 84' lang='lat'><strong>110.</strong></span> <span class='ocrx_word' id='word_1_335' title='bbox 731 4590 789 4648; x_wconf 83' lang='lat' dir='ltr'><strong>art.</strong></span> <span class='ocrx_word' id='word_1_336' title='bbox 806 4590 835 4648; x_wconf 86' lang='lat'><strong>3.</strong></span> <span class='ocrx_word' id='word_1_337' title='bbox 853 4590 880 4645; x_wconf 84' lang='lat' dir='ltr'><strong>et</strong></span> <span class='ocrx_word' id='word_1_338' title='bbox 894 4590 924 4646; x_wconf 85' lang='grc'><strong>4.</strong></span> <span class='ocrx_word' id='word_1_339' title='bbox 951 4586 1029 4666; x_wconf 84' lang='lat' dir='ltr'><strong>opp.</strong></span> <span class='ocrx_word' id='word_1_340' title='bbox 1047 4587 1088 4648; x_wconf 89' lang='lat' dir='ltr'><strong>th.</strong></span> <span class='ocrx_word' id='word_1_341' title='bbox 1106 4587 1144 4646; x_wconf 89' lang='lat' dir='ltr'><strong>T.</strong></span> <span class='ocrx_word' id='word_1_342' title='bbox 1163 4583 1216 4648; x_wconf 79' lang='lat'><strong>21.</strong></span> <span class='ocrx_word' id='word_1_343' title='bbox 1233 4607 1264 4664; x_wconf 90' lang='lat' dir='ltr'><strong>p.</strong></span> <span class='ocrx_word' id='word_1_344' title='bbox 1282 4583 1346 4646; x_wconf 77' lang='grc'><strong>621</strong></span> <span class='ocrx_word' id='word_1_345' title='bbox 1367 4607 1408 4649; x_wconf 87' lang='lat' dir='ltr'><strong>ss.</strong></span> <span class='ocrx_word' id='word_1_346' title='bbox 1434 4581 1522 4653; x_wconf 62' lang='lat'><strong>(127.</strong></span> 
     </span>
     <span class='ocr_line' id='line_1_40' title="bbox 355 4672 1521 4757; baseline -0.003 -21"><span class='ocrx_word' id='word_1_347' title='bbox 355 4675 391 4736; x_wconf 79' lang='lat' dir='ltr'><strong>de</strong></span> <span class='ocrx_word' id='word_1_348' title='bbox 413 4678 499 4740; x_wconf 75' lang='lat' dir='ltr'><strong>verit.</strong></span> <span class='ocrx_word' id='word_1_349' title='bbox 528 4685 587 4740; x_wconf 79' lang='lat' dir='ltr'><strong>ort.</strong></span> <span class='ocrx_word' id='word_1_350' title='bbox 608 4681 636 4738; x_wconf 84' lang='lat'><strong>2.</strong></span> <span class='ocrx_word' id='word_1_351' title='bbox 661 4679 699 4736; x_wconf 91' lang='lat' dir='ltr'><strong>T.</strong></span> <span class='ocrx_word' id='word_1_352' title='bbox 727 4674 778 4738; x_wconf 83' lang='grc'><strong>17.</strong></span> <span class='ocrx_word' id='word_1_353' title='bbox 798 4698 828 4757; x_wconf 90' lang='lat' dir='ltr'><strong>p.</strong></span> <span class='ocrx_word' id='word_1_354' title='bbox 854 4674 916 4740; x_wconf 87' lang='lat'><strong>161</strong></span> <span class='ocrx_word' id='word_1_355' title='bbox 935 4699 962 4737; x_wconf 88' lang='lat' dir='ltr'><strong>s.</strong></span> <span class='ocrx_word' id='word_1_356' title='bbox 992 4681 1034 4736; x_wconf 85' lang='lat' dir='ltr'><strong>In</strong></span> <span class='ocrx_word' id='word_1_357' title='bbox 1049 4685 1121 4740; x_wconf 82' lang='lat' dir='ltr'><strong>sent.</strong></span> <span class='ocrx_word' id='word_1_358' title='bbox 1140 4679 1159 4740; x_wconf 86' lang='lat' dir='ltr'><strong>l.</strong></span> <span class='ocrx_word' id='word_1_359' title='bbox 1177 4682 1206 4738; x_wconf 85' lang='lat'><strong>2.</strong></span> <span class='ocrx_word' id='word_1_360' title='bbox 1224 4681 1260 4736; x_wconf 84' lang='lat' dir='ltr'><strong>dc</strong></span> <span class='ocrx_word' id='word_1_361' title='bbox 1275 4680 1326 4741; x_wconf 81' lang='lat'><strong>26.</strong></span> <span class='ocrx_word' id='word_1_362' title='bbox 1345 4697 1373 4752; x_wconf 85' lang='lat' dir='ltr'><strong>q.</strong></span> <span class='ocrx_word' id='word_1_363' title='bbox 1391 4682 1419 4739; x_wconf 85' lang='lat'><strong>1.</strong></span> <span class='ocrx_word' id='word_1_364' title='bbox 1435 4680 1486 4733; x_wconf 83' lang='lat' dir='ltr'><strong>art.</strong></span> <span class='ocrx_word' id='word_1_365' title='bbox 1501 4672 1521 4727; x_wconf 79' lang='lat' dir='ltr'><strong>l·</strong></span> 
     </span>
     <span class='ocr_line' id='line_1_41' title="bbox 354 4762 1521 4848; baseline -0.005 -19"><span class='ocrx_word' id='word_1_366' title='bbox 354 4762 394 4832; x_wconf 80' lang='lat' dir='ltr'><strong>T,</strong></span> <span class='ocrx_word' id='word_1_367' title='bbox 421 4766 472 4830; x_wconf 88' lang='lat'><strong>10.</strong></span> <span class='ocrx_word' id='word_1_368' title='bbox 500 4791 529 4848; x_wconf 89' lang='lat' dir='ltr'><strong>p.</strong></span> <span class='ocrx_word' id='word_1_369' title='bbox 553 4765 619 4830; x_wconf 86' lang='lat'><strong>386</strong></span> <span class='ocrx_word' id='word_1_370' title='bbox 645 4789 685 4829; x_wconf 86' lang='lat' dir='ltr'><strong>ss.</strong></span> <span class='ocrx_word' id='word_1_371' title='bbox 720 4767 804 4828; x_wconf 82' lang='lat' dir='ltr'><strong>Oont.</strong></span> <span class='ocrx_word' id='word_1_372' title='bbox 829 4767 915 4829; x_wconf 73' lang='lat' dir='ltr'><strong>Gcnt.</strong></span> <span class='ocrx_word' id='word_1_373' title='bbox 938 4771 1004 4831; x_wconf 74' lang='grc'><strong>13.</strong></span> <span class='ocrx_word' id='word_1_374' title='bbox 1022 4788 1046 4831; x_wconf 90' lang='lat' dir='ltr'><strong>c.</strong></span> <span class='ocrx_word' id='word_1_375' title='bbox 1065 4772 1164 4830; x_wconf 64' lang='lat'><strong>1503.</strong></span> <span class='ocrx_word' id='word_1_376' title='bbox 1196 4769 1234 4828; x_wconf 87' lang='lat' dir='ltr'><strong>T.</strong></span> <span class='ocrx_word' id='word_1_377' title='bbox 1255 4766 1307 4830; x_wconf 83' lang='lat'><strong>18.</strong></span> <span class='ocrx_word' id='word_1_378' title='bbox 1324 4791 1354 4848; x_wconf 92' lang='lat' dir='ltr'><strong>p.</strong></span> <span class='ocrx_word' id='word_1_379' title='bbox 1374 4765 1438 4830; x_wconf 84' lang='lat'><strong>388</strong></span> <span class='ocrx_word' id='word_1_380' title='bbox 1455 4787 1521 4824; x_wconf 80' lang='lat' dir='ltr'><strong>a·-</strong></span> 
     </span>
     <span class='ocr_line' id='line_1_42' title="bbox 354 4856 1040 4941; baseline 0.003 -19"><span class='ocrx_word' id='word_1_381' title='bbox 354 4857 718 4941; x_wconf 72' lang='lat' dir='ltr'><strong>²)1.Joan.3,14.—</strong></span> <span class='ocrx_word' id='word_1_382' title='bbox 738 4856 1040 4937; x_wconf 78' lang='lat' dir='ltr'><strong>³)1.J0an.4‚16.</strong></span> 
     </span>
    </p>
   </div>
   <div class='ocr_carea' id='block_1_9' title="bbox 0 0 1901 5625">
    <p class='ocr_par' dir='ltr' id='par_1_10' title="bbox 0 0 1901 5625">
     <span class='ocr_line' id='line_1_43' title="bbox 0 0 1901 5625; baseline 0 0"><span class='ocrx_word' id='word_1_383' title='bbox 0 0 1901 5625; x_wconf 95' lang='lat' dir='ltr'><strong> </strong></span> 
     </span>
    </p>
   </div>
  </div>
 </body>
</html>
