3775 5625
1435 416 1502 483 223

320 585 404 646 etiam
421 584 643 656 orientalibus,
667 586 851 652 zoroastro,
875 582 1024 645 Confusio
1047 594 1079 645 ct
1093 584 1275 645 Muhamcde
1294 584 1502 656 conferentes,

322 706 338 755 t
360 695 406 753 his
421 695 475 753 rix
492 703 723 771 anteponentes.
765 697 806 752 m
823 694 942 770 quidem
960 694 1011 753 alii
1028 694 1113 752 illum
1130 711 1292 769 personam
1310 694 1491 754 historicam

320 814 335 863 t
364 804 456 877 ajunt,
473 803 596 862 hahent.
628 803 691 861 ntii
706 820 782 861 vero
798 802 889 878 plane
905 802 1102 871 contendunt,
1121 820 1197 878 quae
1214 821 1327 881 magna
1344 814 1374 862 et
1391 740 1537 883 enimi&¹

320 933 336 971 a
373 914 437 987 ipso
461 913 692 988 praedicantur,
715 911 867 989 originem
888 912 938 969 vei
960 912 1008 986 pio
1032 912 1149 980 sensui,
1171 921 1204 970 ut
1225 912 1265 969 de
1291 913 1433 981 Wcttc,
1451 916 1501 973 de·

320 1039 397 1089 ere,
413 1022 471 1089 vel,
489 1032 523 1081 ut
539 1023 649 1089 Kant,
666 1020 831 1097 cogitando
849 1037 918 1076 esse
936 1019 1077 1087 inventa;
1095 1019 1147 1077 alii
1163 1039 1285 1090 rursus,
1304 1032 1337 1080 ut
1356 1022 1502 1082 Schlei-

320 1148 434 1189 rrnac
446 1129 524 1199 her,
543 1138 714 1197 assumunt,
731 1129 761 1185 in
781 1127 906 1186 Christo
923 1127 1045 1185 nonnisi
1062 1128 1151 1186 fidem
1169 1130 1366 1188 necessariae
1383 1132 1501 1190 redem-

320 1240 412 1308 ›nis,
430 1258 469 1296 ex
486 1240 534 1315 pio
551 1258 645 1296 sensu
662 1246 773 1306 ortam,
792 1235 944 1313 conspiei3
963 1236 1021 1294 alii·
1033 1239 1153 1295 tandem
1167 1239 1329 1307 somniant,
1343 1238 1501 1298 Christum

321 1357 426 1406 ntum
447 1358 576 1407 eatenus
596 1349 697 1406 Deum
718 1345 878 1405 dicendum
900 1364 982 1414 esse,
1005 1354 1155 1422 qnatenus
1177 1348 1294 1423 primus
1317 1348 1422 1417 fuerit,
1445 1353 1499 1427 qui

320 1460 480 1517 melotam
496 1458 687 1516 identitatem
704 1455 835 1514 hominis
852 1474 888 1514 ac
905 1456 965 1513 Dei
982 1456 1143 1515 tradiderit
1153 1460 1192 1528 ¹).

418 1562 486 1640 Quo
504 1560 610 1625 acrius
626 1560 731 1646 itaque
756 1561 874 1647 dogma
896 1561 960 1624 hoc
975 1559 1144 1647 religionis
1161 1560 1361 1627 Christianae
1377 1566 1501 1647 praeci-

320 1690 403 1734 sum
420 1672 459 1735 ab
476 1670 670 1735 adversariis
686 1668 863 1753 impetitur:
881 1690 921 1733 eo
938 1670 1043 1757 ntagis
1066 1670 1153 1735 vires
1177 1671 1209 1735 in
1233 1671 1287 1735 iilo
1311 1671 1501 1739 vindicando

320 1782 536 1864 spendendae
553 1792 636 1846 sunt.
673 1779 909 1852 Verumtamen,
927 1800 1033 1863 quum,
1052 1780 1103 1843 uhi
1121 1782 1159 1844 de
1177 1780 1338 1847 divinitate
1355 1782 1426 1847 Filii
1442 1786 1502 1849 Dei

320 1888 444 1970 simus,
455 1893 524 1976 jam
539 1892 654 1955 saitem
669 1888 823 1953 indirecte
841 1888 1039 1953 divinitatem
1056 1911 1180 1975 quoque
1199 1891 1344 1956 Christi
1366 1893 1499 1960 eviceri-

320 2019 395 2066 us:
422 2000 516 2065 nohis
536 2000 589 2065 hic
609 1997 673 2063 loci
694 1998 897 2062 brevioribus
922 2018 996 2062 esse
1019 1997 1140 2074 licebit,
1162 2013 1195 2064 et
1217 2000 1355 2066 sufficiet
1379 2015 1501 2074 tantum

320 2110 509 2183 stendisse,
527 2108 710 2173 testimonia
725 2107 843 2172 ihidem
873 2129 932 2192 pro
967 2107 1130 2173 divinitate
1146 2109 1217 2173 Filii
1233 2111 1293 2174 Dei
1314 2111 1346 2175 in
1363 2113 1502 2178 medium

320 2222 443 2294 ¹0lats,
461 2221 499 2282 de
516 2218 679 2283 divinitate
697 2216 853 2282 Christi
868 2218 991 2289 valere;
1014 2240 1109 2303 qumn
1133 2218 1184 2283 hic
1201 2231 1295 2305 atque
1314 2220 1414 2285 Filius
1431 2222 1501 2297 Dei,

320 2330 390 2393 atri
416 2326 710 2401 consubstantialis,
731 2346 790 2390 seu
816 2327 959 2389 secunda
979 2326 1202 2392 secretissimae
1232 2328 1398 2394 Trinitatis
1429 2352 1500 2415 per-

320 2456 394 2513 usa,
422 2459 504 2501 unus
524 2436 671 2523 idemque
692 2436 744 2511 sit,
769 2447 879 2519 utpote
895 2435 997 2521 quiin
1014 2436 1118 2502 divina
1134 2451 1166 2502 et
1181 2439 1317 2503 hnmana
1331 2452 1443 2504 natura
1459 2440 1500 2504 si·
1537 2510 1539 2514 ,

320 2546 366 2610 ul
384 2546 553 2612 subsistet.

412 2657 543 2719 desum
561 2654 765 2722 Christum
782 2675 863 2742 ergo
880 2676 993 2719 verum
1008 2656 1111 2720 Deum

414 2770 455 2830 A.
472 2764 504 2828 in
521 2768 581 2830 SS.
596 2764 766 2830 Litteris
784 2764 875 2839 tradi,
892 2762 1016 2830 inficias
1033 2764 1072 2830 iri
1089 2786 1225 2850 prorsus
1241 2766 1359 2853 nequit.
1393 2769 1473 2833 Nam

417 2899 448 2939 a.
467 2875 646 2940 Christus
662 2874 733 2959 ipse
750 2895 844 2960 quam
855 2873 1056 2958 saepissime,
1074 2897 1110 2939 se
1127 2897 1201 2941 esse
1211 2876 1325 2940 Filium
1333 2877 1394 2942 Dei
1404 2899 1503 2943 sensu

320 2985 442 3070 roprio
462 3006 499 3049 ac
516 2985 660 3060 naturali,
677 2982 848 3071 significet,
866 2984 928 3069 qui,
945 2983 1029 3048 sicut
1044 2986 1139 3049 Pater
1155 3006 1257 3072 usque
1274 2988 1370 3050 modo
1388 3007 1502 3071 opera·

320 3109 365 3168 tr,
383 3094 505 3178 etipse
522 3107 684 3178 operetur,
701 3116 719 3158 a
735 3115 771 3160 se
788 3115 852 3157 non
868 3093 964 3158 faciat
980 3093 1158 3180 quidquam,
1176 3116 1381 3182 quaecunque
1397 3110 1502 3161 autern

320 3214 401 3268 ater
428 3203 534 3278 faciat,
557 3205 636 3269 haec
661 3216 692 3268 et
716 3202 787 3286 ipse
810 3202 956 3266 similiter
979 3203 1085 3278 faciat,
1103 3216 1195 3289 atque
1213 3226 1231 3269 a
1247 3205 1383 3269 mortuis
1400 3207 1501 3270 susci·

320 3320 358 3384 et,
384 3335 469 3398 quos
485 3312 569 3388 vetit,
591 3327 623 3377 et
639 3311 788 3387 vivificet,
804 3311 864 3381 ,cui
879 3311 986 3398 itaque
1004 3313 1153 3376 traditum
1169 3313 1212 3377 sit
1228 3334 1322 3377 omne
1334 3314 1502 3398 judicium,

320 3427 331 3478 t
351 3443 473 3486 omnes
489 3421 703 3486 honorificent
716 3423 840 3498 Filium,
857 3423 941 3487 sicut
957 3419 1170 3486 honorificant
1184 3423 1313 3486 Patrem
1325 3428 1363 3502 ³),
1388 3423 1501 3488 Filium

320 3530 364 3593 *ei
394 3531 595 3618 unigenitum
604 3538 642 3613 ⁴),
664 3532 716 3618 qui
740 3554 783 3597 ex
798 3535 867 3596 Deo
890 3533 1072 3616 procedens
1080 3537 1106 3610 ⁵)
1122 3514 1328 3597 ⁴descenderit
1344 3534 1382 3597 de
1398 3535 1500 3609 coelo,

320 3645 329 3694 t
351 3641 398 3705 sit
417 3641 449 3704 in
468 3642 612 3721 coelo⁶);
636 3654 729 3728 atque
752 3645 858 3718 docet,
883 3663 920 3706 se
936 3654 969 3705 et
983 3643 1111 3706 Patrem
1127 3664 1224 3705 unum
1241 3663 1315 3707 esse
1328 3645 1363 3721 ⁷),
1381 3655 1413 3706 et
1428 3643 1501 3707 ideo

321 3759 437 3814 atrern
458 3751 490 3814 in
513 3773 548 3813 se
574 3772 659 3825 esse,
683 3764 715 3815 et
740 3773 776 3816 se
798 3752 830 3815 in
851 3754 945 3815 Patre
955 3752 993 3832 8),
1016 3751 1193 3837 omniaque,
1216 3773 1294 3837 quae
1312 3753 1427 3816 hebeat
1442 3753 1500 3817 Pa·

320 3871 367 3930 tr,
387 3881 444 3924 sua
461 3881 533 3924 esse
547 3862 584 3938 ⁹),
601 3861 645 3924 ita
661 3873 695 3923 ut
711 3861 851 3944 Spiritus
869 3864 902 3925 S.
921 3862 959 3925 de
976 3883 1036 3925 suo
1053 3862 1198 3946 accipiat,
1216 3874 1248 3924 et
1263 3861 1429 3946 Apostolis
1446 3882 1500 3926 an-

321 3967 492 4048 unrietn).
525 3967 605 4032 Hine
624 3992 722 4053 porro
740 3992 775 4034 se
792 3970 964 4034 Dominum
980 3971 1153 4055 praedicat,
1177 3970 1350 4056 etquidem
1372 3992 1411 4035 eo
1428 3971 1501 4056 ipso

321 4089 421 4151 ensu,
437 4100 498 4164 quo
515 4079 628 4143 Judaei
645 4081 746 4143 Deum
762 4080 932 4144 Dominum
950 4102 1067 4145 vocare
1085 4093 1320 4145 consueverant
1332 4087 1373 4160 ¹¹)
1380 4105 1389 4153 ;
1413 4094 1499 4145 ante·

320 4198 406 4260 tuam
417 4189 574 4252 Abraham
585 4203 683 4263 esset,
696 4206 731 4254 se·
748 4190 925 4265 exstitisse,
942 4191 1102 4269 dooet¹²);
1120 4189 1298 4275 Apostoiis,
1315 4210 1351 4254 se
1368 4189 1417 4254 eis
1435 4190 1501 4254 uhi·

320 4369 527 4393 x...—

320 4555 325 4566 ‚
422 4492 449 4559 ¹)
468 4483 512 4545 Cf.
546 4484 679 4555 Wiest‚
710 4485 813 4547 instit.
847 4487 932 4545 theol.
965 4484 1122 4545 Eichstad.
1159 4480 1244 4546 1782
1276 4506 1317 4550 ss.
1350 4486 1389 4548 Τ.
1412 4482 1443 4550 4.
1466 4507 1499 4566 p.

320 4556 384 4623 '20
400 4590 438 4640 ss,
455 4610 499 4621 -
516 4580 546 4648 2)
573 4575 664 4634 Joan.
693 4573 725 4648 5,
745 4571 885 4637 17-23.
911 4613 949 4622 —
974 4584 1001 4655 8)
1019 4576 1111 4639 Joan.
1129 4574 1165 4648 3,
1185 4573 1236 4640 16.
1257 4612 1296 4621 -
1315 4572 1340 4660 ⁴)
1359 4577 1450 4637 Joan.
1470 4579 1500 4647 8,

320 4645 364 4708 m.
388 4691 428 4712 -
446 4671 473 4744 5)
491 4666 581 4726 roan.
600 4666 631 4737 3,
651 4663 702 4728 13.
721 4665 764 4726 of.
783 4664 814 4740 e,
832 4665 884 4730 ot.
902 4665 956 4731 es.
973 4666 1027 4729 46.
1045 4664 1098 4732 so.
1116 4664 1168 4728 59.
1180 4703 1220 4711 -
1234 4665 1260 4752 ⁶)
1272 4667 1363 4727 roan.
1380 4664 1431 4738 10,
1446 4665 1501 4731 30.

320 4770 346 4782 ⁵
373 4750 402 4821 ⁷)
419 4756 510 4816 Joan.
531 4754 583 4828 10,
601 4754 653 4818 38.
673 4794 712 4800 -
734 4755 759 4837 ⁸)
776 4757 868 4822 Joau,
888 4756 939 4830 16,
961 4757 1070 4820 15.-
1091 4758 1118 4835 ⁹)
1135 4759 1228 4819 Joan.
1248 4756 1300 4827 16,
1320 4756 1370 4818 14.
1390 4753 1502 4819 15.-

321 4829 347 4902 ο)
368 4833 449 4908 Luc.
467 4845 498 4919 6,
514 4847 567 4910 46.
584 4850 691 4908 Matth.
711 4848 741 4928 7,
757 4847 811 4912 21.
828 4849 871 4912 Of.
889 4851 965 4914 Luc.
984 4849 1012 4922 1,
1031 4847 1082 4912 16.
1103 4849 1155 4916 lt.
1172 4888 1215 4896 —
1233 4852 1273 4932 ¹¹)
1289 4850 1381 4911 Joau.
1400 4847 1431 4925 8,
1448 4848 1501 4914 58.
