3775 5625
357 413 421 487 lid

351 592 402 645 est
418 580 532 665 culpo
547 576 731 653 actualis,
746 598 808 663 qua
824 576 961 665 egimus,
977 588 1074 664 prout
1089 597 1188 665 ogere
1203 599 1269 648 nor
1286 579 1523 654 ddreremunto

351 688 412 752 alio
438 688 534 752 modo
557 707 618 773 pro
643 707 700 761 eo,
722 687 807 772 quod
822 686 1015 754 renouatio
1031 686 1136 754 anima
1150 686 1335 772 proratoris
1350 700 1432 774 post
1445 687 1523 764 aetla

351 818 424 861 nem
438 797 524 862 illam
539 794 812 883 transgressionis
834 794 1013 880 praecepti,
1036 816 1095 860 seu
1117 816 1179 881 pro
1203 796 1417 866 eversione
1438 797 1523 863 habt

350 905 447 971 tueli
462 926 504 970 ex
519 904 689 973 aversione
705 904 821 970 aemali
836 917 1037 979 remanente,
1050 904 1072 969 i.
1089 925 1117 971 e.
1132 926 1194 990 pro
1211 907 1326 992 culpa
1338 906 1523 980 halrituel

351 1036 412 1100 que
431 1035 497 1079 non
519 1035 645 1090 sumus,
665 1014 712 1079 uti
733 1035 807 1079 esse
829 1015 1029 1079 deberemus.
1054 1012 1147 1079 sieut
1166 1014 1251 1082 enim
1272 1014 1342 1091 ille,
1362 1015 1419 1103 qui
1434 1036 1457 1082 ι
1476 1016 1523 1088 ml

350 1124 519 1198 avertitur,
540 1136 648 1189 manet
668 1144 803 1188 aversos
824 1122 858 1188 in
879 1122 1039 1197 tenebris,
1063 1124 1168 1189 donee
1183 1125 1223 1190 ad
1238 1126 1342 1192 solem
1356 1124 1483 1196 iterum
1496 1145 1523 1196 nt

349 1244 506 1297 vertatur:
529 1231 579 1296 sie
601 1232 697 1297 etiam
717 1231 771 1317 qui
785 1253 804 1296 a
819 1232 889 1298 Deo
906 1232 1061 1299 avertitur
1081 1252 1140 1316 per
1155 1244 1340 1317 peecatum,
1355 1254 1423 1304 nou
1440 1233 1523 1306 solu

349 1343 421 1406 dum
438 1354 567 1427 peceat,
592 1340 762 1407 sedetiam
783 1354 954 1427 postquam
976 1340 1135 1426 peccavit,
1152 1354 1260 1410 mmet
1274 1363 1295 1414 t
1308 1343 1380 1410 Deo
1397 1363 1523 1414 avum

349 1452 453 1515 donec
468 1472 526 1537 per
541 1450 767 1535 poenitentiam
789 1464 996 1516 convertatur
1012 1464 1044 1516 et
1060 1453 1100 1515 ad
1114 1451 1218 1516 Deum
1233 1464 1435 1527 revertatur,
1451 1464 1523 1539 atq!

347 1573 500 1645 peccator
528 1559 658 1645 proprie
690 1572 724 1623 et
753 1560 929 1625 formaliter
960 1559 1104 1635 exsistit,
1136 1572 1231 1646 atque
1259 1559 1295 1624 in
1324 1573 1466 1646 peccato
1496 1581 1523 1629 er

349 1682 382 1734 et
410 1681 578 1755 peceatum
608 1669 713 1733 hahet
761 1669 853 1747 Quod
884 1668 969 1734 actio
999 1667 1086 1753 ipsa,
1117 1689 1178 1755 qua
1208 1682 1418 1755 praeoeptum
1440 1682 1523 1766 tram

347 1777 528 1867 gredimur,
559 1789 592 1842 et
622 1776 665 1842 sit
695 1790 728 1842 ot
758 1777 881 1842 dicetur
912 1789 1095 1863 peecatum,
1122 1798 1218 1844 nemo
1250 1791 1318 1853 est,
1349 1778 1405 1865 qui
1438 1789 1523 1868 negt!

347 1891 412 1953 Sed
428 1900 460 1953 et
475 1900 552 1973 post
566 1885 726 1954 sotionem
748 1885 873 1971 peceati
895 1885 1158 1972 aliquidmonere
1173 1886 1207 1954 iu
1222 1886 1370 1963 homine,
1386 1885 1523 1982 quodq'

346 2011 379 2063 et
399 1998 522 2062 dicatur
543 1995 674 2082 proprie
693 2008 877 2080 peceatum,
899 1994 1077 2061 addubitari
1099 1995 1217 2082 nequit
1240 1996 1370 2064 Etenim
1391 1995 1523 2083 prensi

345 2108 474 2171 modum
497 2104 550 2191 quui
575 2106 682 2192 legem
707 2103 845 2169 divinam
870 2104 1166 2192 transgrediuntur,
1194 2127 1342 2188 perraro,
1374 2117 1523 2196 peram

345 2222 541 2280 committere
570 2213 727 2289 dicuntur,
754 2213 800 2280 ita
825 2212 936 2288 etiam,
960 2213 1013 2299 qui
1033 2215 1140 2301 legem
1171 2213 1310 2286 divinum
1340 2211 1523 2303 monsgrm‘

345 2336 434 2399 sunt,
457 2323 606 2389 dicuntur
627 2324 667 2388 elo
689 2322 836 2388 omnibus
858 2335 933 2408 post
958 2321 1118 2390 actionem
1138 2324 1264 2408 peccati
1278 2323 1414 2409 proprie
1428 2322 1523 2396 etlam

344 2432 468 2497 molitor
490 2445 689 2514 peccatores,
718 2431 795 2497 item
820 2431 968 2519 dicunntur
988 2454 1059 2496 erre
1074 2438 1111 2518 r‘rsr
1124 2446 1269 2515 peceato,
1287 2438 1410 2500 taum
1421 2451 1523 2513 pears-

344 2554 424 2625 ινα,
442 2554 514 2606 etc..
538 2542 619 2606 Nam
641 2541 783 2628 quamvis
800 2541 842 2617 id,
863 2543 948 2626 quod
968 2553 1114 2608 remanet
1137 2554 1214 2627 post
1230 2542 1392 2608 actionem
1407 2559 1520 2628 pom

343 2671 427 2724 sam,
450 2650 492 2715 sit
514 2650 618 2737 aliquo
642 2652 739 2715 modo
756 2648 890 2715 effeetus
907 2650 1053 2734 ejusdem
1073 2649 1227 2717 aetionis:
1251 2662 1359 2718 temen
1373 2663 1428 2721 ost
1441 2648 1522 2740 adq

342 2758 427 2825 idem
450 2780 523 2826 oum
543 2758 615 2846 ipsa
635 2758 778 2834 actione,
800 2747 957 2846 quatenus
976 2779 1091 2845 nempe
1114 2772 1165 2826 est
1179 2772 1302 2829 tontum
1316 2755 1523 2846 morell&

342 2889 402 2933 seu
418 2869 597 2935 eversionis
620 2869 754 2934 aemulis
779 2868 992 2944 continuatio,
1009 2882 1042 2934 et
1056 2868 1129 2935 ideo
1146 2891 1212 2935 non
1227 2892 1286 2956 per
1301 2868 1523 2956 metoupnitn·

342 2980 401 3043 sed
423 2978 554 3064 proprie
585 2991 753 3064 peecatum
784 2978 900 3047 dicitur
920 2991 954 3044 et
973 2992 1040 3052 est;
1074 2992 1107 3046 et
1130 2981 1249 3065 duplex
1269 2980 1323 3047 ille
1343 2974 1523 3068 signidem·

343 3088 483 3172 peccati,
499 3110 564 3152 non
580 3101 631 3153 est
646 3087 840 3177 significatio
866 3090 1003 3155 duorum
1026 3102 1250 3174 peccatorum,
1271 3091 1329 3154 sed
1345 3089 1442 3157 unius
1454 3089 1523 3175 ἠν·

300 3187 302 3191 ’
344 3198 479 3283 demque
494 3196 633 3282 peceati,
649 3188 711 3263 olio
728 3210 822 3283 atque
838 3197 900 3262 alio
916 3199 1014 3263 modo
1031 3219 1067 3263 se
1083 3198 1239 3264 habentis.

452 3307 524 3371 lam
556 3309 636 3373 duae
667 3309 727 3372 hae
753 3306 1009 3394 significationes
1038 3307 1162 3392 peceati
1193 3307 1226 3375 in
1257 3320 1393 3393 peceato
1425 3322 1522 3393 perat*

346 3415 408 3481 nali
423 3416 463 3481 ab
481 3415 631 3482 omnihus
645 3415 861 3483 admittuntur.
887 3417 952 3483 Sed
977 3438 1072 3502 quum
1103 3429 1272 3501 peceatum
1302 3415 1457 3504 originale
1470 3424 1523 3489 Μ

350 3524 453 3589 minus
475 3523 608 3608 proprie
624 3537 657 3589 et
670 3545 747 3589 vere
763 3525 806 3591 sit
820 3538 994 3610 ,peceatum
1025 3547 1119 3611 quam
1141 3526 1327 3611 personale:
1352 3518 1523 3597 nemnem

349 3634 388 3696 ad
403 3632 479 3696 illud
494 3653 620 3718 quoque
641 3635 720 3698 haee
742 3646 875 3720 utraque
905 3633 1101 3722 significatio
1132 3636 1337 3705 extendenda
1359 3647 1420 3705 est
1448 3624 1523 3705 Μ

347 3742 453 3827 itaque
467 3741 501 3805 in
516 3741 645 3807 homine
660 3755 794 3827 peceato
811 3742 961 3830 originali
974 3743 1138 3830 inquinato
1152 3742 1281 3812 aversio
1295 3764 1355 3821 seu
1370 3744 1461 3830 nuspa
1471 3752 1523 3805 tr!

350 3850 481 3916 actualis
504 3871 597 3936 quem
617 3851 786 3919 habituris
804 3873 941 3919 neeesse
963 3865 1022 3921 ost.
1047 3853 1140 3931 Quod
1150 3854 1219 3937 jam
1238 3854 1278 3917 ad
1295 3854 1523 3938 eulpam

350 3961 412 4026 lem
433 3959 559 4025 attinet:
583 3983 649 4027 non
670 3973 779 4045 potest
800 3961 926 4047 quidem
947 3961 1000 4030 ille
1014 3983 1034 4029 a
1050 3961 1186 4049 singulis
1207 3950 1523 4048 homiuibusproprll

351 4090 390 4135 ac
409 4070 535 4135 formali
556 4072 734 4146 voluntate,
757 4092 816 4136 seu
837 4071 966 4139 notione
986 4072 1149 4157 personali
1169 4072 1344 4149 commisse
1360 4062 1523 4159 ωηο,ςᾶ

351 4179 384 4242 in
399 4200 501 4264 puero
516 4200 633 4245 reeens
649 4192 725 4246 nato
741 4181 890 4246 voluntas
906 4182 946 4245 ah
964 4181 1051 4246 omni
1065 4201 1204 4266 prorsus
1220 4180 1347 4250 actione
1362 4193 1461 4259 vocet
1477 4178 1523 4257 Mt

352 4301 457 4353 tamen
483 4309 578 4374 qumn
598 4290 795 4364 mandatum,
818 4290 904 4375 quod
924 4290 1014 4357 Deus
1033 4291 1155 4357 adamo
1180 4289 1214 4353 iu
1236 4289 1389 4374 perediae
1403 4287 1523 4361 delum!

353 4396 383 4461 ei
404 4409 563 4482 tamquam
585 4397 680 4483 capiti
700 4396 799 4462 totius
820 4397 951 4486 generis
973 4397 1101 4463 humani
1117 4380 1224 4463 datum
1240 4411 1344 4474 essem
1362 4411 1395 4464 et
1409 4397 1473 4465 ideo
1484 4391 1523 4457 ill·

355 4504 535 4570 obedientia
554 4506 620 4582 illa,
642 4528 703 4593 qua
724 4520 930 4593 praeceptum
957 4508 1097 4572 divinum
1112 4521 1341 4601 transgressus
1357 4521 1425 4584 est,
1440 4506 1472 4572 ab
1483 4516 1523 4565 θῦε

355 4629 509 4701 quatenus
519 4615 618 4681 totius
627 4616 758 4707 generis
765 4616 894 4682 humani
909 4639 1083 4704 personam
1100 4618 1287 4694 sustinebat,
1297 4617 1341 4684 sit
1358 4614 1523 4693 commiss&

356 4746 420 4790 non
436 4737 558 4791 tontum
573 4724 644 4809 ipse
659 4747 696 4791 se
713 4727 818 4791 solum
834 4747 893 4810 per
908 4725 995 4796 illam
1012 4726 1322 4813 praevaricationem
1337 4747 1357 4793 a
1371 4728 1443 4795 Deo
1455 4738 1523 4793 aret·

357 4834 408 4909 tit,
429 4834 487 4898 sed
506 4847 539 4899 et
558 4833 592 4897 in
617 4835 671 4900 illo
704 4855 799 4901 omne
828 4856 933 4923 genus
965 4838 1136 4907 humanum
1159 4818 1523 4909 murmuratorum·
