3775 5625
342 429 410 498 320

342 598 625 658 redemtionem
651 587 787 672 (disper)
807 612 879 671 pro
897 592 1038 652 multia
1054 582 1134 668 (rint
1153 586 1286 669 notter)
1298 589 1335 669 ¹)
1376 586 1522 671 Qttitljtttt

343 704 406 768 sibi
421 703 504 767 aliud
519 704 599 767 haee
614 703 743 775 volunt,
766 721 858 785 quam
880 699 1042 765 Christum
1064 720 1196 783 passum
1219 719 1310 774 esse,
1334 710 1371 762 ut
1391 695 1522 761 homines

343 814 503 887 liberaret,
519 811 552 875 in
568 832 680 875 eornm
696 812 802 874 locum
818 790 1034 873 substitutus?
1067 847 1111 859 —
1141 809 1268 874 Eodem
1283 826 1425 893 prorsus
1443 806 1523 870 molo

342 923 515 1008 loquuntur
530 920 627 985 etiam
645 940 759 984 omnes
775 916 973 1004 Apostoli.
999 916 1055 982 Sic
1072 918 1215 983 Paulus
1231 917 1289 983 ait:
1317 920 1441 981 Omnes
1455 922 1522 978 ean

344 1038 423 1113 (tam
439 1024 552 1094 ludaei
568 1050 662 1115 qnam
678 1027 807 1107 Graeci)
821 1036 1057 1109 peccaverunt,
1076 1037 1110 1091 et
1123 1037 1218 1108 eperat
1232 1027 1338 1108 (ideo)
1354 1028 1466 1104 gloria
1475 1025 1522 1086 det

345 1140 379 1222 (i.
395 1162 423 1204 e.
440 1138 483 1203 nil
498 1140 626 1214 habent,
643 1140 726 1202 unde
743 1158 854 1202 coram
870 1137 940 1200 Deo
957 1136 1148 1223 glorientur,
1164 1148 1275 1222 utpote
1291 1134 1423 1220 justitia
1443 1131 1523 1207 exuti,

343 1262 376 1314 et
392 1249 431 1313 ad
448 1269 518 1312 eam
536 1247 722 1312 sectandam
736 1245 860 1310 viribus
877 1244 1046 1323 destituti).
1083 1246 1267 1326 Justtfloatt
1290 1243 1326 1325 (i.
1344 1264 1372 1308 e.
1391 1242 1444 1328 qni
1459 1261 1524 1328 ergo

338 1357 566 1444 justificantur,
577 1356 736 1441 justitiam
752 1358 1007 1441 consequuntur)
1027 1362 1136 1433 qratia
1157 1360 1237 1435 (non
1255 1374 1392 1439 operum
1409 1369 1544 1416 suorum

344 1467 472 1543 merito,
488 1479 543 1531 aut
559 1488 618 1532 eeu
635 1464 774 1530 debitam
790 1465 973 1528 mercedem
989 1464 1180 1528 observatae
1192 1462 1308 1551 Legis)
1322 1486 1385 1548 per
1399 1467 1557 1543 pratiat-

345 1583 452 1658 ipaiue
480 1582 554 1661 (per
574 1577 677 1640 solam
700 1574 759 1639 Dei
791 1571 1047 1661 benignitatem),
1075 1594 1148 1654 per
1169 1576 1452 1636 redemtionem
1470 1559 1557 1650 (th

345 1689 398 1763 τῆς
417 1680 669 1763 terremotum,
691 1696 825 1770 propter
842 1680 1105 1761 redemtionem),
1126 1705 1224 1766 puae
1240 1691 1303 1746 eat
1316 1690 1356 1745 in
1374 1682 1557 1745 Obruta·

352 1795 383 1856 J
384 1816 454 1857 eeu
470 1800 504 1875 (a
518 1794 597 1859 lesu
613 1792 743 1860 Christo
760 1791 980 1878 praestitam),
996 1814 1089 1876 quem
1102 1800 1280 1874 proposuit
1292 1794 1390 1856 Deos
1401 1795 1557 1871 propt-

348 1910 557 1967 clationem
575 1900 760 1983 (ἱλαστήριον
769 1907 797 1983 ².)
810 1925 872 1986 per
889 1905 987 1983 fidem
1000 1910 1037 1965 io
1053 1910 1248 1981 sanquine
1261 1903 1397 1983 (morte)
1413 1907 1557 1983 ipsiu·

348 2012 383 2094 (i.
399 2034 427 2077 e.
443 2025 603 2098 tamquam
619 2011 813 2077 sacrificium
830 2034 889 2095 pro
906 2011 1034 2086 delicto,
1050 2032 1110 2076 seu
1125 2024 1284 2097 tamquam
1300 2007 1557 2095 propitiatorerz·

347 2143 407 2207 pro
425 2121 584 2197 omuibus,
600 2122 654 2207 qui
671 2122 806 2187 credunt
820 2121 853 2187 in
869 2121 990 2207 ipsum)
1008 2126 1054 2185 ad
1068 2128 1287 2186 celemiooem
1294 2126 1557 2200 justinam·-

348 2240 515 2314 propter
545 2239 817 2296 remissionem
845 2236 1177 2312 praecedentium
1210 2227 1556 2308 delictorum(i.e··

349 2352 384 2404 ut
405 2352 555 2404 testatam
578 2340 701 2404 laceret
720 2339 924 2404 sanctitatem
951 2360 1058 2414 suam,
1091 2359 1153 2424 qua
1172 2360 1231 2423 per
1254 2350 1396 2404 mortem
1417 2333 1557 2404 cursu-

350 2448 422 2514 Filii
439 2449 507 2524 sui,
522 2447 695 2514 vindictam
720 2450 759 2512 de
774 2447 917 2534 peccatis
935 2447 1119 2514 commissis
1135 2469 1277 2523 sumere,
1293 2445 1453 2533 nobisque
1467 2447 1557 2511 bae!

350 2570 483 2643 propter
499 2570 637 2622 mortem
652 2557 737 2636 illam
754 2559 938 2622 condonare
955 2557 1065 2633 voluit,
1080 2559 1132 2622 vel
1148 2570 1182 2621 ut
1198 2558 1303 2643 palam
1319 2557 1440 2620 mundo
1456 2571 1557 2619 suan

349 2666 581 2756 benignitatem
597 2668 849 2743 demonstraret,
871 2688 933 2752 qua
956 2667 1050 2731 nobis
1071 2679 1208 2752 peccata
1223 2665 1401 2732 commissa
1415 2675 1557 2750 propte!

351 2777 515 2845 Christum
530 2774 704 2852 remittere,
721 2797 845 2862 nosque
861 2797 938 2840 vere
950 2777 1061 2861 justos
1078 2774 1208 2843 edicere
1230 2774 1345 2856 voluit)
1357 2777 1395 2857 ³).
1428 2774 1557 2854 butu

351 2889 527 2973 Apostolus
551 2876 746 2962 docet,'nos
757 2887 932 2971 justitiam,
950 2908 1138 2972 quesumus
1155 2887 1274 2964 orbati,
1292 2885 1468 2973 consequi,
1481 2883 1500 2948 i
1513 2902 1557 2947 e.

353 2997 507 3063 charitate
539 2996 572 3061 in
605 2996 757 3061 cordibus
789 2997 912 3062 nostris
943 3019 1002 3082 per
1028 2997 1184 3083 Spiritum
1207 3001 1241 3062 S.
1258 2994 1377 3063 diffirsei
1393 2996 1433 3061 ad
1448 2994 1557 3057 Deum

353 3106 512 3182 converti,
529 3119 562 3172 et
577 3106 626 3171 sic
642 3105 813 3171 remissam
829 3120 1038 3193 peccatorum
1055 3107 1209 3183 nancisci,
1222 3109 1336 3192 justos
1354 3127 1393 3171 ac
1410 3116 1550 3173 sancto&

353 3217 486 3303 Dcoque
516 3227 642 3303 gratos,
673 3227 734 3280 etc.
767 3213 865 3290 effici,
897 3237 961 3279 non
993 3237 1036 3280 ex
1055 3215 1171 3280 merito
1201 3217 1362 3280 bonarum
1391 3214 1539 3279 actionum

354 3338 557 3400 nostrarum,
598 3325 656 3389 scd
695 3345 753 3407 per
785 3326 887 3401 solam
918 3323 1175 3389 misericordiam
1216 3323 1374 3400 divinam,
1420 3331 1534 3408 propte

353 3437 465 3499 Jcsum
505 3431 685 3507 Christum,
718 3432 770 3518 qui
810 3432 1004 3498 sacrificium
1043 3433 1304 3518 propitiatorium
1343 3454 1404 3499 seu
1440 3424 1525 3516 propi·

356 3542 451 3606 tiator
480 3552 593 3604 noster
616 3540 824 3618 constitutus,
858 3555 962 3607 morte
986 3565 1044 3608 sua
1061 3543 1208 3627 justitiae
1231 3543 1359 3613 divinae
1387 3535 1525 3609 sumserit

356 3648 511 3733 nobisque
527 3648 753 3733 remissionnem
769 3663 976 3735 peccatorum
997 3664 1090 3737 atque
1112 3651 1251 3739 gratiam
1267 3652 1411 3717 divinam
1424 3650 1521 3736 prone

357 3758 431 3833 ruit,
447 3757 491 3821 ita
507 3756 678 3853 utquivis,
710 3759 762 3844 qui
779 3759 908 3824 Christo
929 3760 1026 3825 fidem
1042 3783 1168 3837 veram,
1195 3783 1239 3827 ex
1263 3775 1374 3828 mente
1396 3750 1522 3845 Apostoli

358 3865 506 3930 nimirum
533 3886 605 3951 eum
627 3865 755 3933 sincera
779 3853 942 3934 voluntate
965 3870 1061 3935 vitam
1077 3872 1172 3955 juxta
1186 3870 1291 3956 ipsius
1309 3863 1520 3937 decumanis

359 3974 508 4039 stituendi
526 3976 739 4059 conjunctam,
756 3978 949 4062 praebuerit,
966 3978 1050 4044 illius
1066 3979 1192 4067 gratiae
1210 3980 1354 4057 divinae,
1373 4001 1432 4067 qua
1446 3971 1519 4041 exit

354 4083 451 4169 justis
463 4084 544 4169 justi
560 4105 598 4149 ac
614 4085 716 4149 sancti
734 4086 900 4163 efficimur,
917 4088 1080 4174 particeps
1097 4088 1161 4154 liat.
1198 4091 1318 4155 Paulus
1342 4090 1446 4176 itaque
1461 4098 1517 4149 mor

361 4205 424 4256 tem
441 4193 570 4268 Christi,
587 4215 651 4257 uon
668 4216 767 4278 opera
783 4197 877 4271 bona,
894 4219 973 4283 quae
991 4198 1142 4274 excludit,
1160 4220 1292 4265 causam
1316 4221 1394 4265 csse
1409 4195 1519 4263 affirm)

360 4322 440 4388 quae
455 4302 548 4366 nobis
564 4303 701 4389 gratiam
711 4305 944 4388 justificantem
960 4308 1155 4393 promeruit,
1177 4322 1273 4396 atque
1290 4309 1336 4374 illi
1353 4308 1480 4395 pretium
1491 4299 1517 4363 il·

361 4492 576 4507 -ψ

470 4577 495 4654 ¹)
511 4579 621 4640 Matth.
637 4575 698 4653 20,
722 4577 774 4643 28.
800 4584 895 4646 Marc.
916 4580 969 4655 10,
985 4581 1039 4646 45.
1082 4584 1128 4650 Ci.
1145 4587 1239 4647 Joen.
1260 4584 1314 4663 10,
1335 4584 1388 4653 11.
1412 4566 1515 4646 17-Ῑᾶ

368 4666 398 4739 3,
417 4666 559 4730 14-16.
585 4665 616 4740 6,
633 4665 687 4735 52.
715 4708 756 4717 -
785 4672 811 4752 ²)
827 4673 991 4752 Adjeetiva
1006 4678 1036 4738 in
1052 4694 1135 4752 ηριος
1151 4679 1296 4740 exeuntia
1311 4679 1374 4739 vim
1389 4664 1515 4757 exprittttlt

366 4759 511 4820 afficiendi
541 4758 590 4832 id,
622 4760 703 4840 quod
733 4763 879 4844 verbum,
912 4787 931 4826 a
962 4788 1020 4847 quo
1051 4760 1244 4844 derivantur,
1277 4769 1433 4850 signifieat
1464 4756 1514 4820 ffel

367 4845 534 4925 ἱλαστήριον
549 4859 598 4910 est
612 4850 695 4926 illud,
712 4854 791 4934 quod
806 4856 945 4934 expiandi
962 4859 1021 4919 vim
1034 4852 1135 4923 habet,
1154 4897 1194 4909 -
1215 4860 1242 4940 ³)
1254 4862 1347 4924 Rom,
1365 4857 1395 4939 3,
1410 4836 1510 4922 23ae2b
