3775 5625
343 479 345 484 .
429 403 497 488 Ut

431 596 590 662 nunquam
624 572 772 640 effectum
803 596 895 639 suum
919 573 1141 660 consequitur,
1172 575 1336 640 moraliter
1358 577 1559 643 insufficiens
1578 579 1612 644 di·

433 689 535 753 eenda
566 698 627 751 est.
667 685 769 750 Simili
800 687 897 751 modo
930 688 1055 771 quando
1077 685 1263 751 Christus
1287 688 1480 754 Dominus
1496 691 1569 755 loeo
1583 711 1614 756 ex

431 798 629 862 Matthaeo
644 796 853 884 Evangelista
869 797 1008 884 allegato
1025 809 1201 872 asseverat,
1219 797 1339 882 Tyrios
1357 811 1390 864 et
1400 835 1402 840 ·
1412 800 1579 877 Sidonios,
1592 802 1613 867 si

431 906 480 971 eis
495 904 601 994 gratia
617 926 776 971 consessa
791 905 922 980 luisset,
945 926 1038 990 mam
1056 919 1249 990 acceperunt
1265 907 1463 974 Corouuitae
1487 923 1522 974 et
1535 913 1612 977 Beu-

432 1014 581 1091 saiditue,
612 1014 840 1100 poenitentiam
857 1008 988 1080 acturos
1005 1015 1120 1080 luisse:
1145 1028 1255 1100 aperte
1281 1019 1390 1093 docet,
1412 1020 1551 1105 gratiam
1576 1043 1613 1098 ea,

432 1148 512 1215 quae
542 1126 574 1191 in
607 1126 792 1192 Corozaitis
817 1147 880 1189 non
903 1125 1052 1199 obtinuit,
1076 1125 1107 1188 in
1131 1125 1239 1209 Tyriis
1262 1147 1377 1191 revera
1406 1143 1613 1196 assecuturum

431 1238 546 1312 fuisse,
571 1249 603 1301 et
629 1236 662 1300 in
685 1235 867 1301 Coronaitis
884 1235 1087 1300 solummodo
1105 1256 1146 1299 ex
1161 1234 1256 1300 unica
1272 1236 1418 1321 ipsorum
1437 1241 1531 1325 culpa
1545 1242 1613 1306 houd

432 1368 507 1413 esse
523 1358 714 1411 asseouuun.

543 1455 573 1519 2.
591 1456 778 1522 Christus
808 1455 998 1520 Dominus
1023 1456 1212 1520 exhortatur
1234 1459 1412 1542 Apostolos
1429 1460 1515 1543 apud
1537 1460 1613 1525 Mtt-

432 1569 602 1631 thaeum:
635 1569 758 1646 Petite,
784 1574 817 1628 et
836 1568 1001 1628 dubitur
1016 1570 1125 1629 vodis:
1141 1576 1307 1649 quaerite,
1332 1576 1366 1629 et
1393 1575 1615 1632 invenietis:

430 1680 576 1759 pulsate,
589 1685 622 1738 et
636 1682 847 1757 aperietur
862 1678 963 1738 vobis.
981 1675 1112 1737 Omnis
1128 1682 1224 1755 enim,
1242 1685 1308 1759 qut
1320 1685 1442 1758 petit,
1462 1688 1616 1761 occipit:

432 1767 472 1849 οἳ
485 1793 551 1869 put
566 1793 746 1867 quaerit,
764 1790 930 1848 invenit:
948 1788 1182 1866 etpulsuntr'
1200 1794 1458 1868 operietur1).
1487 1788 1531 1852 Et
1545 1792 1614 1873 apud

432 1894 574 1981 Lucam
590 1893 690 1958 addit:
715 1894 756 1956 Sa·
772 1917 848 1972 erpo
865 1916 923 1956 voe
940 1916 1012 1957 eum
1028 1901 1103 1956 sitio
1118 1898 1210 1974 mult,
1228 1902 1336 1958 noetis
1349 1899 1437 1959 dona
1450 1901 1531 1961 duta
1547 1902 1614 1961 dare

430 2009 511 2087 liliis
525 2011 660 2068 verme:
692 2011 937 2088 quantomupts
958 2007 1066 2067 Puter
1082 1982 1189 2068 uester
1207 2010 1246 2067 de
1262 2008 1352 2068 coelo
1369 2010 1486 2069 datu
1504 2016 1613 2090 spiri·

434 2125 511 2178 tum
543 2118 680 2178 donum
707 2112 1055 2195 petentidurse²)?
1087 2116 1190 2198 Atque
1221 2116 1304 2199 apud
1335 2115 1549 2181 Jourtnem:
1577 2120 1616 2180 nt

434 2227 707 2309 quodeunque,
732 2223 849 2309 inquit,
869 2230 1082 2305 petieritis
1106 2226 1268 2286 Putrem
1295 2231 1335 2286 in
1353 2233 1512 2289 nomine
1533 2250 1613 2307 meo,

436 2340 508 2397 troo
536 2336 736 2417 fuerumt).
768 2333 821 2397 Ex
846 2332 960 2418 quibus
987 2342 1090 2416 putet,
1107 2332 1264 2419 gratiam,
1286 2331 1356 2397 sine
1373 2355 1436 2419 qua
1453 2356 1547 2400 orare
1562 2358 1615 2401 non

436 2444 590 2517 valemus,
606 2455 641 2506 ut
658 2455 795 2526 oportet,
812 2441 959 2507 omnihus
975 2453 1119 2526 paratam
1135 2441 1217 2515 dari;
1242 2454 1335 2527 utque
1357 2465 1477 2528 porro,
1498 2445 1619 2534 gretiam

437 2554 521 2617 hano
537 2550 704 2627 orationis,
721 2551 750 2615 si
766 2573 813 2625 ea,
829 2564 864 2615 ut
880 2562 1019 2635 oportet,
1036 2550 1085 2614 usi
1101 2548 1267 2625 fuerimus,
1285 2550 1434 2617 effectum
1446 2576 1540 2620 suum
1552 2554 1619 2619 obti-

436 2683 525 2725 nere.
551 2661 642 2738 Quod
658 2659 787 2724 sienim
803 2660 908 2747 gratia
923 2658 1080 2723 orationis
1097 2681 1161 2723 non
1174 2672 1263 2724 esset
1275 2681 1415 2746 semper,
1431 2667 1558 2749 quando
1573 2686 1620 2750 per

437 2792 473 2836 se
490 2769 606 2836 efficax
622 2792 686 2834 non
703 2782 762 2846 est,
779 2768 937 2855 proxime,
954 2771 1012 2834 sed
1027 2782 1151 2834 remoto
1163 2781 1284 2835 tantum
1297 2764 1481 2839 sufficiens:
1500 2775 1559 2841 alia
1572 2795 1619 2860 po·

436 2881 546 2956 tentia,
563 2903 658 2966 quum
675 2902 770 2945 secus
786 2880 819 2944 in
830 2879 986 2945 inlinitum
997 2881 1234 2964 procedendum
1245 2895 1344 2956 esset,
1360 2904 1421 2968 pro
1432 2884 1621 2970 impetranda

435 2990 541 3078 gratia
573 2989 728 3054 orationis
753 2989 847 3053 nobis
875 3001 1006 3073 praesto
1029 3011 1094 3052 non
1121 3003 1218 3053 esset.
1257 2992 1360 3076 Atque
1378 2992 1407 3056 si
1423 2993 1507 3058 haec
1530 2993 1620 3082 gratia

372 3097 1617 3189 ‘mwmsffiwummmmfflmmfflffimwmwpo

435 3211 531 3274 modo
548 3208 683 3273 excitari
700 3229 871 3294 possemus
889 3208 928 3270 ad
945 3208 1123 3271 orandum?
1162 3209 1233 3271 Hoc
1255 3207 1340 3272 enim
1359 3208 1444 3274 idem
1470 3227 1574 3288 esset,
1588 3233 1617 3276 ac

435 3319 596 3384 hominem
629 3332 797 3406 aegrotum
814 3319 854 3381 ad
870 3319 1067 3404 surgendum
1084 3317 1264 3392 exhortari,
1297 3339 1390 3403 quem
1412 3342 1552 3409 surgere
1566 3343 1617 3386 non

433 3450 534 3513 posse
550 3449 740 3513 persuasum
752 3428 919 3492 hahemus.

543 3538 574 3603 3.
607 3537 641 3600 ld
672 3537 775 3621 ipsum
807 3537 919 3621 procul
957 3534 1052 3599 dubio
1089 3535 1219 3601 edicunt
1254 3539 1354 3602 verbe
1395 3540 1616 3628 Augustini:

436 3649 523 3708 Hine
540 3648 765 3728 admonemur,
783 3657 816 3710 et
829 3655 864 3708 in
871 3650 1046 3728 fusilibus,
1065 3649 1145 3729 quid
1158 3670 1306 3727 upumus,
1326 3657 1358 3710 et
1373 3655 1408 3710 in
1424 3644 1615 3730 difficilibus,

437 3757 516 3836 quid
541 3757 739 3837 paramum).
778 3757 928 3820 Necnon
946 3755 1087 3818 declarat
1103 3755 1251 3820 Concil.
1273 3757 1564 3824 Arausicanum
1578 3761 1617 3833 tl,

435 3885 529 3948 quum
546 3864 665 3938 statuit,
683 3888 794 3927 omnes
805 3870 1002 3947 baptizatos,
1017 3866 1149 3927 Odristo
1168 3870 1354 3929 ausiliante
1370 3876 1404 3930 et
1418 3878 1616 3950 cooperante,

436 3997 521 4055 ptrue
537 3979 583 4036 ud
596 3982 724 4037 animae
735 3978 875 4037 sulutem
883 3982 1060 4055 pertinent,
1076 3997 1197 4049 posse
1213 3981 1285 4037 etd
1290 3980 1407 4038 edere
1412 4023 1424 4056 ,
1445 3986 1476 4038 si
1491 3982 1617 4058 fideliter

435 4086 591 4145 laborare
606 4087 780 4160 voluerint,
799 4086 1022 4164 adimplere⁵).
1062 4082 1112 4146 Nil
1136 4104 1217 4169 ergo
1239 4083 1425 4168 baptizatis,
1443 4099 1478 4149 ut
1496 4089 1616 4150 salutem

434 4214 525 4255 suam
542 4205 725 4276 operentur,
743 4205 775 4258 et
791 4193 937 4255 mandata
953 4189 1059 4254 divina
1076 4191 1283 4276 adimpleant,
1301 4194 1409 4266 deest,
1435 4194 1498 4259 nisi
1519 4207 1552 4259 ut
1566 4192 1616 4278 ipsi

434 4300 560 4365 sincere
576 4302 682 4366 velint.
715 4306 818 4387 Atque
851 4299 1074 4365 Cortcilium
1097 4301 1393 4377 Tridentinum,
1416 4307 1504 4388 quod
1521 4306 1615 4368 habet:

432 4413 537 4473 Nemo
552 4415 616 4473 sibi
633 4420 713 4473 certi
735 4415 860 4493 aliquid
878 4412 1032 4472 absoluta
1050 4416 1244 4474 certitudine
1261 4414 1482 4493 pollicentur:
1501 4418 1616 4476 tametsi

432 4527 466 4581 in
496 4524 558 4582 net
591 4524 720 4582 ‹rreuttio
750 4527 1037 4600 firmissimum
1069 4543 1173 4600 spem
1207 4525 1373 4583 eolloeure
1405 4532 1439 4583 et
1471 4542 1614 4604 reponere

1561 4628 1566 4659 l

542 4757 566 4834 1)
584 4758 690 4819 tratri.
711 4756 741 4830 t,
761 4756 857 4820 t-s.
880 4794 923 4802 -
946 4737 973 4834 r)
991 4758 1066 4821 uuo.
1085 4756 1136 4829 11,
1156 4756 1208 4820 13.
1227 4796 1267 4802 -
1289 4757 1312 4839 3)
1327 4759 1424 4845 noan.
1446 4759 1498 4835 14,
1518 4759 1564 4822 13.
1581 4793 1612 4802 -

436 4840 463 4932 ⁴)
479 4849 527 4909 De
542 4855 603 4914 not.
622 4857 650 4911 et
661 4858 741 4926 prat.
758 4870 783 4916 e,
802 4852 850 4911 69.
867 4869 897 4910 n.
914 4851 965 4908 83.
996 4848 1077 4930 Opp.
1096 4869 1122 4910 o.
1142 4846 1193 4911 10.
1211 4871 1235 4910 e.
1257 4847 1330 4912 164.
1349 4886 1395 4900 -·
1412 4854 1441 4930 ⁵)
1462 4853 1496 4916 0.
1513 4850 1611 4925 utut
