3775 5625
419 598 582 666 Romanos
605 607 637 666 et
660 593 697 665 ad
722 595 847 667 Galatas
868 593 900 664 in
923 593 1115 666 adstruenda
1131 593 1265 667 veritate
1281 603 1395 667 nostra
1411 603 1503 667 totus
1520 613 1608 667 octu-

419 722 530 796 patur,
546 711 578 775 in
600 709 703 796 priori
719 708 847 775 scribit·
880 712 1021 775 Justitio
1052 724 1158 775 autem
1184 714 1248 774 Dei
1270 734 1344 792 ρον
1365 716 1491 789 fidem
1523 714 1611 775 Jesu

417 821 594 903 viriati,
613 840 671 884 seu
686 817 719 882 in
736 820 847 884 Jesum
864 818 1028 884 Christum
1045 821 1176 906 ejusque
1194 820 1388 897 doctrinam,
1411 828 1446 886 iu
1464 842 1573 885 omnes
1586 834 1614 885 ct

419 908 519 1013 super
536 951 657 1012 omues,
676 949 723 993 sc.
741 927 928 1004 effunditur,
945 936 1014 1011 qui
1030 940 1200 995 creduut
1214 936 1253 995 iu
1274 953 1354 995 eum
1367 934 1404 1011 ¹).
1435 932 1496 995 Et:
1518 934 1612 995 Aroi-

420 1051 548 1105 tramur
564 1045 663 1122 euim,
679 1042 927 1119 justificari
951 1043 1145 1103 homiuem
1165 1061 1237 1121 ρον
1257 1043 1386 1116 fidem
1410 1045 1484 1104 siue
1509 1044 1613 1121 operi·

415 1154 480 1212 dus
499 1150 615 1231 Lapis,
637 1147 657 1211 i.
676 1168 703 1211 e.
715 1145 835 1211 intuitu
855 1146 944 1222 iidei,
966 1169 1030 1212 non
1047 1160 1152 1212 autem
1169 1147 1283 1212 merito
1300 1169 1435 1233 operum
1448 1147 1537 1236 *uagi
1552 1148 1612 1211 Mo·

423 1256 531 1322 atticae
560 1270 695 1322 externe
728 1255 955 1331 conformium,
978 1269 1013 1320 ut
1035 1257 1148 1322 iudaei
1179 1258 1383 1321 autumabant
1395 1258 1432 1337 ¹).
1466 1258 1536 1322 Sub
1558 1255 1615 1321 fide

414 1365 517 1432 etiam
532 1367 665 1430 Paulum
689 1364 733 1429 nii
754 1364 851 1439 aliud,
875 1385 969 1450 quam
986 1385 1155 1430 assensum
1170 1364 1349 1452 Evangelio
1365 1364 1559 1450 praestitum
1573 1363 1614 1428 in·

421 1474 583 1562 telligere,
605 1495 803 1560 nequaquam
825 1485 931 1538 autem
953 1472 1116 1549 fiduciam,
1137 1474 1230 1539 nobis
1247 1470 1380 1559 propter
1395 1473 1514 1539 merita
1530 1473 1615 1540 Obri-

422 1583 464 1648 sti
479 1595 612 1669 peccata
634 1604 709 1649 esse
730 1582 880 1658 remissa,
903 1582 1075 1668 praecipue
1098 1604 1141 1648 ex
1162 1582 1297 1648 inferius
1319 1582 1437 1648 deiide
1453 1582 1565 1659 dictis,
1581 1584 1616 1647 dc

416 1713 483 1779 ,qua
498 1691 531 1756 in
548 1704 616 1757 tota
632 1692 769 1777 epistola
784 1692 939 1777 disputat,
956 1693 1075 1767 elucet,
1099 1692 1153 1757 ubi
1177 1691 1302 1757 scilicet
1326 1692 1455 1757 scribit:
1484 1695 1573 1771 Quia
1591 1699 1617 1756 si

416 1806 671 1878 confitearis
686 1809 727 1866 iu
744 1824 809 1866 ονο
825 1815 893 1866 tuo
909 1803 1118 1866 Dominum
1133 1804 1286 1886 Jesum,
1304 1808 1399 1867 etin
1418 1813 1616 1869 cordetuo

419 1918 664 1995 credideris,
691 1920 793 1993 quod
813 1914 919 1975 Deus
934 1918 1053 1976 ilium
1068 1893 1320 1976 suscitavita
1335 1918 1524 1995 mortuis,
1551 1919 1616 1976 sot·

419 2029 575 2088 ouo-eris.
604 2023 711 2085 Corde
731 2027 816 2085 enim
836 2027 981 2085 ereditur
997 2026 1230 2101 adjustitiam:
1256 2043 1314 2085 ονο
1329 2035 1436 2086 autem
1453 2026 1614 2099 confessio

422 2137 460 2211 fit
478 2142 521 2197 ad
541 2139 691 2214 satutem,
714 2131 734 2196 i.
752 2152 780 2196 e.
795 2131 877 2195 tides
897 2130 1022 2199 interna
1043 2130 1163 2196 sufficit
1186 2132 1225 2195 ad
1241 2132 1398 2216 justitiam
1421 2152 1615 2218 consequen·

426 2243 513 2317 dam,
530 2242 569 2306 ad
585 2262 656 2306 earn
671 2262 750 2306 vero
767 2241 947 2317 fovendam,
962 2254 996 2306 et
1012 2254 1247 2327 consequenter
1264 2242 1303 2306 ad
1320 2241 1505 2306 felicitatem
1520 2254 1615 2307 aeter·

424 2372 498 2417 nam
521 2350 725 2416 obtinendam
747 2351 842 2416 debet
860 2350 956 2416 etiam
978 2372 1036 2416 ore
1052 2364 1086 2416 et
1102 2372 1214 2436 opere,
1239 2352 1493 2437 quandocunque
1514 2351 1547 2415 id
1567 2372 1615 2416 res

424 2460 587 2549 exegerit,
610 2460 774 2525 consessio
797 2460 877 2525 fieri.
895 2498 936 2509 —
958 2463 1072 2525 Omnis
1087 2468 1184 2544 euim,
1203 2468 1433 2542 quicumque
1459 2467 1616 2525 invoco·

424 2577 509 2635 ueri
516 2583 530 2634 t
547 2592 689 2633 nomeu
704 2573 882 2653 Domini,
901 2579 1013 2636 misus
1028 2578 1098 2636 erit.
1133 2572 1300 2647 Quomodo
1317 2593 1395 2651 ονρο
1411 2576 1615 2653 invocabunt,

429 2687 592 2759 iuquam
606 2700 686 2742 uou
701 2680 986 2745 crediderunt?
1009 2686 1079 2746 Aut
1092 2691 1249 2761 quomodo
1266 2690 1430 2746 credaut
1444 2688 1499 2766 ei,
1518 2702 1617 2762 quem

426 2812 506 2854 nou
530 2789 774 2855 audieruut?
800 2790 968 2867 Quomodo
992 2804 1099 2857 autem
1130 2797 1261 2856 audient
1289 2798 1361 2856 siue
1388 2787 1617 2873 praedicante?

427 2900 595 2977 Quomodo
612 2921 690 2964 uero
704 2906 951 2981 praedicabunt,
976 2907 1042 2964 taisi
1064 2899 1258 2965 mittuntur?
1275 2938 1316 2950 -
1332 2903 1426 2981 Ενρο
1451 2906 1562 2978 fides
1575 2921 1617 2962 ea

425 3015 582 3086 auditu,
615 3016 776 3074 auditus
806 3023 938 3075 autem
966 3033 1037 3091 ρον
1068 3017 1227 3074 uerbum
1254 3004 1618 3090 chramnisindus}

425 3113 534 3198 ἀκοῆς,
554 3116 573 3198 ἡ
593 3117 627 3179 οὲ
651 3112 726 3198 mma}
752 3114 804 3179 tad
820 3115 950 3201 ῥήματος
975 3123 1052 3179 θεοῦ
1067 3125 1105 3199 ³).
1137 3120 1234 3184 Fides
1265 3119 1371 3205 itaque
1402 3119 1564 3204 Apostolo
1584 3136 1617 3180 ea

426 3239 491 3302 est,
522 3248 602 3313 quae
628 3229 772 3293 nascitur
792 3250 835 3294 ex
854 3228 1054 3294 institutione
1085 3249 1143 3292 seu
1174 3227 1412 3313 praedicatione
1444 3225 1617 3315 Evangelii,

426 3337 591 3422 Apostoiis
608 3336 741 3425 aliisque
758 3339 901 3423 ejusdem
917 3337 1131 3424 praeconibus
1148 3337 1298 3403 divinitus
1315 3339 1513 3402 demandata.
1526 3375 1568 3384 —
1582 3335 1618 3398 tu

426 3445 576 3512 inferius:
609 3451 680 3512 Per
697 3470 790 3529 quem
805 3462 839 3513 et
852 3452 1006 3515 babemus
1020 3469 1184 3512 aceessum
1201 3470 1270 3528 ρον
1289 3451 1411 3523 fidem
1432 3454 1470 3510 iu
1481 3454 1618 3528 ρνοίίοον

427 3562 538 3638 istam,
556 3563 592 3620 iu
608 3579 673 3638 quo
688 3571 824 3643 stamus,
842 3571 875 3624 et
886 3565 1069 3639 adoriamur
1085 3563 1121 3622 iu
1135 3579 1192 3639 spe
1204 3563 1334 3637 ρῑονὲοο
1346 3560 1494 3633 filiorum
1511 3560 1574 3620 Dei
1583 3560 1617 3634 ⁴).

429 3662 549 3742 Quibus
581 3665 689 3730 verbis
720 3678 785 3730 tam
808 3669 893 3732 clare
914 3669 1032 3754 dogma
1064 3666 1262 3732 catholicum
1292 3663 1493 3742 enuntiatur,
1510 3677 1617 3729 utnon

427 3771 535 3856 possit
566 3772 694 3839 clarius.
734 3774 858 3841 Similia
878 3778 974 3841 habet
993 3775 1027 3839 in
1054 3774 1190 3859 epistola
1213 3775 1257 3838 ad
1284 3773 1493 3856 Galatas⁵).
1517 3777 1613 3859 Atque

428 3879 461 3946 in
478 3880 570 3968 epist.
588 3883 626 3948 ad
646 3884 865 3951 Hebraeos:
887 3888 1008 3951 Justus
1024 3897 1144 3959 autem,
1166 3906 1215 3949 οο·
1235 3888 1324 3960 fide
1344 3888 1444 3958 vivit,
1467 3904 1528 3948 seu
1542 3882 1617 3947 vivet

429 3986 566 4072 ζήσεται,
598 3993 618 4057 i.
640 4014 667 4058 e.
691 3992 788 4059 vitam
805 3993 965 4079 justitiae,
990 4014 1082 4080 quam
1105 4015 1163 4079 per
1179 3994 1275 4058 fidem
1290 3992 1352 4058 sibi
1369 3990 1554 4077 acquisivit,
1568 4010 1617 4075 per

430 4102 525 4167 fidem
557 4123 682 4188 quoque
715 4103 935 4168 conservabit:
968 4110 1098 4187 quodsi
1113 4109 1380 4178 suotraceritse,
1400 4102 1477 4168 fidei
1493 4101 1616 4171 seilicet,

431 4211 470 4274 ab
487 4232 525 4276 ea
540 4224 674 4296 propter
690 4213 936 4298 persecutiones
954 4213 1142 4289 deficiendo,
1151 4236 1217 4278 uon
1230 4219 1372 4294 placebit
1384 4219 1514 4277 animate
1528 4231 1615 4275 mese.

431 4323 505 4386 Nos
520 4333 626 4386 eutem
640 4345 706 4389 uon
723 4346 836 4387 sumus
851 4329 1086 4388 subtractionis
1100 4328 1163 4401 filii
1179 4330 1214 4387 iu
1226 4328 1456 4406 perditionem,
1472 4322 1494 4387 i.
1511 4344 1539 4387 e.
1554 4340 1614 4390 uos,

431 4431 537 4519 quiin
562 4432 724 4497 Christum
756 4433 932 4510 credimus,
955 4434 1117 4519 promissa
1139 4435 1209 4519 ejus
1232 4445 1477 4518 exspectantes,
1493 4453 1556 4496 non
1570 4449 1611 4493 su·

432 4562 517 4618 mus,
538 4541 591 4629 qui
611 4564 670 4628 per
691 4542 918 4628 impatientiam
943 4565 1004 4609 nos
1025 4544 1241 4609 subducamus
1264 4541 1441 4608 tolerandis
1466 4537 1609 4608 aerumnis

541 4778 565 4866 ¹)
581 4783 669 4843 Rom.
687 4779 718 4858 3,
734 4780 788 4846 22.
807 4817 849 4828 -
866 4777 894 4869 ²)
909 4783 997 4844 Rom.
1016 4781 1047 4858 3,
1064 4781 1117 4847 28.
1135 4819 1178 4832 -
1197 4778 1224 4872 ³)
1242 4779 1293 4861 10,
1310 4776 1601 4871 9-1t.-⁴)1un.

432 4868 511 4963 542
529 4870 576 4943 cf.
591 4871 623 4941 4.
638 4870 671 4940 5.
688 4909 730 4927 --
749 4873 774 4958 ⁵)
793 4873 862 4940 Gal.
878 4871 911 4952 2,
929 4871 1071 4941 16-26.
