3775 5625
1473 413 1540 480 455

348 576 437 639 bona
457 595 556 660 opera
581 594 671 639 suam
692 576 882 640 electionem
905 587 1025 639 certam
1042 575 1176 642 faciant:
1210 597 1289 661 quac
1306 578 1485 662 superfluae
1503 600 1541 643 ac

348 684 551 751 frustraneae
582 684 698 759 forent,
731 683 759 747 si
790 682 900 749 fideles
932 705 951 747 a
983 682 1044 748 lide
1068 697 1100 749 et
1122 683 1291 749 sanctitate
1314 684 1452 751 delicere
1476 710 1538 784 non

350 806 495 880 possent.

455 925 496 986 B.
512 922 571 987 His
586 920 781 988 testimoniis
806 932 838 985 et
854 920 1010 1006 exemplis
1027 921 1213 1006 Scripturas
1237 921 1308 986 addi
1323 935 1432 1007 potest
1449 926 1539 989 Tra-

350 1032 451 1097 ditio
483 1053 521 1096 ac
553 1030 737 1095 definitio
770 1029 1068 1095 ecclesiastica.
1108 1031 1189 1095 Nam
1221 1032 1355 1096 eundem
1394 1053 1541 1097 errorem

350 1142 427 1205 olim
438 1142 507 1225 jam
522 1142 634 1205 Patres
650 1140 896 1228 impugnarunt,
913 1139 1072 1205 damnavit
1093 1140 1241 1204 Ecclesia
1265 1140 1298 1202 in
1321 1142 1540 1217 donimano,
1626 1120 1628 1124 ¹

349 1251 404 1337 qui
419 1251 504 1315 inter
530 1249 609 1315 alios
631 1271 762 1314 errores
783 1263 816 1314 et
836 1251 920 1313 hunc
942 1249 1096 1324 defendit,
1123 1250 1232 1333 justos
1255 1261 1331 1334 post
1345 1251 1541 1336 Baptismum

350 1381 417 1423 non
438 1380 537 1444 posse
559 1380 711 1445 peccare,
732 1371 765 1423 et
785 1358 813 1423 si
835 1359 919 1423 forte
936 1371 1086 1442 peccent,
1119 1380 1177 1423 eos
1195 1358 1295 1424 luisse
1312 1358 1438 1445 quidem
1454 1362 1541 1425 lotos

348 1490 447 1555 aqua,
469 1468 617 1555 spiritum
632 1466 755 1556 gratiae
773 1480 880 1532 autem
896 1465 1026 1531 minime
1042 1467 1217 1553 recepisse.
1257 1469 1423 1546 Quomodo
1441 1493 1540 1554 porro

349 1580 588 1666 Cyprianus,
609 1578 857 1654 Ambrosius,
878 1577 1091 1654 PacianuS,
1114 1580 1361 1667 Augustinus
1379 1578 1541 1666 ceterique

348 1692 463 1755 Patres
480 1709 592 1752 omnes
615 1698 728 1751 contra
743 1686 955 1751 Montanistas
972 1700 1004 1751 et
1019 1688 1216 1752 Novatianos
1232 1688 1414 1773 potuissent
1428 1688 1539 1751 Eccle-

348 1799 416 1863 siae
439 1798 621 1863 facultatem
637 1793 818 1861 remittendi
834 1808 969 1880 peccata
986 1796 1117 1880 quaevis
1140 1810 1216 1881 post
1230 1795 1427 1880 Baptismum
1453 1816 1539 1859 com·

349 1906 451 1972 missa
465 1905 639 1979 vindicare,
655 1904 684 1969 si
693 1903 850 1988 justitiam
865 1904 1106 1969 inamissibilem
1122 1904 1324 1970 tenuissent?
1359 1906 1493 1990 Insuper
1508 1904 1541 1968 id

350 2014 491 2081 delinitis
506 2013 614 2080 verbis
631 2012 811 2088 enuntiant,
840 2025 876 2077 ut
895 2012 1083 2078 nominatim
1106 2014 1383 2101 Augustinus¹)
1406 2014 1539 2078 Hiero-

350 2128 536 2210 nymus’).

459 2252 496 2315 0.
521 2250 556 2313 ld
576 2248 681 2335 ipsum
702 2261 889 2324 summost,
915 2250 1000 2334 quod
1016 2249 1098 2314 ratio
1117 2250 1302 2315 collustrata
1317 2248 1436 2314 statuit.
1461 2249 1542 2313 Nam

348 2363 430 2425 haec
446 2361 527 2426 benc
547 2359 717 2445 perspicit,
742 2358 928 2425 charitatem
951 2380 1021 2424 cum
1046 2372 1197 2443 peccato,
1220 2361 1305 2446 quod
1321 2358 1425 2423 eidem
1441 2380 1458 2421 e
1477 2357 1541 2421 dia-

349 2481 454 2534 metro
472 2480 523 2533 est
544 2467 743 2554 oppositum,
766 2465 946 2532 consistere
969 2489 1033 2531 non
1054 2490 1168 2553 posse,
1191 2482 1223 2533 et
1240 2467 1485 2534 conversionem
1502 2468 1541 2531 ad

349 2590 531 2643 creaturam
547 2596 621 2641 esse
637 2576 740 2660 ipsam
757 2598 775 2641 a
792 2576 946 2641 Creatore
958 2576 1176 2649 aversionem
1195 2598 1274 2663 quae
1291 2576 1375 2642 enim
1391 2574 1470 2641 lucis
1487 2598 1539 2640 so·

349 2686 452 2751 cistas
468 2688 507 2750 ad
523 2686 697 2750 tenebras?
728 2683 851 2749 Deinde
869 2684 897 2748 si
914 2696 1021 2750 certae
1038 2684 1193 2760 virtutes,
1216 2685 1314 2760 fides,
1330 2685 1437 2759 timor,
1454 2706 1541 2769 spes,

348 2795 489 2862 charitas
519 2792 647 2859 initialis
679 2814 717 2858 ac
747 2792 956 2878 poenitentia,
981 2806 1015 2858 ut
1034 2793 1168 2860 inferius
1189 2793 1476 2869 demonstrabitur,
1502 2796 1541 2858 ad

347 2904 486 2993 gratiam
495 2902 727 2988 justificantem
744 2903 1003 2987 consequendam
1018 2902 1050 2965 in
1068 2903 1161 2967 nohis
1178 2915 1253 2968 sunt
1276 2903 1490 2977 necessariae,
1509 2917 1541 2968 et

347 3012 439 3100 quasi
455 3012 546 3078 basin
563 3033 602 3078 ac
617 3013 855 3076 fimdamentum
871 3012 942 3095 ejus
960 3011 1174 3076 constituunt:
1199 3012 1292 3077 facile
1308 3013 1429 3097 pariter
1446 3011 1537 3076 intel-

347 3123 467 3210 ligitur,
500 3143 593 3206 quam
624 3122 760 3207 primum
792 3120 894 3205 aliqua
913 3122 1026 3185 harum
1047 3120 1199 3185 virtutum
1221 3143 1238 3186 e
1261 3123 1359 3186 corde
1372 3120 1539 3206 justificati

346 3254 406 3318 per
421 3242 589 3316 peccatum
607 3230 803 3296 contrarium
819 3231 1006 3314 expellatur,
1023 3231 1189 3294 subtracto
1212 3229 1302 3316 quasi
1323 3230 1538 3304 fundamento,

347 3340 445 3407 etiam
460 3339 597 3428 gratiam
613 3339 726 3425 ipsam,
743 3338 771 3403 ei
789 3351 1056 3423 superstructam,
1072 3360 1265 3404 evanescere
1284 3340 1409 3404 debere.
1434 3341 1537 3402 Porro

345 3448 509 3515 hominem
530 3470 667 3533 peccare
690 3469 804 3534 posse,
828 3449 976 3533 quamdiu
991 3448 1088 3513 vitam
1105 3448 1276 3536 agitlhisce
1293 3447 1453 3522 interris,
1476 3447 1538 3533 ipsi

346 3557 524 3624 adversarii
540 3560 730 3633 concedunt,
746 3556 874 3622 nonnisi
891 3559 1122 3622 contendentes
1138 3570 1273 3643 peccata
1283 3558 1447 3642 justorum
1462 3579 1536 3643 pec-

347 3681 418 3732 cata
441 3687 518 3730 vera
539 3687 558 3730 a
578 3668 647 3731 Deo
669 3688 733 3730 non
750 3664 876 3741 haberi,
898 3687 956 3730 seu
972 3679 1132 3752 tamquam
1147 3679 1281 3752 peccata
1296 3689 1361 3731 non
1378 3666 1537 3752 imputari.

347 3779 431 3841 Tum
448 3774 595 3840 doctrina
617 3775 765 3862 opposita
785 3775 1037 3840 Protestantium
1057 3777 1244 3842 necessario
1265 3775 1537 3861 praesumtionem

345 3907 385 3951 ac
400 3883 626 3960 temeritatem,
649 3898 703 3949 ant
716 3906 795 3948 vero
813 3883 908 3948 animi
924 3884 1137 3969 dejectionem
1159 3883 1335 3974 progignit.
1374 3888 1437 3948 Aut
1454 3884 1537 3948 enim

456 4125 482 4206 ¹)
498 4129 548 4186 De
563 4132 689 4202 corrept.
708 4131 736 4183 et
748 4130 827 4200 prot.
845 4143 869 4182 e.
888 4125 916 4185 6.
933 4145 963 4188 a.
981 4124 1122 4206 9.,Opp.
1142 4125 1180 4183 T.
1200 4119 1251 4184 10.
1269 4143 1295 4184 c.
1314 4117 1388 4183 754.
1422 4121 1460 4186 st
1482 4142 1534 4180 aa·

342 4227 413 4290 tem,
430 4217 481 4286 ait,
489 4219 560 4296 jam
574 4220 767 4293 regeneratas
783 4222 810 4273 et
819 4213 1011 4293 justificatos
1027 4215 1061 4277 ire
1075 4217 1187 4276 maleam
1200 4213 1294 4274 vitam
1316 4232 1373 4272 aaa
1388 4214 1537 4273 volontate

343 4307 512 4380 relabitur,
545 4315 622 4368 certe
638 4306 694 4368 iste
709 4325 771 4365 nore
785 4311 884 4384 potest
898 4305 1015 4382 dicere,
1031 4327 1093 4367 nort
1113 4305 1232 4384 accpi,-
1254 4302 1329 4381 qoe'o
1351 4310 1538 4381 acceptam

340 4399 514 4478 qratiam
533 4398 611 4460 Dei
637 4416 706 4457 suo
728 4397 767 4457 ire
782 4398 915 4457 malurn
938 4397 1056 4458 libero
1072 4396 1207 4458 amisit
1221 4393 1400 4458 arbitrio.
1433 4394 1476 4455 Of.
1495 4415 1534 4455 ss.

342 4501 376 4554 et
392 4491 432 4552 al.
451 4526 492 4563 e-
510 4492 538 4568 ’)
557 4490 642 4550 oona
659 4487 817 4550 Joointan.
834 4507 864 4551 rt.
881 4490 910 4547 2.
928 4487 1008 4571 Opp.
1026 4490 1063 4550 T.
1082 4486 1112 4550 2.
1130 4510 1157 4548 c.
1175 4484 1250 4549 322.
1263 4486 1302 4548 Si
1317 4485 1535 4560 susceperimus

344 4580 508 4644 Christum
523 4581 558 4638 ire
572 4580 704 4655 hospitio
720 4578 969 4656 cornipedem,
986 4581 1069 4640 illico
1079 4580 1228 4659 fupomos
1238 4578 1391 4637 diabolum
1395 4597 1406 4650 ;
1424 4575 1453 4634 si
1467 4597 1534 4652 pec-

342 4671 531 4743 caverimus,
556 4678 584 4731 et
601 4691 656 4748 per
676 4670 792 4749 peceati
799 4673 932 4749 januam
948 4670 1104 4748 inpressos
1114 4671 1218 4749 faerit
1233 4669 1379 4738 diodolus,
1391 4666 1536 4742 protinus

344 4762 700 4827 Christusrecedet.
732 4760 777 4821 Of.
806 4760 958 4839 Gregor.
991 4765 1031 4826 M.
1061 4763 1140 4825 Mor.
1158 4763 1243 4843 l..30.
1262 4782 1286 4822 e.
1304 4763 1332 4820 1.
1349 4779 1379 4819 n.
1401 4759 1429 4819 5.
1454 4756 1533 4839 Opp.

342 4857 384 4919 Τ.
403 4853 434 4919 1.
451 4875 476 4916 o.
495 4850 571 4920 957.
