3775 5625
351 602 578 674 instrumenta,
606 594 712 685 potius
732 593 859 687 ligones
886 609 919 663 el
945 594 977 662 id
994 617 1096 685 gertus
1113 593 1263 683 adpellari
1280 595 1446 662 deberent.
1470 595 1535 679 Epa

349 718 510 794 plantavi,
529 709 642 775 scribit
657 711 813 785 Paulus,
835 713 952 791 Apollo
970 716 1111 789 ripnuil;
1136 717 1192 772 sed
1206 711 1297 772 Deus
1312 714 1536 773 incrementum

351 830 445 887 dedit.
462 860 506 869 -
525 824 592 899 Qui
603 829 745 903 plantat,
763 834 795 885 et
810 827 866 900 qui
881 827 980 903 ripat,
1004 842 1104 883 unum
1120 832 1204 883 suut.
1233 821 1466 900 Unusquisque
1481 840 1535 881 uu·

351 947 412 997 tem
433 938 601 1013 propriam
621 939 794 994 mercedem
815 935 951 1010 accipiet
969 937 1142 992 secundum
1165 950 1274 992 suum
1291 936 1437 993 laborem
1448 930 1485 1008 ¹).
1507 927 1536 991 Si

351 1054 456 1106 autem
477 1042 568 1105 labor
589 1038 704 1104 dicitur
725 1051 851 1115 noster,
870 1050 958 1103 certe
975 1060 1036 1103 nos
1052 1036 1115 1122 ipsi
1131 1037 1250 1101 domini
1266 1060 1379 1102 sumus
1396 1036 1536 1112 actionis,

351 1170 443 1236 quam
474 1150 650 1214 laborando
683 1150 827 1214 facimus.
858 1147 1134 1236 Evangelista:
1159 1152 1216 1211 Illi
1238 1147 1417 1232 (Apostoli)
1440 1161 1535 1212 autem

346 1263 492 1340 profecti
520 1265 857 1339 praedicaverunt
887 1263 1022 1340 ubique,
1056 1260 1196 1320 Domino
1228 1270 1488 1337 cooperante,
1511 1268 1538 1319 et

349 1390 526 1432 sermonem
542 1373 809 1445 confirmante
822 1374 1027 1448 sequentibus
1043 1373 1145 1447 siquis
1158 1368 1193 1446 ²).
1210 1366 1271 1430 Ubi
1287 1388 1415 1452 quoque
1434 1367 1536 1430 obsor-

348 1477 485 1540 randum
501 1490 567 1551 est,
589 1499 661 1540 cum
678 1475 783 1563 agitur
806 1478 844 1540 de
867 1475 1120 1561 praedicatione,
1136 1476 1169 1539 iu
1186 1496 1247 1560 qua
1262 1474 1446 1560 requiratur
1463 1496 1536 1559 opus

348 1586 518 1649 humanum
541 1598 574 1649 et
593 1585 743 1659 liberum,
765 1585 826 1649 dici
857 1588 997 1648 Domino
1034 1598 1240 1666 cooperante5
1279 1606 1352 1649 cum
1372 1606 1452 1648 vero
1476 1584 1536 1670 agi·

348 1706 399 1756 tur
422 1696 460 1757 de
492 1692 670 1768 miraculis,
702 1715 781 1779 (lirae
818 1714 882 1756 non
915 1706 990 1757 sunt
1020 1694 1051 1756 in
1083 1706 1242 1779 potestate
1275 1691 1454 1768 hominum,
1485 1694 1537 1757 sed

347 1802 426 1867 liunt
441 1825 459 1868 a
475 1804 545 1867 Deo
566 1825 623 1888 per
643 1802 804 1877 homines,
820 1816 855 1867 ut
870 1824 960 1867 mera
984 1803 1208 1878 instrumenta,
1231 1824 1295 1866 non
1318 1801 1381 1867 dici
1404 1802 1536 1867 Domino

348 1925 560 1999 cooperante,
582 1913 640 1977 sed
661 1935 837 1976 sermonem
858 1917 1080 1996 confirmante,
1105 1925 1137 1977 et
1158 1913 1206 1977 sic
1228 1934 1266 1976 ea
1281 1910 1471 1997 simpliciter
1486 1911 1535 1974 tri-

346 2024 485 2086 buuntur
508 2024 592 2098 lleo,
617 2022 782 2107 quoniam,
804 2022 880 2086 licet
902 2022 981 2087 fiant
995 2044 1054 2107 per
1070 2022 1233 2096 honines,
1255 2035 1360 2086 tamen
1384 2043 1449 2085 non
1466 2042 1534 2105 pen·

347 2131 481 2196 dentes
496 2132 598 2197 libero
616 2131 778 2195 hominum
796 2130 939 2197 arbitrio.

457 2248 483 2305 b.
500 2244 643 2306 Alterum
661 2254 884 2327 argumentum
900 2240 964 2305 loci
980 2240 1146 2314 exhibent,
1165 2240 1278 2326 quibus
1294 2239 1341 2304 im
1347 2252 1535 2326 parantur

345 2361 399 2413 aut
421 2351 634 2415 suadentur
660 2350 753 2414 nobis
771 2371 870 2436 opera
886 2350 1029 2436 pietatis,
1047 2363 1079 2414 el
1093 2350 1165 2435 ipsa
1182 2348 1352 2414 conversio
1371 2351 1412 2413 ad
1428 2350 1534 2423 Deum,

346 2459 384 2521 de
406 2479 467 2543 qua
490 2458 627 2523 maxime
650 2458 776 2547 litigant
796 2459 983 2524 adversarii.
1009 2461 1146 2523 Stultum
1167 2460 1251 2524 enim
1271 2471 1360 2523 esset
1381 2458 1535 2543 imperare

345 2580 399 2631 aut
415 2570 550 2632 suadere
567 2568 726 2653 ejusmodi
742 2590 841 2654 opera
857 2568 897 2644 ei,
914 2569 967 2655 qui
984 2591 1048 2633 non
1063 2571 1196 2634 haberet
1211 2567 1334 2633 arbitrii
1349 2568 1536 2642 libertatem,

344 2688 377 2739 et
392 2676 519 2741 nonnisi
541 2689 596 2741 aut
618 2676 898 2763 concupiscentiae
920 2677 1082 2764 illecebris
1104 2690 1157 2742 aut
1176 2676 1351 2742 invincibili
1369 2675 1400 2740 vi
1416 2676 1535 2765 gratiae

345 2786 385 2850 ad
405 2788 564 2875 agendum
586 2787 812 2874 impelleretur.
848 2790 1155 2872 Oonuertimini,
1180 2788 1224 2853 ait
1246 2787 1480 2863 Zacharias,
1503 2786 1536 2850 al

344 2918 405 2979 me,
425 2902 473 2961 ait
488 2899 648 2961 Dominus
663 2905 884 2963 enrrcituum:
900 2912 932 2963 el
947 2912 1120 2962 concertat·
1137 2907 1180 2961 nd
1194 2920 1264 2981 cos,
1282 2904 1365 2960 dicit
1379 2902 1537 2962 Dominus

344 3012 549 3069 enercituum
561 3011 599 3086 ³).
624 3008 723 3071 lael:
747 3011 847 3071 Nunc
862 3030 939 3088 erpo
957 3015 1036 3073 dicit
1050 3012 1226 3071 Dominus:
1248 3009 1536 3070 Convertimini

346 3123 388 3178 ud
402 3137 451 3178 me
467 3122 503 3178 iu
519 3129 585 3180 toto
614 3126 711 3179 corde
736 3131 844 3181 uestro
861 3124 896 3180 in
904 3123 1051 3199 jejunio,
1072 3130 1106 3181 et
1120 3124 1155 3180 in
1167 3122 1259 3198 fletu,
1285 3129 1317 3179 et
1341 3122 1378 3178 in
1397 3124 1534 3196 planctu.

344 3225 393 3287 lu
407 3231 542 3289 scindite
558 3234 657 3288 corda
673 3239 795 3308 uestra,
813 3240 846 3291 et
859 3249 926 3290 noa
943 3233 1130 3291 uestimenta
1146 3238 1268 3307 aestro,
1287 3238 1319 3289 et
1339 3231 1534 3288 converti·

344 3339 440 3396 mini
464 3344 507 3396 ad
530 3338 703 3399 Dominum
720 3339 825 3399 Deum
841 3350 1000 3400 uestrum:
1022 3343 1100 3417 quia
1116 3342 1288 3416 benipnus,
1305 3349 1340 3399 et
1353 3342 1535 3399 misericors

345 3456 409 3516 est,
437 3450 582 3526 patiens,
616 3459 648 3510 et
677 3455 797 3510 multae
827 3447 1121 3526 misericoraiao⁴).
1160 3445 1299 3510 isaias:
1336 3447 1535 3522 Quiescite

346 3575 465 3632 apere
484 3575 689 3638 peruerse,
714 3562 861 3620 discite
882 3561 1127 3633 benefacere.
1144 3593 1187 3604 —
1204 3555 1244 3618 Si
1257 3559 1393 3631 fuerint
1409 3568 1535 3637 peccata

346 3672 465 3736 uestra,
482 3670 710 3739 uicensimum,
729 3673 823 3744 quasi
838 3673 900 3728 niu·
916 3672 1170 3729 dealbabuntur:
1188 3680 1219 3730 el
1235 3671 1264 3727 si
1277 3669 1413 3740 fuerint
1430 3673 1533 3745 rubra,

348 3776 443 3847 quusi
473 3775 682 3854 vermiculus,
709 3782 799 3839 uelut
823 3781 989 3838 luuaalba
1016 3776 1160 3854 eruut⁵).
1196 3776 1311 3839 lesus
1346 3774 1534 3858 Christus:

350 3878 585 3958 operamini
616 3883 755 3961 (studete
781 3882 873 3947 vohis
897 3887 1100 3968 comparare)
1133 3905 1200 3947 nan
1222 3890 1341 3966 cibum,
1367 3891 1428 3964 qui
1446 3888 1533 3964 perit,

348 3997 404 4050 sed
422 3995 479 4068 qui
496 4004 666 4069 permonet
682 3998 716 4054 in
731 3998 829 4056 uitam
857 4005 1036 4075 aeternam,
1061 4015 1154 4072 quem
1170 3995 1282 4056 Filius
1297 3997 1448 4057 bominis
1463 3998 1536 4056 dabit

346 4105 446 4163 vobis.
464 4137 504 4146 -
524 4102 596 4162 Hoc
620 4114 670 4164 est
694 4123 775 4180 opus
791 4105 866 4185 Dei,
884 4101 904 4166 i.
922 4125 950 4167 e.
969 4102 1073 4167 cibum
1088 4101 1191 4178 illum,
1213 4102 1264 4188 qui
1282 4124 1299 4167 a
1316 4103 1391 4167 Deo
1412 4102 1534 4175 dabitur,

347 4207 438 4271 vobis
471 4209 696 4293 comparabitis
722 4212 785 4276 hoc
811 4214 922 4287 modo,
948 4227 984 4277 ut
1004 4221 1144 4278 credatis
1165 4221 1200 4277 in
1223 4236 1308 4296 eum,
1340 4238 1440 4295 quem
1464 4219 1536 4278 misit

348 4322 405 4379 ille
415 4321 452 4396 ⁶).
483 4318 525 4380 Et
547 4322 781 4404 Apostolus:
805 4327 931 4405 Itaque,
959 4329 1145 4387 charissimi
1167 4331 1241 4406 mei,
1262 4361 1303 4370 —
1323 4348 1401 4388 cum
1418 4334 1535 4390 metuet

348 4438 488 4489 tremore
508 4435 675 4492 salutem
697 4445 870 4494 'uestram
894 4437 1169 4512 operumiui⁷).
1202 4431 1283 4510 Quid
1304 4455 1389 4499 vero
1416 4436 1479 4500 hoc
1497 4443 1535 4499 est

348 4535 445 4611 aliud,
462 4535 538 4600 nisi:
564 4537 790 4624 cooperamini
807 4542 891 4616 Deo,
910 4543 1045 4606 salutem
1061 4555 1201 4607 vestram
1220 4543 1398 4627 operanti?

343 4653 627 4672 Μ

455 4706 481 4785 ¹)
506 4705 534 4768 1.
560 4706 629 4769 (lor.
654 4706 691 4790 3,
714 4706 744 4774 8.
763 4745 804 4753 -
823 4710 849 4789 ²)
874 4708 969 4769 Marc.
994 4706 1049 4784 16,
1073 4707 1125 4773 20.
1149 4743 1190 4754 —-
1215 4709 1241 4789 ³)
1266 4712 1365 4776 Zaeh.
1392 4714 1430 4799 1,
1452 4713 1482 4777 3.
1503 4742 1532 4758 -⁴

349 4795 376 4875 ⁴)
394 4793 476 4858 Joel.
498 4794 533 4871 2,
552 4796 693 4865 12-13.
710 4834 753 4844 ——
772 4805 799 4878 ⁵)
815 4802 857 4862 Is.
877 4799 909 4876 1,
929 4797 1069 4864 16-—18.
1088 4837 1130 4847 -
1148 4800 1176 4878 6)
1193 4800 1286 4866 Joan.
1307 4801 1344 4879 6,
1363 4803 1422 4870 27.
1440 4804 1489 4871 29.
1502 4838 1530 4852 ·-

346 4883 379 4965 fl
395 4887 474 4951 Phil.
492 4885 528 4974 2,
547 4888 596 4955 12.
