3775 5625
1496 435 1537 509 tr

455 608 543 688 Quae
559 608 597 672 de
614 605 778 691 primaeva
799 617 1064 692 protoparentum
1081 605 1231 671 felicitate
1248 605 1334 671 dicta
1350 607 1540 674 confirman-

340 732 397 786 mr
416 716 499 804 ipsis
519 715 665 805 gentium
696 715 929 781 traditionibus.
962 716 1043 780 Nam
1066 716 1244 782 communis
1266 729 1331 793 est,
1352 730 1387 781 nt
1409 720 1542 806 Knapp

343 827 476 903 scribit,
493 826 634 892 omnium
650 826 718 891 sere
735 826 900 891 cadonum
916 825 1022 891 omnis
1038 826 1151 890 aetatis
1173 825 1281 911 opinio
1299 825 1338 891 de
1355 847 1454 892 aureo
1471 846 1541 892 sae·

344 940 434 1013 culo,
450 939 514 1003 hoc
531 948 594 1011 est,
617 937 655 1000 de
671 935 737 1001 vita
752 937 850 1024 longe
867 934 1067 1009 beatissima,
1090 954 1184 1020 qnam
1200 935 1309 1021 prisca
1324 957 1407 1023 gens
1423 948 1542 1002 morta·

343 1049 422 1115 lium
443 1049 504 1113 hac
524 1046 558 1110 in
578 1058 665 1111 terra
686 1046 800 1133 egerit.
831 1047 913 1110 Eam
936 1044 1020 1110 vitae
1050 1045 1234 1110 beatitatem
1257 1046 1317 1110 etsi
1334 1046 1467 1134 quisque
1482 1066 1543 1131 pro

344 1180 406 1224 suo
422 1156 555 1245 ingenio
573 1176 611 1221 ac
628 1175 728 1221 sensu
743 1155 909 1220 informat:
931 1155 964 1219 in
985 1176 1025 1220 eo
1043 1167 1149 1220 tamen
1166 1156 1319 1221 adunam
1336 1176 1450 1221 omnes
1467 1177 1543 1221 con·

344 1267 504 1341 sentiunt,
524 1278 558 1330 ut
582 1286 676 1330 omne
699 1286 804 1353 genus
827 1286 1051 1330 aerumnarum
1073 1278 1166 1352 atque
1183 1263 1448 1340 imbecillitatum,
1465 1284 1544 1351 quas

343 1375 512 1443 bominum
543 1374 686 1441 societas
707 1388 741 1440 et
761 1376 885 1440 cultura
904 1375 956 1440 vel
977 1373 1070 1439 affert
1089 1376 1140 1439 vel
1163 1386 1271 1460 anget,
1287 1376 1327 1439 ab
1344 1374 1393 1439 his
1409 1375 1543 1462 generis

344 1484 476 1553 humani
506 1484 705 1551 incunabulis
730 1488 842 1569 procul
864 1486 957 1572 plane
979 1483 1192 1569 abjiciendum
1224 1494 1426 1567 censeant¹).
1457 1487 1546 1551 Haec

345 1609 454 1662 autem
485 1594 629 1682 gentium
660 1594 801 1658 omnium
824 1594 997 1660 consensio
1016 1613 1218 1658 communem
1236 1592 1396 1680 originem
1411 1595 1544 1680 primiti·

345 1728 419 1772 vam
435 1703 595 1790 ejusmodi
611 1703 818 1770 traditionum
834 1703 1038 1790 apertissime
1056 1703 1182 1767 evincit.
1215 1705 1283 1767 Hac
1300 1702 1384 1768 enim
1401 1703 1476 1770 facti
1492 1725 1544 1770 ve·

345 1817 441 1882 ritate
463 1814 620 1887 admissa,
637 1813 743 1878 omnia
763 1815 845 1877 bene
863 1815 1051 1886 cohaerent;
1084 1813 1136 1877 illa
1153 1814 1291 1889 sublata,
1308 1814 1394 1878 nulla
1410 1814 1544 1899 amplius

347 1948 460 1991 earum
480 1924 687 1989 traditionum
706 1924 789 1988 ratio
815 1922 991 2009 probabilis
1013 1923 1119 1996 datur;
1152 1944 1248 2008 quum
1279 1922 1387 2008 populi
1420 1945 1544 1999 omnes,

346 2034 523 2123 religione,
538 2033 699 2110 moribus,
715 2033 837 2109 indole,
858 2044 973 2107 aetate,
989 2032 1109 2121 lingua,
1125 2032 1262 2121 regione
1278 2034 1375 2120 longe
1392 2054 1411 2097 a
1428 2053 1464 2097 se
1481 2032 1545 2099 dis·

347 2144 416 2219 siti,
447 2165 513 2208 non
534 2143 639 2209 solum
655 2142 687 2206 in
703 2142 806 2228 ipsius
822 2142 898 2208 lacti
915 2155 1043 2218 natura,
1075 2143 1133 2207 sed
1157 2142 1190 2206 in
1206 2141 1420 2228 peculiaribus
1452 2143 1547 2208 etiam

347 2254 496 2339 ejusdem
511 2252 671 2337 adjunctis
688 2252 886 2338 conspirent.

458 2367 619 2425 Adversus
650 2367 823 2426 doctrinam
855 2367 934 2427 banc
953 2367 1123 2443 expositam
1139 2366 1229 2425 varia
1246 2365 1410 2441 objiciunt,
1435 2366 1547 2442 partim

348 2497 387 2537 ex
404 2486 519 2536 natura
534 2477 592 2545 rei,
610 2486 643 2535 ut
659 2477 837 2553 loquuntur,
859 2477 972 2553 partim
994 2495 1033 2535 ex
1060 2476 1122 2537 SS.
1139 2475 1272 2537 bitteris
1305 2476 1475 2555 depromta.
1507 2477 1548 2536 llt

349 2587 472 2664 quidem
488 2596 652 2645 asserunt:

462 2692 490 2754 l.
510 2696 716 2755 Sanctitatem
733 2714 789 2755 sen
801 2696 955 2771 justitiam
970 2698 1165 2775 congenitam
1184 2714 1289 2756 secum
1305 2697 1375 2773 ipsa
1389 2711 1548 2775 pugnam

348 2806 378 2866 in
395 2815 512 2864 natare
527 2804 607 2864 enim
625 2814 734 2865 creata
748 2805 779 2864 id
796 2816 914 2865 tantum
939 2816 1080 2866 sanetum
1098 2806 1272 2867 existimari
1288 2825 1396 2884 posse,
1415 2806 1492 2883 qnod
1510 2807 1549 2867 cx*

348 2916 443 2974 insita
475 2914 575 2973 indole
607 2916 706 2974 libero
732 2916 815 2975 facto
837 2917 1055 2987 effectumsit3
1084 2935 1182 2993 neque
1200 2918 1384 2976 sententiam
1401 2917 1480 2976 hanc
1497 2934 1548 2978 us·

353 3153 488 3214 atinus:
512 3149 635 3211 Vivebat
648 3150 750 3226 itaque
764 3153 852 3211 bomo
869 3152 903 3210 ia
917 3152 1076 3230 paradiso,
1094 3152 1174 3212 sicca
1187 3155 1315 3228 dalmat,
1333 3152 1480 3229 quamdiu
1495 3154 1551 3214 boo

355 3246 475 3324 volebat,
490 3245 572 3318 qaod
585 3245 670 3302 Deus
678 3244 837 3320 jusserat;
854 3243 972 3303 vivebat
979 3244 1093 3322 fraeas
1107 3246 1184 3325 Deo,
1201 3263 1238 3303 eac
1253 3264 1311 3320 pao
1328 3247 1403 3304 borao
1421 3250 1486 3304 crat
1501 3247 1550 3304 bo·

358 3354 425 3408 naim
450 3334 571 3393 vivebat
585 3332 652 3393 siae
666 3334 730 3391 alla
746 3340 885 3409 apostate,
909 3334 953 3394 ito
969 3354 1085 3409 semper
1101 3333 1199 3393 vicere
1218 3337 1332 3394 babeas
1348 3335 1382 3395 ia
1396 3341 1550 3413 potestate.

363 3423 582 3496 Oibnsadcrat‚
598 3444 635 3482 ae
651 3423 796 3498 esuriret;
812 3432 912 3502 potas,
930 3446 967 3485 aa
983 3425 1098 3499 sitiret·
1116 3425 1229 3500 lippam
1246 3427 1333 3501 vitae,
1353 3446 1389 3485 ae
1404 3426 1490 3485 illam
1506 3446 1549 3486 se·

364 3522 437 3574 necta
453 3515 639 3576 dissolverat,
663 3514 755 3574 Ntttt
774 3515 981 3593 corruptionis
1003 3517 1037 3575 ia
1054 3536 1195 3595 corpore,
1218 3519 1264 3576 vel
1278 3538 1315 3577 eac
1331 3536 1456 3596 corpore
1470 3519 1551 3576 albae

366 3605 506 3665 awbstias
520 3605 595 3664 allis
610 3608 675 3684 p'as
690 3604 829 3666 sensibus
845 3606 1008 3683 inpercbat.
1025 3606 1330 3668 Nallnsintrirtsecns
1341 3610 1472 3679 morbus,
1484 3610 1550 3668 nal·

370 3695 406 3752 bn
418 3697 495 3757 ictas
510 3697 696 3756 metuebatur
714 3697 912 3758 arbiasecas.
938 3698 1063 3765 Samma
1086 3699 1121 3759 ia
1137 3718 1227 3759 carae
1242 3699 1375 3771 sanitas,
1397 3698 1432 3758 ia
1446 3699 1552 3760 anima

369 3788 417 3845 lota
435 3786 654 3864 tranquillitas.
672 3823 715 3832 -
731 3788 823 3847 Nihil
844 3789 965 3849 omnino
986 3790 1084 3861 triste,
1101 3790 1182 3850 nibil
1196 3799 1261 3850 erat
1275 3791 1409 3851 inaniter
1425 3793 1550 3864 laetam

366 3879 498 3943 sanatum
523 3898 594 3938 vero
620 3880 857 3956 perpetuabatur
873 3901 911 3940 eor
925 3883 1011 3952 Dea,
1036 3880 1177 3957 inquam
1191 3882 1350 3959 flaprabat
1365 3882 1500 3941 ebaritas
1516 3885 1553 3942 de

366 3973 443 4030 corde
456 3989 536 4049 paro
553 3976 582 4029 et
597 3969 781 4028 conscicntia
803 3973 880 4030 bona
897 3971 997 4048 etfide
1012 3992 1074 4032 aaa
1082 3971 1178 4048 ficta·
1201 3983 1289 4049 atquc
1305 3972 1385 4032 inter
1400 3992 1431 4031 se
1449 3975 1550 4052 coraja-

362 4068 424 4150 Μ
437 4061 500 4132 fida
516 4081 553 4121 eo:
568 4062 691 4120 barrato
706 4081 808 4120 amore
824 4061 966 4133 sociatas,
992 4081 1117 4123 concors
1137 4064 1245 4123 meotis
1263 4063 1460 4141 corporisque
1474 4063 1550 4141 aipi-

363 4137 405 4214 ba,
424 4159 451 4212 el
463 4151 602 4213 mandati
618 4151 685 4210 siae
700 4153 802 4212 labore
817 4154 965 4215 custodia.
990 4156 1060 4213 Noa
1077 4154 1229 4215 lassitudo
1237 4154 1398 4233 fatipabat
1411 4155 1550 4224 otiosum,

360 4245 415 4378 lc?
436 4263 557 4304 sannas
577 4244 732 4320 premebat
745 4242 882 4305 inritam.
914 4247 963 4305 De
979 4244 1035 4306 civ.
1051 4246 1096 4305 D.
1114 4247 1132 4307 l.
1151 4249 1200 4308 14.
1218 4267 1242 4305 c.
1261 4248 1311 4308 26.
1328 4247 1366 4306 T.
1385 4245 1415 4308 7.
1433 4267 1458 4307 c.
1475 4243 1551 4308 376.

390 4369 399 4387 0
417 4338 509 4398 (7.10.
527 4355 552 4396 0.
570 4331 634 4395 361
654 4354 678 4395 Β.

464 4421 490 4507 ¹)
508 4423 554 4486 cf.
576 4425 699 4485 Natal.
721 4425 904 4490 Alexand.
927 4426 1010 4487 Hist.
1028 4429 1111 4488 Eccl.
1129 4434 1212 4487 aetas
1227 4430 1329 4490 mand.
1345 4429 1458 4506 prima.
1476 4450 1504 4490 a.
1520 4431 1550 4490 3.

362 4494 425 4574 Par,
443 4512 541 4581 1714.
557 4516 596 4577 Τ.
610 4514 638 4577 1.
656 4537 688 4594 p.
701 4514 794 4580 122⁸.
811 4517 900 4578 Dan.
916 4517 1096 4590 Huetius,
1116 4518 1550 4587 Quaest.Aleaetao.l.2.c.11.

364 4586 433 4666 Van.
450 4602 547 4670 1661.
565 4629 595 4687 p.
616 4604 690 4668 101.
716 4606 739 4666 J
746 4628 823 4668 oan.
849 4606 1034 4670 Clericus.
1062 4609 1174 4671 comm.
1192 4609 1226 4668 ia
1244 4608 1319 4671 Gen.
1343 4633 1374 4690 p.
1391 4607 1445 4673 37.
1462 4609 1551 4669 Bud-

305 4698 306 4765 ξ
367 4679 477 4759 lasus.
494 4698 576 4759 Hist.
593 4700 678 4761 Eccl.
699 4699 737 4762 V.
754 4701 786 4759 Τ.
804 4698 880 4760 sect.
898 4702 926 4760 1.
943 4719 974 4778 p.
995 4697 1068 4762 141.
1086 4699 1347 4774 Liebermann,
1364 4705 1446 4762 last.
1464 4703 1551 4762 tbeol.

309 4840 311 4847 .
370 4773 407 4838 ll·
422 4784 455 4848 3.·
465 4790 548 4867 Mag.
568 4785 665 4850 1831.
683 4789 721 4850 Τ.
738 4785 767 4849 3.
788 4810 817 4869 p.
834 4785 900 4851 417
918 4811 943 4849 s.
977 4788 1157 4867 brianci,
1184 4788 1304 4870 &pltea
1322 4793 1371 4854 ber
1387 4791 1549 4872 latiplprc.

371 4859 519 4962 bitorige.
536 4879 683 4963 degenti.
703 4876 801 4948 1837.
819 4880 851 4944 2.
868 4880 911 4945 a.
932 4879 962 4945 1.
979 4881 1018 4949 ‘ll-
1037 4881 1080 4953 Θ.
1099 4877 1140 4944 27
1145 4877 1165 4942 8
1183 4883 1204 4960 l.
