3775 5625
1409 443 1470 518 161

270 612 390 687 omnia
404 627 551 700 tempora
565 612 669 679 visum
685 624 788 688 essct,
811 611 979 678 veritatem
994 610 1116 677 hancce
1132 611 1268 678 solemni
1289 611 1472 679 definitione

266 724 429 798 fidelibus
445 725 637 790 credendam
653 744 846 809 proponere.

388 834 419 899 3.
435 836 538 899 Porro
561 855 656 920 quum
670 845 838 918 peccatum
864 831 1020 920 originale
1036 831 1245 920 generatione
1261 845 1475 920 propagetur,

269 943 431 1016 Christus
447 955 570 1018 antem,
594 941 738 1029 quamvis
754 943 923 1007 humanam
939 954 1084 1006 naturam
1101 940 1252 1007 sumserit
1273 963 1315 1008 ex
1330 941 1475 1030 Virgine,

273 1070 390 1121 tamen
414 1053 575 1119 communi
598 1051 808 1140 generatione
835 1073 892 1137 per
915 1051 978 1116 viri
1002 1052 1200 1118 consortium
1216 1052 1339 1117 nonsit
1360 1072 1474 1118 concc-

276 1178 376 1251 ptus,
401 1165 459 1229 sed
473 1184 532 1250 per
548 1163 696 1228 virtutem
717 1162 856 1247 Spiritus
878 1164 912 1226 S.
929 1162 1060 1249 genitus
1068 1167 1111 1243 ¹):
1137 1174 1308 1247 apeccato
1332 1162 1386 1225 illo
1412 1183 1476 1226 nou

281 1286 421 1349 tantum,
445 1275 503 1339 sed
519 1285 585 1338 eta
602 1272 708 1337 debito
725 1273 869 1357 ejusdem
886 1271 1096 1336 contrahendi
1110 1293 1246 1357 prorsus
1261 1271 1410 1338 immunis
1434 1270 1477 1337 sit

286 1403 422 1447 necesse
439 1395 498 1448 est.

391 1492 421 1557 4.
437 1492 572 1559 Accedit
590 1491 820 1556 immunitatem
843 1492 882 1555 ab
904 1491 991 1556 omni
1011 1504 1145 1577 peccato
1166 1492 1198 1556 in
1220 1491 1379 1558 Christo
1405 1492 1477 1580 Dok

292 1600 387 1665 mino
403 1623 517 1666 munus
534 1600 742 1666 redemtionis
758 1600 947 1665 necessario
965 1602 1143 1685 postulare,
1167 1613 1201 1664 ut
1211 1601 1279 1685 Jarn
1301 1612 1377 1686 post
1391 1604 1475 1685 Apo·

293 1711 403 1775 stolum
419 1714 479 1777 88.
495 1712 609 1775 Patres
626 1711 848 1776 observarunt.
870 1711 1007 1790 Nepae
1022 1717 1139 1785 eninr,
1164 1709 1207 1774 ait
1221 1708 1478 1797 Augustinus,

292 1827 688 1901 conputattantmam
713 1825 791 1884 aidi
813 1824 972 1884 trahere
988 1826 1074 1884 siae
1091 1832 1279 1901 peccato,
1306 1825 1372 1899 aui
1397 1827 1477 1883 sol-

293 1931 346 1990 rit
361 1941 498 1994 nostra
510 1930 724 2010 peccata2).

391 2039 421 2105 5.
441 2039 585 2104 Tandem
599 2038 708 2104 intima
723 2051 854 2103 naturae
870 2040 1026 2104 humanae
1044 2060 1115 2104 curu
1132 2038 1237 2104 divina
1251 2038 1283 2103 in
1294 2060 1389 2106 unam
1405 2061 1478 2124 per·

285 2158 417 2225 ronam,
441 2170 574 2235 eamque
592 2148 729 2213 divinam
745 2148 931 2233 conjunctio
949 2150 1065 2213 nullam
1080 2148 1183 2212 labem
1200 2146 1295 2213 etism
1317 2147 1350 2212 in
1366 2160 1480 2213 natura

280 2248 422 2324 humana
449 2259 579 2344 patitur,
608 2281 703 2344 quum
724 2258 777 2322 illa
795 2258 828 2321 in
848 2257 953 2343 ipsam
974 2257 1109 2322 divinam
1126 2278 1299 2343 personam
1323 2258 1478 2324 redunda-

278 2374 354 2441 ret,
376 2370 463 2455 qnod
479 2369 652 2435 absurdum
668 2372 763 2448 osv).

319 2590 368 2683 ἓ.
391 2578 459 2667 30.
482 2595 629 2666 Maria
649 2598 699 2665 v.
722 2614 751 2665 a
770 2597 967 2683 peccato
984 2597 1072 2666 troc
1098 2595 1435 2684 singularitem

640 2704 793 2792 gratia
808 2708 1129 2793 praeservata.

394 2865 544 2946 Quamvis
570 2869 605 2931 B.
634 2867 672 2930 V.
699 2865 836 2942 Maria,
867 2888 963 2952 quum
990 2869 1086 2931 modo
1122 2868 1259 2935 naturali
1286 2867 1395 2956 genita
1423 2868 1480 2943 sit,

277 2966 426 3040 debitum
462 2975 586 3061 peccati
630 2974 765 3063 originis
802 2975 1013 3040 contrahendi
1049 2974 1216 3041 habuerit:
1260 2977 1331 3062 ipsa
1375 2990 1480 3042 tamen

280 3074 442 3171 ungrani
467 3085 528 3149 Dei
557 3083 713 3150 beneficio
738 3084 853 3150 intuitu
883 3085 1071 3149 meritorum
1103 3084 1266 3170 passionis
1298 3107 1335 3151 ac
1366 3086 1481 3151 mortis

283 3182 408 3259 christi
428 3196 468 3258 ab
489 3194 542 3259 illa
565 3195 636 3260 labe
657 3194 689 3259 in
711 3195 940 3281 conceptione,
966 3216 1060 3281 quam
1090 3196 1248 3281 adpellant
1268 3195 1481 3281 passivam,

254 3324 260 3391 Ι·
285 3312 343 3363 teu
361 3302 553 3369 animatione
570 3305 718 3390 corporis
733 3305 883 3370 immunis
900 3318 1048 3379 servata,
1073 3318 1105 3370 et
1120 3305 1192 3370 ideo
1209 3327 1228 3370 a
1242 3305 1346 3391 primo
1363 3306 1417 3370 illo
1433 3306 1480 3370 in·

287 3413 399 3488 stanti,
423 3436 485 3500 qno
503 3417 571 3500 ejus
588 3413 692 3479 anima
708 3427 816 3480 creata
831 3427 896 3490 est,
914 3414 1052 3500 Spiritus
1070 3418 1103 3480 S.
1120 3414 1226 3503 gratia
1242 3428 1355 3480 ornata
1371 3428 1431 3490 est,
1447 3429 1482 3480 ut

291 3531 417 3587 constat
431 3544 473 3587 ex
497 3523 680 3619 dogmatico
704 3525 836 3588 decreto
858 3523 962 3598 edito,
986 3536 1062 3608 post
1083 3525 1218 3588 collecta
1240 3527 1280 3589 ab
1302 3524 1478 3610 Episcopis

291 3627 386 3697 onus
403 3631 492 3696 orbis
512 3631 683 3698 Christiani
700 3632 853 3722 suffragia
874 3654 893 3698 a
916 3636 950 3699 S.
966 3632 1121 3698 Pontifice
1137 3634 1204 3698 Pio
1220 3634 1276 3710 IX,¹
1293 3634 1326 3699 in
1343 3633 1480 3700 Constit.

295 3728 471 3818 ineffabilis
492 3745 590 3804 Deus.
616 3743 667 3806 Vl.
684 3742 758 3806 ldus
774 3743 926 3807 Decemb.
944 3765 971 3807 a.
990 3740 1097 3818 1854,
1115 3764 1177 3829 quo
1194 3744 1389 3808 declaratur:
1411 3748 1481 3807 De·
1529 3755 1532 3762 '

296 3841 430 3934 linimus,
449 3857 643 3934 doctrinam,
662 3874 744 3931 quae
762 3866 847 3917 tenet
862 3859 1077 3918 beatissimam
1097 3856 1263 3933 Virginem
1278 3857 1424 3918 Mariam
1440 3859 1481 3917 ia

300 3963 415 4024 rrimo
440 3966 618 4025 instanti
640 3984 737 4024 suae
762 3964 1059 4043 Conceptioais
1074 3966 1183 4038 faisse
1195 3968 1359 4042 singulari
1381 3968 1479 4027 omni-

304 4073 504 4137 valentiana·
516 4077 629 4150 pratia
643 4084 676 4135 et
689 4076 877 4155 prioileyio,
904 4079 1024 4137 intuita
1039 4078 1228 4137 nteritoram
1252 4074 1377 4136 Christi
1398 4075 1481 4136 Jesa

309 4169 476 4243 detentoria
496 4184 630 4243 humani
643 4187 785 4263 pencris,
806 4187 851 4243 ad
868 4187 970 4245 omni
986 4188 1214 4261 originalis
1230 4189 1375 4263 culpae
1392 4187 1481 4244 lade

233 4312 246 4350 ι
305 4301 594 4367 praeservarent
610 4297 829 4373 immanem,
848 4313 918 4354 esse
932 4314 953 4353 a
967 4295 1038 4354 Deo
1057 4298 1232 4354 revelatam
1245 4303 1343 4371 atque
1360 4296 1480 4354 idcirco
1588 4293 1589 4296 ’

308 4397 487 4462 domnione
499 4403 649 4476 fidelibus
653 4378 791 4477 firmiter
799 4413 1048 4481 constanterque
1057 4409 1254 4464 credendam.
1273 4403 1480 4488 Argumenta,

234 4486 237 4497 ’
304 4503 402 4595 quibus
418 4509 537 4596 dogma
553 4521 667 4573 contra
682 4508 887 4574 adversarios
903 4510 1072 4595 probatur,
1090 4522 1164 4574 sunt
1180 4510 1360 4596 sequentia:

301 4624 505 4644 μ

397 4675 423 4756 ¹)
442 4674 527 4740 Luc.
546 4672 576 4747 1,
593 4671 646 4735 35.
664 4673 709 4737 cf.
727 4675 925 4755 Augustis.
943 4677 1029 4737 Ooat.
1045 4675 1164 4738 Julian.
1189 4678 1208 4736 l.
1225 4678 1254 4736 5.
1273 4696 1298 4742 c.
1316 4677 1364 4736 15.
1381 4695 1411 4736 a.
1430 4677 1480 4736 54.

296 4765 332 4836 Τ.
349 4763 398 4827 10.
417 4787 444 4831 c.
462 4762 537 4828 655.
556 4801 599 4810 —
617 4768 645 4842 ²)
663 4765 763 4841 Epist.
781 4769 850 4829 190.
868 4771 910 4827 ad
927 4767 1027 4845 Optat.
1043 4789 1074 4833 a.
1090 4769 1140 4831 25.
1158 4765 1239 4848 Opp.
1258 4764 1296 4829 T.
1314 4765 1345 4828 2.
1362 4787 1386 4828 c.
1405 4763 1480 4828 708.

291 4859 368 4938 ..²)
385 4856 431 4919 of.
452 4856 644 4936 Augustis.
660 4860 707 4917 De
718 4855 919 4934 peremerat
934 4879 1007 4920 rem.
1017 4860 1106 4924 Lac.
1116 4860 1202 4924 24.n.
1211 4861 1261 4919 38.
1271 4854 1310 4920 T.
1323 4854 1374 4919 10.
1388 4878 1412 4920 c.
1427 4853 1480 4917 01.
