3775 5625
413 425 457 489 22

413 591 482 655 lore
500 583 700 676 depingeret,
718 599 811 674 atque
829 587 1008 653 Concilium
1025 610 1085 674 pro
1102 581 1248 664 ἀκρίβεια,
1270 609 1331 672 qua
1347 590 1497 655 Ecclesia
1513 588 1614 654 utitur

413 719 543 785 semper
558 698 591 762 iu
609 696 677 763 suis
694 696 848 771 decretis,
866 696 974 762 dicere
991 697 1171 775 debuisset,
1193 699 1313 763 hahere
1334 698 1613 766 homiuemuuam

414 808 550 874 animam
567 809 684 873 bouem
702 828 744 872 ex
759 806 857 871 uiltilo
874 830 893 873 a
908 808 979 871 Deo
997 820 1148 882 creatam,
1165 829 1260 893 quum
1281 809 1398 883 hocce,
1419 829 1484 873 uou
1505 822 1613 875 aotam

415 918 500 1005 quod
517 914 1030 992 dixeraterrorilllauichaeorum
1048 917 1231 1002 oppositum
1247 930 1346 983 esset.
1372 917 1407 983 si
1424 916 1612 984 autemnon

415 1040 467 1093 est
480 1047 575 1093 error
585 1025 858 1102 Manichaeorum,
875 1026 928 1113 qui
943 1026 1086 1092 aPhotio
1103 1027 1219 1092 iterum
1235 1028 1449 1095 resuscitatus
1467 1043 1529 1107 est,
1545 1043 1612 1096 eta

419 1135 565 1203 Concilio
581 1135 726 1200 damnari
741 1134 872 1211 meruit,
889 1136 970 1202 alius
986 1157 1061 1202 esse
1078 1124 1196 1223 nequit,
1203 1139 1612 1228 quamrlpolliuaristsrum,

415 1223 642 1320 asserentium,
659 1266 779 1329 corpus
795 1265 860 1309 uon
877 1245 982 1310 anima
999 1245 1165 1331 spirituali,
1182 1248 1240 1312 sed
1256 1246 1383 1312 animali
1401 1246 1559 1333 vivificari
1573 1270 1612 1314 ac

413 1354 558 1431 formari,
575 1376 594 1419 a
609 1352 809 1439 philosophis
826 1354 996 1419 Gentilium
1012 1368 1188 1429 mutuatus;
1212 1357 1285 1441 quia
1304 1369 1434 1441 praeter
1454 1358 1540 1422 huuc
1555 1358 1610 1421 du·

412 1464 529 1552 plicem
546 1484 692 1529 errorem
708 1464 813 1527 nullus
823 1462 903 1527 alius
913 1463 946 1527 iu
956 1465 1083 1550 antiqua
1095 1464 1244 1530 Ecclesia
1259 1478 1481 1553 propugnatos
1497 1466 1610 1532 isserat.

415 1575 507 1655 Quod
530 1573 663 1658 iusuper
678 1574 746 1657 jam
766 1572 838 1658 ipsa
857 1573 958 1638 verba
980 1572 1131 1648 Consilii,
1152 1580 1281 1637 vitiosis
1302 1581 1500 1640 ratiunculis
1520 1598 1611 1641 mast

414 1688 575 1748 haeresim
591 1688 811 1763 stabilientes,
834 1703 896 1745 uec
916 1704 981 1745 nou
1001 1682 1101 1747 verba
1122 1682 1241 1757 Photii‚
1262 1688 1408 1746 haeresis
1425 1707 1487 1762 per
1507 1688 1611 1766 syllo-

409 1799 535 1873 ¹pismos
552 1795 825 1872 philosophorum
845 1804 984 1872 saorla,
1010 1790 1160 1855 iudicant.
1194 1792 1340 1855 Tandem
1362 1791 1474 1857 Cone.
1496 1792 1609 1859 Vien-

343 1920 346 1924 ’
414 1922 532 1967 nense
555 1922 582 1965 a.
602 1898 698 1964 1311.
722 1899 911 1964 declaravit:
935 1902 1032 1963 Fidei
1051 1901 1240 1962 Catholicae
1258 1904 1489 1985 fundamento,
1510 1926 1609 1984 prae·

416 2025 465 2075 ter
480 2018 615 2090 puod—
627 2029 720 2071 nemo
735 2021 843 2088 potest
856 2014 950 2071 aliud
961 2029 1095 2089 ponere,
1111 2012 1249 2084 firmiter
1265 2009 1485 2092 inhaerentes,
1501 2025 1612 2093 aperte

295 2166 303 2176 .
415 2141 487 2183 cum
503 2130 616 2182 sancta
630 2130 734 2181 matre
748 2117 900 2180 Ecclesia
916 2121 1118 2198 confitemur,
1136 2122 1339 2196 unipenitam
1354 2122 1418 2181 liei
1432 2121 1611 2186 Filium'in

415 2233 468 2291 his
485 2233 645 2308 omnihus,
660 2232 696 2290 in
711 2219 828 2305 quitus
841 2228 1044 2289 DeusPater
1059 2233 1201 2309 assistit,
1220 2248 1286 2290 una
1302 2231 1485 2292 cumPotre
1501 2242 1609 2295 aeter·

391 2326 395 2334 ⁸
416 2343 536 2401 naliter·
551 2341 785 2417 subsistentem,
800 2347 913 2415 partes
928 2348 1063 2398 nostroe
1078 2349 1216 2399 naturae
1232 2342 1329 2399 simul
1344 2344 1466 2419 unitas,
1484 2376 1528 2386 -
1546 2343 1609 2403 hu-

393 2441 396 2446 ’
415 2468 545 2510 manum
561 2451 709 2508 uidelicet
724 2466 765 2507 co
775 2466 869 2524 rpus
882 2450 1037 2524 passibile
1055 2444 1088 2525 (i.
1106 2465 1133 2508 e.
1151 2445 1234 2529 quod
1250 2444 1413 2529 passionis
1430 2458 1481 2510 est
1496 2467 1610 2532 capax,

415 2554 523 2642 utique
548 2575 612 2617 uon
636 2552 669 2617 iu
693 2574 745 2628 se,
774 2554 831 2617 sed
857 2565 1012 2639 quatenus
1037 2565 1087 2617 est
1111 2574 1184 2617 cum
1208 2553 1312 2617 artima
1336 2556 1557 2639 conjunctum)
1582 2568 1614 2621 et

408 2672 579 2730 ‘animam
611 2654 908 2727 intellectivam
937 2685 1005 2726 seu
1025 2652 1289 2745 rationalem,
1315 2670 1438 2743 ipsum
1467 2686 1613 2745 corpus

415 2796 506 2838 cere
522 2795 595 2854 per
618 2795 658 2836 se
678 2785 716 2837 et
736 2779 1019 2864 essentialiter
1035 2778 1335 2856 informantem,
1358 2780 1553 2838 assumsisse
1569 2796 1613 2838 etc

417 2899 558 2964 tempore
583 2890 618 2945 in
644 2888 802 2962 nir-pinati
828 2886 971 2946 thalamo
998 2891 1041 2944 ad
1063 2889 1218 2945 unitatem
1243 2904 1322 2945 suae
1347 2887 1542 2964 hypostasis.
1568 2922 1612 2932 —

416 2998 530 3058 Porro
556 2998 737 3056 doctrinam
759 3013 883 3055 omnem
903 3014 962 3055 seu
973 2998 1167 3071 positionem
1187 3003 1304 3054 temere
1320 3005 1530 3075 asserentem
1556 3008 1615 3059 aut

406 3102 590 3166 'vertentem
614 3108 649 3165 in
671 3107 821 3183 dubiam,
847 3111 935 3180 pund
957 3106 1183 3164 substantia
1206 3106 1357 3163 aninsae
1387 3107 1614 3166 rationalis

416 3235 485 3276 seu
508 3216 787 3276 intellectione
810 3231 899 3272 cere
922 3231 965 3272 ac
984 3231 1056 3289 per
1079 3231 1118 3271 se
1141 3213 1304 3272 humani
1327 3217 1512 3291 corporis
1535 3233 1614 3276 non

407 3327 633 3403 sitforma,
661 3329 751 3384 velut
770 3341 977 3382 erroneam
1000 3323 1234 3381 asperitati
1258 3319 1496 3383 Catholicae
1522 3326 1612 3384 ini·

415 3437 552 3495 micam
570 3435 693 3511 fidei,
717 3466 759 3476 —
784 3434 1053 3504 reprobamus.
1081 3429 1298 3508 Definientes,
1329 3440 1367 3491 ut
1389 3435 1515 3492 cunctis
1535 3443 1614 3494 nota

415 3547 460 3604 sit
471 3544 546 3616 fidei
562 3545 709 3600 sincerae
724 3543 847 3600 ceritas
862 3557 901 3598 ac
913 3543 1149 3616 praecludatur
1163 3541 1328 3598 uniuersis
1349 3543 1521 3601 errarttus
1537 3545 1613 3601 atti·

415 3661 478 3723 aas,
495 3669 536 3710 ne
552 3651 745 3727 subintrent,
763 3654 850 3725 quod
864 3650 1013 3724 quisquis
1027 3651 1176 3725 deinceps
1190 3666 1349 3719 asserere,
1366 3652 1540 3727 &fenam
1555 3670 1614 3711 seu

416 3769 525 3821 tenere
546 3755 759 3834 pertinaciter
777 3759 1027 3835 praesumserit,
1050 3762 1138 3833 puori
1159 3759 1287 3816 anima
1306 3760 1525 3818 rationalis
1546 3777 1615 3820 seu

415 3871 674 3931 intellectiva
696 3886 776 3927 non
799 3870 854 3926 sit
871 3866 1006 3938 forma
1030 3868 1218 3942 corporis
1241 3865 1403 3925 humani
1425 3885 1494 3943 per
1518 3886 1558 3926 se
1578 3878 1616 3929 et

415 3979 718 4054 essentialiter,
741 3986 903 4052 tamquam
924 3976 1110 4034 haereticas
1129 3978 1174 4034 sit
1193 3975 1415 4050 censendus1).
1449 3971 1541 4050 Quod
1557 3974 1612 4038 de·

415 4095 539 4150 cretum
560 4081 675 4165 deinde
695 4080 727 4144 iu
754 4081 867 4147 Couc.
894 4080 1150 4145 Lateraueusi
1171 4080 1209 4144 V.
1232 4100 1258 4143 a.
1283 4078 1379 4144 1513.
1406 4081 1616 4147 laudaturae

413 4193 656 4270 instauratur2).
681 4191 832 4256 Declarat
846 4191 952 4277 itaque
970 4190 1068 4256 Couc.
1081 4189 1263 4254 Vieuueuse
1282 4201 1315 4253 et
1334 4201 1412 4275 post
1425 4188 1501 4252 illud
1517 4191 1612 4255 Late·

409 4299 563 4376 'renense
573 4290 711 4366 animam
726 4299 915 4364 ratioualem
932 4321 992 4364 seu
1007 4296 1233 4363 intellectivam
1250 4319 1323 4362 esse
1340 4298 1478 4363 formam
1494 4320 1613 4385 corpo-

413 4411 460 4476 ris
476 4407 606 4474 humani
620 4428 680 4492 per
696 4428 732 4472 se
749 4420 782 4472 et
798 4407 1093 4482 esseutialiter,seu
1109 4428 1229 4491 corpus
1245 4427 1321 4471 vere
1338 4427 1398 4492 per
1408 4428 1445 4472 se
1455 4419 1489 4471 ct
1499 4427 1612 4474 esseu-

413 4518 531 4584 tialiter
546 4516 732 4581 informare.
757 4517 824 4580 Sub
841 4517 857 4580 l
861 4536 966 4580 orma
986 4528 1093 4581 autem
1114 4536 1156 4579 ex
1171 4536 1232 4579 usu
1248 4515 1398 4601 loquendi
1415 4516 1613 4582 scholastico

524 4755 550 4836 ¹)
566 4755 789 4834 Deuzinger,
805 4757 933 4815 Euchir.
952 4754 1000 4814 ed.
1018 4751 1049 4817 3.
1066 4774 1097 4817 n.
1114 4757 1185 4814 408.
1202 4756 1273 4816 409.
1291 4774 1323 4834 p.
1342 4750 1406 4816 173
1423 4775 1446 4814 s.
1460 4789 1502 4799 —
1520 4755 1612 4836 ²)1b.

413 4867 444 4909 n.
462 4847 531 4906 621.
549 4867 580 4926 p.
596 4843 672 4907 218.
