3775 5625
349 418 417 484 452

349 586 464 664 muita,
484 591 638 666 quoniam
654 584 806 644 dilecti
819 584 991 644 mulium.
1019 582 1081 643 Oui
1099 589 1207 643 autem
1229 587 1339 643 minus
1356 583 1534 655 dimittitur,

348 702 476 755 minus
493 689 669 776 dittqtr).
708 692 777 753 Huc
798 711 897 773 porro
918 689 1058 774 pertinet
1081 709 1193 753 omnes
1209 688 1255 752 illi
1270 687 1344 763 loci,
1366 688 1422 774 qui
1438 690 1534 753 decla·

347 815 435 876 rant,
456 802 488 864 in
516 801 608 865 coelo
625 798 713 862 varia
729 798 798 861 dari
814 798 971 884 praemia,
1004 819 1084 884 quae
1095 797 1194 883 justis
1210 809 1324 882 parata
1344 802 1474 877 sunt²);
1494 796 1534 861 di·

346 887 442 974 ¹versa
459 909 543 973 ellim
561 907 740 972 distributio
756 908 973 993 praemiorum
994 908 1117 972 varium
1139 907 1327 971 meritorum
1344 908 1493 994 gradum,
1507 918 1534 969 et

346 1021 419 1083 ideo
436 1019 531 1083 etiam
542 1017 686 1102 justitiae
702 1016 922 1101 disparitatem
938 1017 1053 1105 arguit.

451 1131 491 1191 B.
514 1127 601 1190 Idem
633 1126 761 1190 tradunt
793 1127 853 1189 SS.
883 1127 1046 1202 Patres,
1079 1140 1114 1190 ut
1144 1126 1332 1191 nominatim
1358 1123 1530 1212 Augusti·

347 1233 468 1320 nus³)',
491 1246 524 1298 et
543 1234 714 1319 praecipue
731 1234 1011 1320 Hieronymus,
1043 1235 1096 1321 qui
1117 1257 1159 1300 ex
1182 1235 1328 1299 instituto
1346 1236 1467 1322 dogma
1483 1254 1529 1296 no·

346 1358 447 1408 strum
481 1357 593 1409 contra
614 1343 815 1408 lorinianum
832 1344 985 1420 vindicat,
1011 1366 1123 1409 omnes
1139 1343 1274 1409 virtutes
1290 1344 1376 1409 inter
1393 1364 1530 1428 separes

345 1475 419 1517 esse
437 1455 699 1525 contendentem
717 1454 800 1517 unde
816 1474 1091 1537 supervacaneum
1108 1467 1196 1519 esset
1211 1455 1310 1518 verba
1333 1454 1405 1538 ejus
1420 1452 1454 1517 in
1474 1473 1528 1519 me·

345 1564 429 1627 dium
445 1564 602 1647 prolerre.
627 1564 747 1626 Verum
763 1562 857 1626 etiam
874 1584 892 1626 a
907 1562 1104 1648 reliquorum
1125 1564 1257 1627 Petrum
1277 1561 1474 1627 testimoniis
1491 1562 1528 1626 ci·

344 1673 451 1737 tendis
474 1674 690 1758 supersedere
705 1693 897 1757 possumus,
919 1694 1014 1758 quum
1030 1672 1197 1738 Ecclesiae
1213 1671 1405 1737 universalis
1423 1692 1529 1737 sensus

344 1804 386 1845 ex
402 1782 537 1867 publicis
554 1784 623 1867 ejus
640 1781 838 1847 orationihus
855 1784 959 1868 palam
977 1795 1118 1858 constet,
1150 1783 1263 1868 quihus
1289 1804 1349 1867 pro
1373 1780 1449 1845 liliis
1470 1780 1528 1845 suis

344 1913 362 1955 a
383 1892 453 1956 Deo
473 1897 566 1974 fidei,
600 1900 669 1973 spei
690 1901 723 1960 er
743 1898 917 1978 clearituiie
934 1902 1142 1971 auqmenturu
1157 1899 1364 1976 precatm⁴);
1397 1911 1527 1956 necnon

453 2003 488 2065 0.
506 2000 589 2064 idem
605 2022 663 2086 per
683 2000 785 2085 ipsam
808 2000 981 2074 rationem,
1013 1999 1075 2065 lide
1096 2002 1300 2076 illustratam,
1331 2000 1526 2088 intelligatur.

344 2111 425 2174 Nam
449 2110 588 2175 charitas
612 2132 671 2174 seu
687 2109 818 2173 moralis
840 2110 996 2195 perfectio
1019 2133 1079 2195 pro
1102 2132 1162 2176 sua
1176 2111 1281 2175 indole
1299 2110 1409 2174 varios
1427 2130 1525 2173 neces·

343 2220 429 2284 sario
446 2223 567 2308 gradus
585 2220 730 2295 admittit,
747 2233 780 2284 et
794 2220 867 2285 hinc
884 2233 950 2285 tum
966 2221 999 2284 in
1015 2223 1129 2286 eodem
1153 2221 1280 2285 homine
1302 2220 1444 2285 diversis
1462 2233 1524 2284 ten·

341 2330 486 2414 poribus,
504 2344 570 2395 tum
586 2332 617 2394 in
634 2330 819 2402 hominibus.
832 2330 970 2396 diversis
987 2331 1113 2396 diversa
1131 2330 1173 2395 sit
1189 2352 1324 2396 necesse
1343 2343 1403 2395 est.

344 2564 668 2649 §.totumue
695 2565 970 2647 justificans
995 2584 1052 2636 ea
1072 2584 1168 2636 non
1191 2569 1283 2648 est,
1316 2583 1442 2652 quoe
1473 2580 1521 2633 ex

569 2678 739 2744 natura
756 2691 843 2745 suu
859 2674 1011 2745 emitti
1030 2692 1125 2744 non
1141 2672 1305 2761 possit.

450 2860 721 2938 Quemadmodum
743 2873 849 2923 autem
869 2859 975 2947 gratie
989 2859 1173 2944 justificans
1196 2882 1255 2944 pro
1278 2880 1336 2923 sna
1358 2859 1464 2922 indole
1480 2877 1518 2920 an·

344 2969 424 3056 geri,
440 2968 484 3032 ite
499 2969 618 3054 pariter
634 2969 786 3043 imminui,
804 2981 836 3032 et
851 2969 926 3032 hinc
943 2968 1038 3032 etiam
1055 2969 1155 3033 amitti
1172 2981 1288 3053 potest.

448 3083 639 3140 Lutherus
673 3084 844 3150 statuebat,
878 3083 1014 3160 gratiam
1025 3083 1267 3156 justificantem,
1286 3100 1378 3158 quum
1396 3083 1462 3140 sola
1477 3078 1520 3136 file

345 3191 602 3268 apprehendatur,
621 3192 712 3248 etiam
729 3191 795 3249 sola
812 3191 871 3249 lide
889 3192 1014 3281 amissa,
1033 3210 1108 3267 quae
1127 3202 1228 3250 tamen
1251 3202 1321 3249 ante
1340 3201 1470 3249 mortem
1485 3205 1520 3245 re·
1560 3214 1563 3275 Ι

345 3302 427 3370 deat,
459 3319 514 3359 seu
546 3299 779 3368 incredulitate,
812 3301 862 3357 vel
887 3301 1089 3371 infidelitate,
1110 3301 1191 3358 nullo
1210 3309 1311 3359 autem
1331 3300 1391 3358 alio
1409 3305 1520 3376 peccato

345 3413 431 3488 perdi
454 3430 546 3488 posse
557 3409 594 3486 ⁵).
621 3411 802 3468 Calvinus
825 3409 922 3470 adhuc
944 3411 1077 3469 ulterius
1099 3429 1307 3489 progressus,
1331 3411 1473 3487 quonium
1487 3425 1521 3464 se·

345 3579 559 3590 1——

454 3662 571 3743 ¹)Luc.
606 3661 634 3737 7,
658 3662 712 3728 47,
745 3663 790 3723 Of.
823 3666 931 3724 Metth.
959 3663 1010 3738 13,
1043 3662 1072 3726 8.
1104 3665 1195 3726 Joun.
1229 3661 1281 3734 15,
1317 3663 1368 3727 13.
1402 3663 1456 3734 21,
1484 3656 1521 3722 lt.

348 3751 380 3813 2.
397 3751 476 3817 Tim.
493 3751 525 3826 2,
542 3750 596 3818 20.
630 3790 670 3798 —
705 3755 732 3831 ²)
750 3753 794 3817 Of.
812 3755 903 3821 Joen.
923 3755 975 3826 14,
992 3754 1024 3821 2.
1044 3755 1072 3821 1.
1091 3754 1160 3819 Oor.
1180 3753 1232 3837 15,
1248 3753 1302 3817 41.
1322 3754 1353 3817 2.
1372 3754 1444 3818 Gor.
1460 3752 1487 3825 9,
1499 3747 1521 3812 6·

349 3842 728 3923 -³)Serm,153.n.5.
761 3844 840 3926 Opp.
873 3849 911 3906 Τ.
929 3844 961 3907 ἃ
979 3869 1003 3909 o.
1022 3844 1096 3911 763.
1134 3845 1302 3924 Jusiificuii
1334 3867 1456 3920 sumus;
1485 3841 1523 3902 ud

348 3935 563 4013 ipsojusiiiia,
581 3940 652 3996 durn
663 3935 852 4012 proficimus,
871 3939 994 3996 cresci
1000 3945 1018 3996 i.
1037 3939 1078 3996 Et
1087 3938 1261 4016 Epictiti?
1269 3940 1338 4017 (29)
1356 3941 1398 3997 ud
1413 3937 1521 3996 Hieron.

347 4047 377 4084 n.
397 4029 448 4086 13.
475 4025 562 4088 Τ.2.
596 4049 619 4089 c.
652 4024 728 4088 599.
762 4029 869 4086 Induii
899 4034 972 4087 suni
1001 4029 1247 4107 sanciijusiiir'u,
1279 4029 1384 4088 alius
1407 4024 1522 4104 mayiir

350 4118 604 4182 aliu-sueinus.
622 4128 653 4179 et
670 4120 708 4179 al.
725 4140 749 4180 s.
781 4154 826 4166 -
858 4122 885 4201 ⁴)
907 4118 953 4180 Of,
989 4121 1040 4182 Or.
1065 4120 1100 4178 in
1114 4123 1203 4182 Dorn.
1226 4123 1275 4179 15.
1297 4143 1329 4197 p.
1362 4123 1522 4183 Pentec-

351 4214 378 4283 5)
395 4209 551 4272 Luther.
567 4213 616 4268 De
633 4210 741 4287 captiv.
758 4210 861 4272 Babil.
879 4208 958 4289 Opp.
976 4211 1022 4270 ed.
1040 4231 1066 4273 e.
1085 4212 1122 4272 Τ.
1141 4209 1172 4272 2.
1189 4213 1208 4270 f.
1229 4207 1281 4273 74.
1315 4215 1368 4270 Ita
1382 4209 1521 4289 videniu-

349 4300 422 4379 quit,
439 4319 528 4374 quarn
544 4301 628 4359 dives
643 4302 786 4360 sithonio
804 4301 1001 4361 Cierisiioms
1018 4303 1080 4360 sive
1096 4304 1274 4381 baptizatus,
1294 4303 1349 4378 qui
1365 4303 1469 4361 etiarn
1482 4315 1520 4357 ro·

349 4391 444 4458 lens,
461 4411 523 4449 nou
535 4399 635 4465 potest
648 4395 773 4469 perdere
788 4394 913 4451 salutent
929 4412 1016 4452 suane
1038 4394 1276 4468 quantiscunque
1295 4395 1444 4470 peccatis,
1459 4384 1522 4450 niti

348 4480 447 4539 nolit
462 4485 618 4542 credere.
654 4485 747 4545 Nulla
768 4484 844 4542 enirn
860 4491 983 4561 peccata
999 4505 1064 4543 eune
1078 4492 1206 4562 possunt
1222 4488 1382 4559 domuere,
1399 4483 1461 4543 nisi
1474 4479 1521 4540 solt

349 4572 624 4645 incredulum,
642 4582 737 4634 cetero
753 4575 863 4655 onznia,
880 4574 909 4632 si
923 4578 1028 4634 redeat
1042 4579 1088 4633 uel
1104 4583 1158 4635 siet
1165 4575 1246 4652 fides
1262 4577 1296 4634 e'u
1311 4575 1519 4653 promissionem

351 4664 487 4724 divinam
501 4664 653 4740 baptizato
663 4667 792 4743 facturn,
808 4667 843 4724 in
857 4673 1003 4726 momento
1019 4669 1215 4726 absorbentur
1232 4686 1289 4744 per
1305 4670 1427 4728 eundern
1436 4665 1518 4743 fidel·

351 4754 398 4813 Ex
416 4776 474 4835 qno
491 4757 637 4834 principio
655 4755 787 4835 profluit,
805 4757 885 4837 quod
902 4758 1051 4817 scribebat
1070 4759 1106 4816 ad
1123 4759 1403 4823 Melanchthonem:
1421 4757 1455 4818 Si
1466 4772 1518 4831 ytt-

352 4845 410 4906 iiue
424 4848 619 4923 praedicator
635 4869 676 4919 es,
692 4849 824 4924 pretione
840 4868 900 4907 uon
908 4848 1028 4924 ficium,
1046 4853 1099 4907 sed
1115 4871 1216 4911 uerarn
1236 4851 1383 4926 praedica
1392 4873 1404 4925 ,·
1427 4851 1453 4909 si
1466 4861 1517 4905 retu
