3775 5625
1456 406 1537 493 tat

344 606 457 681 pnrrae
473 590 570 669 loeis,
592 590 705 680 quibus
727 588 821 659 nobis
841 588 1063 659 misericordia
1085 589 1191 659 divina
1207 591 1248 658 ob
1264 588 1378 659 octdos
1395 588 1532 680 ponitur,

345 718 381 778 ut
393 706 427 771 iu
448 726 540 791 spem
560 703 735 790 erigamur,
759 716 852 790 atque
873 716 1043 789 sperantes
1063 704 1165 769 Deum
1188 702 1320 791 diligere
1337 701 1535 790 incipiamus,

346 816 459 901 sicque
476 814 593 901 dignos
609 835 670 877 uos
685 812 790 901 gratia
801 812 997 897 justificante
1014 814 1185 887 reddamus
1199 815 1235 892 ¹).
1254 850 1293 861 -
1312 813 1447 878 Pulchre
1463 831 1536 899 per·

343 948 382 992 re
397 924 531 1009 exponit
550 922 775 988 necessitatem
791 922 859 1007 spei
884 922 1119 996 Ambrosius,
1154 921 1207 1008 qui
1235 922 1293 987 ait:
1319 926 1420 986 Nemo
1434 932 1539 1003 petest

345 1043 426 1098 dene
445 1057 542 1120 apere
559 1039 880 1115 poenitentiaeque
896 1040 951 1113 qui
967 1037 1192 1112 sperauerit
1206 1035 1537 1112 indulpentiuw).

343 1146 389 1210 Et
411 1142 672 1231 Augustinus:
701 1146 824 1223 Incipit
837 1147 930 1206 donee
949 1166 969 1205 n
981 1147 1055 1219 fine.
1073 1178 1116 1188 -
1134 1142 1202 1204 Sed
1221 1148 1269 1206 uit
1284 1145 1458 1222 Apostolus
1475 1161 1537 1200 -.·

346 1257 398 1319 Et
428 1263 599 1317 daemones
630 1260 778 1334 credunt,
802 1264 835 1315 et
848 1256 1107 1317 contremiscunt.
1126 1288 1166 1298 -
1185 1251 1296 1314 Anne
1326 1273 1403 1330 erpo
1433 1254 1458 1325 f
1459 1254 1539 1313 idei

345 1385 462 1444 spem.
478 1400 524 1411 -
539 1362 682 1441 Speique
698 1367 761 1441 ipsi
777 1370 856 1426 adde
871 1365 1061 1424 charitatem
1072 1364 1110 1438 ³).
1125 1396 1167 1408 -
1181 1358 1241 1438 Qui
1256 1372 1360 1423 autem
1372 1357 1539 1444 justitiam,

346 1494 406 1538 seu
423 1484 630 1555 peccatorum
647 1470 871 1535 remissionem
888 1484 981 1555 atque
999 1468 1285 1535 sarrctilicatiouem
1302 1490 1319 1532 a
1333 1470 1404 1532 Deo
1418 1479 1539 1551 sperat,

346 1581 444 1646 etiam
466 1581 599 1646 etrrtdem
632 1580 816 1646 neccessario
839 1594 997 1666 tamquam
1015 1579 1159 1664 justitiae
1174 1579 1268 1663 hujus
1285 1599 1343 1642 seu
1359 1576 1538 1642 sartctitatis

346 1704 514 1756 sanctorem
531 1689 663 1776 diligere
680 1689 804 1774 iucipit3
829 1711 871 1753 ex
888 1710 948 1774 qua
963 1688 1073 1753 initiali
1095 1687 1248 1752 charitate
1264 1686 1391 1757 nontrisi
1407 1706 1484 1750 vera
1500 1706 1539 1750 ae

346 1800 477 1866 sincera
498 1798 708 1882 poenitentia,
732 1820 790 1862 seu
806 1819 825 1862 a
840 1812 975 1883 peccato
997 1797 1119 1863 avrrlsio
1135 1818 1180 1863 ac
1196 1798 1234 1861 ad
1251 1797 1353 1862 Deum
1370 1794 1540 1860 conversio

347 1923 456 1975 ortum
472 1910 589 1973 habere
604 1920 722 1991 potest.
746 1908 836 1973 Unde
849 1909 923 1991 jure

458 2038 488 2101 3.
515 2035 766 2101 dilectionem
792 2037 873 2099 lrarrc
893 2057 1018 2120 quoque
1041 2035 1283 2121 dispositionem
1301 2032 1541 2121 justificationis

348 2147 569 2213 necessariam
585 2166 658 2211 esse
676 2144 854 2210 Concilium
871 2145 989 2209 definit.
1014 2146 1105 2224 Quod
1121 2147 1161 2210 ad
1179 2149 1237 2210 SS.
1254 2146 1393 2210 Litteras
1411 2144 1538 2210 attinet:

348 2261 448 2322 docet
463 2257 495 2320 id
510 2255 847 2329 Ecclesiasticus,
864 2277 960 2340 quum
976 2255 1033 2320 ait:
1062 2257 1128 2332 Qui
1145 2262 1262 2320 timetis
1277 2259 1464 2336 Dominum,
1482 2260 1542 2316 di-

348 2374 470 2447 iiyitc
500 2373 633 2448 illum,
664 2379 699 2429 et
726 2372 999 2429 illuminabuntur
1031 2375 1131 2429 corde
1153 2379 1271 2431 vestre.
1288 2402 1332 2413 -
1350 2366 1434 2441 Quis
1459 2370 1543 2426 enim

345 2482 529 2558 pernrnnsit
543 2482 577 2539 in
592 2481 753 2539 mundetis
769 2480 851 2557 ejus,
870 2475 954 2560 quod
971 2474 1134 2539 charitatis
1152 2487 1218 2550 est,
1235 2488 1266 2540 et
1281 2480 1453 2537 derelictus
1469 2471 1543 2537 eet?

349 2600 410 2651 eut
432 2592 505 2665 quis
526 2590 691 2649 innncuoit
708 2606 794 2666 eum,
812 2597 844 2647 et
858 2590 1008 2664 desperit
1021 2582 1140 2647 iilum?
1165 2586 1328 2661 Quoniam
1341 2588 1419 2662 pius
1434 2595 1466 2645 et
1479 2588 1543 2645 mi-

351 2702 496 2759 sericors
511 2706 560 2757 est
573 2697 675 2775 Deus,
694 2706 726 2756 ct
741 2700 882 2757 remittet
894 2699 930 2755 in
945 2699 996 2755 die
1012 2699 1232 2756 tribulationis
1252 2706 1399 2774 peecata:
1417 2705 1449 2755 et
1460 2714 1543 2772 pru-

350 2819 456 2870 tcetor
472 2817 521 2867 est
536 2811 682 2868 omuibus
697 2807 945 2885 exquirentibus
961 2826 995 2865 se
1010 2808 1046 2866 in
1061 2811 1198 2867 ueritate
1208 2808 1246 2883 ⁴).
1271 2802 1393 2867 Deinde
1410 2802 1542 2867 Salva·

349 2932 432 2988 tor,
450 2937 522 2977 cum
537 2913 596 2977 ait:
621 2917 843 2978 Remittuntur
858 2919 888 2976 ei
901 2926 1032 2991 peccota
1048 2921 1164 2995 multu,
1182 2918 1373 2992 quonium
1394 2916 1547 2974 uitauit

350 3031 523 3088 muitum.
551 3024 614 3086 Oui
629 3037 735 3087 eutem
749 3030 857 3086 nunus
872 3029 1057 3103 dimittitur,
1075 3028 1181 3084 minus
1196 3028 1312 3100 ditiptt.
1337 3025 1461 3084 Sensus
1478 3033 1544 3086 est:

351 3133 467 3199 Mulier
482 3134 575 3207 haec,
602 3153 694 3217 quam
709 3145 762 3206 tu,
787 3131 913 3205 Simon,
936 3131 1064 3216 spernis
1080 3144 1115 3195 ut
1130 3130 1348 3205 meretricem,
1380 3128 1546 3214 peccatrix

352 3264 429 3307 esse
446 3242 555 3316 desiit,
577 3243 641 3305 imo
665 3241 827 3307 ardentius
843 3243 947 3306 ileum
965 3241 1080 3328 diligit,
1098 3261 1190 3327 quam
1206 3254 1239 3305 tu
1255 3240 1341 3304 illum
1359 3239 1483 3327 diligis,
1499 3238 1544 3302 id-

352 3375 414 3437 que
432 3352 504 3437 quia
520 3351 582 3415 scit
597 3353 700 3416 Deum
716 3350 777 3415 sibi
797 3372 888 3436 quent
916 3350 1055 3414 maxima
1079 3350 1185 3414 debita
1207 3336 1371 3414 remittere
1391 3360 1545 3433 paratum.

353 3464 395 3526 Et
417 3461 469 3525 hic
493 3483 583 3525 amor
604 3482 701 3525 eausa
725 3474 789 3536 est,
813 3482 869 3524 cur
891 3482 966 3525 vere
984 3460 1014 3524 ei
1031 3460 1136 3525 omnia
1158 3471 1306 3544 peccata,
1329 3459 1424 3523 etiam
1441 3459 1547 3544 quom
1600 3454 1604 3460 ’

352 3591 491 3656 poenam
522 3570 648 3656 integre
679 3570 889 3634 remittantur.
921 3571 972 3634 ·Tu
994 3591 1072 3633 vero
1095 3591 1166 3633 cum
1182 3588 1284 3653 pauca
1299 3567 1357 3631 tihi
1373 3589 1391 3632 a
1407 3569 1477 3632 Deo
1492 3588 1544 3632 re·

355 3680 435 3744 mitti
457 3681 586 3753 credas,
607 3700 720 3762 parum
740 3679 884 3744 vicissim
905 3679 991 3743 illum
1014 3700 1118 3754 amas,
1142 3679 1226 3743 sicut
1248 3678 1355 3742 solent
1371 3677 1546 3750 debitores,

353 3790 469 3874 quibus
493 3809 595 3872 pauca
617 3789 720 3853 debita
740 3789 944 3852 remittuntur
956 3791 993 3866 ⁵).
1027 3788 1107 3851 Tum
1139 3787 1358 3871 Apostolus
1388 3789 1546 3862 Patulus,

354 3921 428 3962 curu
445 3897 558 3962 scribit
573 3899 618 3961 ad
636 3899 812 3962 Galatas:
829 3902 871 3961 In
889 3900 1023 3960 Oluisto
1038 3899 1125 3960 Jesu
1139 3918 1243 3976 neque
1258 3903 1461 3960 circumcisio
1480 3902 1546 3959 uti-

354 4013 547 4091 quidecim,
564 4029 667 4088 neque
679 4015 901 4087 praeputium·
923 4015 980 4070 sed
996 4011 1087 4085 fides,
1106 4027 1208 4085 quae
1221 4027 1291 4085 per
1307 4008 1548 4068 alteritatem

355 4118 601 4199 operctnr⁶).
632 4118 775 4203 Denique
792 4106 981 4181 doartnes:
1016 4118 1082 4193 Oui
1097 4138 1175 4179 non
1190 4121 1344 4195 dtttptt,
1363 4127 1493 4178 munet
1508 4121 1548 4178 in

353 4231 531 4306 mortev).
564 4230 632 4292 Nec
658 4250 721 4292 nou
748 4227 994 4316 Augustinus
1017 4226 1124 4291 verbis
1149 4245 1247 4308 supra
1270 4223 1420 4287 laudatis:
1447 4224 1547 4287 Sine

353 4343 554 4402 enaritate
582 4342 691 4414 fides
718 4351 854 4419 potest
881 4343 1008 4417 quidem
1045 4357 1149 4417 esee,
1183 4343 1334 4397 sednon
1360 4346 1399 4397 et
1426 4337 1546 4413 prod-

354 4502 591 4516 *-

465 4595 491 4676 ¹)
507 4593 553 4660 cf.
569 4596 610 4656 Is.
626 4593 680 4676 43,
697 4592 749 4659 25.
765 4593 831 4656 Jer.
843 4591 895 4665 31,
910 4591 963 4656 34.
979 4594 1091 4656 Ezech.
1104 4589 1155 4666 18,
1166 4589 1219 4654 23.
1235 4590 1331 4652 Hebr.
1341 4587 1373 4664 3,
1390 4588 1420 4653 6.
1430 4587 1481 4660 10,
1491 4585 1545 4651 35.

352 4722 401 4737 --
418 4686 445 4764 ²)
462 4686 635 4763 Deposuit.
653 4689 674 4749 1.
692 4690 719 4748 1.
737 4707 761 4746 c.
780 4690 808 4747 1.
825 4707 854 4745 n.
870 4689 900 4745 4.
919 4685 999 4765 Opp.
1016 4686 1055 4747 T.
1072 4682 1103 4745 2.
1121 4705 1146 4746 a.
1165 4681 1240 4744 390.
1258 4718 1300 4728 -
1318 4685 1345 4758 ³)
1362 4680 1459 4744 Serra.
1475 4683 1545 4743 159.

353 4801 381 4840 c.
402 4780 431 4838 6.
447 4798 477 4835 n.
496 4780 524 4836 6.
541 4779 579 4838 Τ.
596 4774 627 4838 5.
645 4797 670 4836 c.
690 4774 764 4840 763.
782 4813 820 4822 --
842 4778 867 4852 ⁴)
884 4778 980 4836 Eccli.
999 4773 1028 4846 2,
1043 4772 1184 4837 10-13.
1202 4810 1243 4820 —
1262 4774 1288 4850 5)
1304 4774 1379 4833 Luc.
1398 4769 1546 4846 tlt-

354 4867 385 4956 ⁶)
405 4867 475 4932 Gal.
491 4864 522 4942 5,
538 4867 569 4939 ,6.
587 4905 628 4915 -
650 4866 675 4958 ⁷)
693 4867 721 4935 1.
738 4869 831 4932 Joan.
848 4866 879 4945 3,
898 4864 949 4933 14.
967 4867 1011 4931 Of.
1027 4863 1060 4944 4,
1078 4864 1130 4931 16.
1145 4865 1254 4929 Metal.
1274 4861 1328 4938 10,
1344 4861 1397 4933 37.
