<?xml version="1.0" encoding="UTF-8"?>
<!DOCTYPE html PUBLIC "-//W3C//DTD XHTML 1.0 Transitional//EN"
    "http://www.w3.org/TR/xhtml1/DTD/xhtml1-transitional.dtd">
<html xmlns="http://www.w3.org/1999/xhtml" xml:lang="en" lang="en">
 <head>
  <title>
</title>
<meta http-equiv="Content-Type" content="text/html;charset=utf-8" />
  <meta name='ocr-system' content='tesseract 3.04.00' />
  <meta name='ocr-capabilities' content='ocr_page ocr_carea ocr_par ocr_line ocrx_word'/>
</head>
<body>
  <div class='ocr_page' id='page_1' title='image "./theologiadogmat00schwgoog/theologiadogmat00schwgoog_0432.png"; bbox 0 0 3775 5625; ppageno 0'>
   <div class='ocr_carea' id='block_1_1' title="bbox 426 396 492 461">
    <p class='ocr_par' dir='ltr' id='par_1_1' title="bbox 426 396 492 461">
     <span class='ocr_line' id='line_1_1' title="bbox 426 396 492 461; baseline 0 0"><span class='ocrx_word' id='word_1_1' title='bbox 426 396 492 461; x_wconf 89' lang='grc'><strong>416</strong></span> 
     </span>
    </p>
   </div>
   <div class='ocr_carea' id='block_1_2' title="bbox 423 557 1611 1520">
    <p class='ocr_par' dir='ltr' id='par_1_2' title="bbox 423 557 1611 1520">
     <span class='ocr_line' id='line_1_2' title="bbox 423 557 1606 644; baseline -0.001 -19"><span class='ocrx_word' id='word_1_2' title='bbox 423 560 517 625; x_wconf 87' lang='lat' dir='ltr'><strong>mites</strong></span> <span class='ocrx_word' id='word_1_3' title='bbox 550 558 658 644; x_wconf 88' lang='lat' dir='ltr'><strong>operis</strong></span> <span class='ocrx_word' id='word_1_4' title='bbox 691 559 875 623; x_wconf 73' lang='lat' dir='ltr'><strong>naturaliter</strong></span> <span class='ocrx_word' id='word_1_5' title='bbox 906 558 1050 632; x_wconf 78' lang='lat' dir='ltr'>honesti,</span> <span class='ocrx_word' id='word_1_6' title='bbox 1083 557 1231 643; x_wconf 82' lang='lat' dir='ltr'>quamdiu</span> <span class='ocrx_word' id='word_1_7' title='bbox 1254 578 1296 623; x_wconf 84' lang='lat' dir='ltr'><strong>ex</strong></span> <span class='ocrx_word' id='word_1_8' title='bbox 1319 558 1384 624; x_wconf 91' lang='lat' dir='ltr'><strong>lide</strong></span> <span class='ocrx_word' id='word_1_9' title='bbox 1408 581 1470 625; x_wconf 89' lang='lat' dir='ltr'><strong>seu</strong></span> <span class='ocrx_word' id='word_1_10' title='bbox 1500 560 1606 625; x_wconf 80' lang='lat' dir='ltr'><strong>motivo</strong></span> 
     </span>
     <span class='ocr_line' id='line_1_3' title="bbox 424 668 1609 755; baseline 0.001 -22"><span class='ocrx_word' id='word_1_11' title='bbox 424 669 658 754; x_wconf 78' lang='lat' dir='ltr'><strong>supernaturali</strong></span> <span class='ocrx_word' id='word_1_12' title='bbox 689 691 753 733; x_wconf 92' lang='lat' dir='ltr'><strong>nou</strong></span> <span class='ocrx_word' id='word_1_13' title='bbox 784 668 1044 754; x_wconf 88' lang='lat' dir='ltr'><strong>proficiscuntur.</strong></span> <span class='ocrx_word' id='word_1_14' title='bbox 1083 668 1126 732; x_wconf 86' lang='lat' dir='ltr'><strong>Et</strong></span> <span class='ocrx_word' id='word_1_15' title='bbox 1148 688 1225 732; x_wconf 91' lang='lat' dir='ltr'><strong>sane</strong></span> <span class='ocrx_word' id='word_1_16' title='bbox 1258 670 1525 753; x_wconf 85' lang='lat' dir='ltr'><strong>quemadmodum</strong></span> <span class='ocrx_word' id='word_1_17' title='bbox 1541 670 1609 755; x_wconf 84' lang='lat' dir='ltr'><strong>justi</strong></span> 
     </span>
     <span class='ocr_line' id='line_1_4' title="bbox 424 777 1608 865; baseline 0 -23"><span class='ocrx_word' id='word_1_18' title='bbox 424 800 486 842; x_wconf 95' lang='lat' dir='ltr'><strong>non</strong></span> <span class='ocrx_word' id='word_1_19' title='bbox 504 799 632 862; x_wconf 83' lang='lat' dir='ltr'><strong>semper</strong></span> <span class='ocrx_word' id='word_1_20' title='bbox 643 780 732 861; x_wconf 87' lang='lat' dir='ltr'><strong>juste</strong></span> <span class='ocrx_word' id='word_1_21' title='bbox 749 791 858 865; x_wconf 81' lang='lat' dir='ltr'><strong>agunt,</strong></span> <span class='ocrx_word' id='word_1_22' title='bbox 875 778 918 841; x_wconf 90' lang='lat' dir='ltr'><strong>ita</strong></span> <span class='ocrx_word' id='word_1_23' title='bbox 935 798 1060 862; x_wconf 87' lang='lat' dir='ltr'><strong>quoque</strong></span> <span class='ocrx_word' id='word_1_24' title='bbox 1076 777 1149 840; x_wconf 87' lang='lat' dir='ltr'><strong>mali</strong></span> <span class='ocrx_word' id='word_1_25' title='bbox 1166 798 1230 840; x_wconf 92' lang='lat' dir='ltr'><strong>non</strong></span> <span class='ocrx_word' id='word_1_26' title='bbox 1248 798 1377 863; x_wconf 85' lang='lat' dir='ltr'><strong>semper</strong></span> <span class='ocrx_word' id='word_1_27' title='bbox 1394 781 1479 844; x_wconf 89' lang='lat' dir='ltr'><strong>mala</strong></span> <span class='ocrx_word' id='word_1_28' title='bbox 1495 778 1608 844; x_wconf 85' lang='lat' dir='ltr'><strong>iaciunt.</strong></span> 
     </span>
     <span class='ocr_line' id='line_1_5' title="bbox 423 885 1608 971; baseline 0.001 -21"><span class='ocrx_word' id='word_1_29' title='bbox 423 887 512 951; x_wconf 84' lang='lat' dir='ltr'><strong>Unde</strong></span> <span class='ocrx_word' id='word_1_30' title='bbox 530 899 562 951; x_wconf 92' lang='lat' dir='ltr'><strong>et</strong></span> <span class='ocrx_word' id='word_1_31' title='bbox 576 887 607 950; x_wconf 93' lang='lat' dir='ltr'><strong>in</strong></span> <span class='ocrx_word' id='word_1_32' title='bbox 633 891 691 951; x_wconf 87' lang='lat' dir='ltr'><strong>SS.</strong></span> <span class='ocrx_word' id='word_1_33' title='bbox 709 887 856 962; x_wconf 77' lang='lat' dir='ltr'><strong>Litteris,</strong></span> <span class='ocrx_word' id='word_1_34' title='bbox 879 900 913 950; x_wconf 91' lang='lat' dir='ltr'><strong>nt</strong></span> <span class='ocrx_word' id='word_1_35' title='bbox 930 908 1008 949; x_wconf 87' lang='lat' dir='ltr'><strong>mox</strong></span> <span class='ocrx_word' id='word_1_36' title='bbox 1024 885 1174 961; x_wconf 87' lang='lat' dir='ltr'><strong>vidimus,</strong></span> <span class='ocrx_word' id='word_1_37' title='bbox 1191 899 1400 971; x_wconf 88' lang='lat' dir='ltr'><strong>peccatores,</strong></span> <span class='ocrx_word' id='word_1_38' title='bbox 1418 910 1480 953; x_wconf 89' lang='lat' dir='ltr'><strong>uec</strong></span> <span class='ocrx_word' id='word_1_39' title='bbox 1495 909 1557 952; x_wconf 92' lang='lat' dir='ltr'><strong>non</strong></span> <span class='ocrx_word' id='word_1_40' title='bbox 1571 889 1608 951; x_wconf 94' lang='lat' dir='ltr'><strong>in·</strong></span> 
     </span>
     <span class='ocr_line' id='line_1_6' title="bbox 424 994 1608 1091; baseline 0.002 -32"><span class='ocrx_word' id='word_1_41' title='bbox 424 996 536 1059; x_wconf 87' lang='lat' dir='ltr'><strong>fideles</strong></span> <span class='ocrx_word' id='word_1_42' title='bbox 559 997 597 1058; x_wconf 88' lang='lat' dir='ltr'><strong>ad</strong></span> <span class='ocrx_word' id='word_1_43' title='bbox 619 996 702 1059; x_wconf 90' lang='lat' dir='ltr'><strong>bona</strong></span> <span class='ocrx_word' id='word_1_44' title='bbox 724 1018 823 1080; x_wconf 90' lang='lat' dir='ltr'><strong>opera</strong></span> <span class='ocrx_word' id='word_1_45' title='bbox 846 997 1043 1068; x_wconf 87' lang='lat' dir='ltr'><strong>exercenda,</strong></span> <span class='ocrx_word' id='word_1_46' title='bbox 1075 994 1231 1079; x_wconf 92' lang='lat' dir='ltr'><strong>imprimis</strong></span> <span class='ocrx_word' id='word_1_47' title='bbox 1253 996 1292 1059; x_wconf 89' lang='lat' dir='ltr'><strong>ad</strong></span> <span class='ocrx_word' id='word_1_48' title='bbox 1316 997 1562 1091; x_wconf 72' lang='lat' dir='ltr'><strong>conversionem</strong></span> <span class='ocrx_word' id='word_1_49' title='bbox 1581 1019 1608 1061; x_wconf 87' lang='lat' dir='ltr'><strong>ac</strong></span> 
     </span>
     <span class='ocr_line' id='line_1_7' title="bbox 425 1103 1608 1190; baseline 0.001 -22"><span class='ocrx_word' id='word_1_50' title='bbox 425 1103 652 1190; x_wconf 87' lang='lat' dir='ltr'><strong>poenitentiam</strong></span> <span class='ocrx_word' id='word_1_51' title='bbox 668 1106 826 1190; x_wconf 70' lang='lat' dir='ltr'><strong>agendam</strong></span> <span class='ocrx_word' id='word_1_52' title='bbox 843 1103 1039 1177; x_wconf 83' lang='lat' dir='ltr'><strong>excitantur,</strong></span> <span class='ocrx_word' id='word_1_53' title='bbox 1057 1114 1088 1166; x_wconf 91' lang='lat' dir='ltr'><strong>et</strong></span> <span class='ocrx_word' id='word_1_54' title='bbox 1104 1124 1203 1186; x_wconf 89' lang='lat' dir='ltr'><strong>opera</strong></span> <span class='ocrx_word' id='word_1_55' title='bbox 1218 1104 1304 1167; x_wconf 90' lang='lat' dir='ltr'><strong>bona</strong></span> <span class='ocrx_word' id='word_1_56' title='bbox 1318 1104 1478 1188; x_wconf 89' lang='lat' dir='ltr'><strong>praestita</strong></span> <span class='ocrx_word' id='word_1_57' title='bbox 1495 1105 1608 1169; x_wconf 87' lang='lat' dir='ltr'><strong>laudan·</strong></span> 
     </span>
     <span class='ocr_line' id='line_1_8' title="bbox 425 1212 1608 1298; baseline -0.001 -20"><span class='ocrx_word' id='word_1_58' title='bbox 425 1228 476 1278; x_wconf 94' lang='lat' dir='ltr'><strong>tur</strong></span> <span class='ocrx_word' id='word_1_59' title='bbox 488 1217 525 1292; x_wconf 85' lang='lat'><strong>¹).</strong></span> <span class='ocrx_word' id='word_1_60' title='bbox 542 1215 585 1276; x_wconf 88' lang='lat' dir='ltr'><strong>Et</strong></span> <span class='ocrx_word' id='word_1_61' title='bbox 599 1213 643 1276; x_wconf 92' lang='lat' dir='ltr'><strong>ita</strong></span> <span class='ocrx_word' id='word_1_62' title='bbox 659 1236 694 1276; x_wconf 90' lang='lat' dir='ltr'><strong>se</strong></span> <span class='ocrx_word' id='word_1_63' title='bbox 713 1236 841 1298; x_wconf 91' lang='lat' dir='ltr'><strong>semper</strong></span> <span class='ocrx_word' id='word_1_64' title='bbox 859 1213 980 1298; x_wconf 88' lang='lat' dir='ltr'><strong>pariter</strong></span> <span class='ocrx_word' id='word_1_65' title='bbox 996 1212 1100 1298; x_wconf 79' lang='lat' dir='ltr'><strong>gessit</strong></span> <span class='ocrx_word' id='word_1_66' title='bbox 1115 1212 1278 1287; x_wconf 84' lang='lat' dir='ltr'><strong>Ecclesia,</strong></span> <span class='ocrx_word' id='word_1_67' title='bbox 1296 1216 1380 1298; x_wconf 89' lang='lat' dir='ltr'><strong>quod</strong></span> <span class='ocrx_word' id='word_1_68' title='bbox 1397 1215 1510 1279; x_wconf 88' lang='lat' dir='ltr'><strong>facere</strong></span> <span class='ocrx_word' id='word_1_69' title='bbox 1526 1214 1608 1277; x_wconf 89' lang='lat' dir='ltr'><strong>maui-</strong></span> 
     </span>
     <span class='ocr_line' id='line_1_9' title="bbox 426 1321 1611 1408; baseline 0.001 -22"><span class='ocrx_word' id='word_1_70' title='bbox 426 1324 507 1387; x_wconf 86' lang='lat' dir='ltr'><strong>l&#39;este</strong></span> <span class='ocrx_word' id='word_1_71' title='bbox 532 1345 596 1387; x_wconf 93' lang='lat' dir='ltr'><strong>non</strong></span> <span class='ocrx_word' id='word_1_72' title='bbox 619 1324 793 1407; x_wconf 84' lang='lat' dir='ltr'><strong>potuisset,</strong></span> <span class='ocrx_word' id='word_1_73' title='bbox 819 1325 847 1388; x_wconf 90' lang='lat' dir='ltr'><strong>si</strong></span> <span class='ocrx_word' id='word_1_74' title='bbox 869 1344 1058 1408; x_wconf 88' lang='lat' dir='ltr'><strong>persuasum</strong></span> <span class='ocrx_word' id='word_1_75' title='bbox 1075 1321 1255 1397; x_wconf 87' lang='lat' dir='ltr'><strong>habuisset,</strong></span> <span class='ocrx_word' id='word_1_76' title='bbox 1272 1322 1428 1408; x_wconf 83' lang='lat' dir='ltr'><strong>injustum</strong></span> <span class='ocrx_word' id='word_1_77' title='bbox 1444 1345 1509 1388; x_wconf 92' lang='lat' dir='ltr'><strong>uon</strong></span> <span class='ocrx_word' id='word_1_78' title='bbox 1526 1345 1611 1408; x_wconf 85' lang='lat' dir='ltr'><strong>posse</strong></span> 
     </span>
     <span class='ocr_line' id='line_1_10' title="bbox 426 1432 744 1520; baseline -0.003 -23"><span class='ocrx_word' id='word_1_79' title='bbox 426 1433 487 1497; x_wconf 90' lang='lat' dir='ltr'><strong>nisi</strong></span> <span class='ocrx_word' id='word_1_80' title='bbox 503 1432 618 1497; x_wconf 91' lang='lat' dir='ltr'><strong>vitiose</strong></span> <span class='ocrx_word' id='word_1_81' title='bbox 637 1454 744 1520; x_wconf 72' lang='lat' dir='ltr'><strong>agere.</strong></span> 
     </span>
    </p>
   </div>
   <div class='ocr_carea' id='block_1_3' title="bbox 426 1560 1623 2193">
    <p class='ocr_par' dir='ltr' id='par_1_3' title="bbox 426 1560 1623 2193">
     <span class='ocr_line' id='line_1_11' title="bbox 534 1560 1615 1645; baseline -0.001 -21"><span class='ocrx_word' id='word_1_82' title='bbox 534 1561 591 1625; x_wconf 91' lang='lat' dir='ltr'><strong>His</strong></span> <span class='ocrx_word' id='word_1_83' title='bbox 616 1561 767 1645; x_wconf 90' lang='lat' dir='ltr'><strong>operibus</strong></span> <span class='ocrx_word' id='word_1_84' title='bbox 799 1560 996 1625; x_wconf 75' lang='lat' dir='ltr'><strong>lacilioribus</strong></span> <span class='ocrx_word' id='word_1_85' title='bbox 1028 1562 1250 1624; x_wconf 88' lang='lat' dir='ltr'><strong>accensendus</strong></span> <span class='ocrx_word' id='word_1_86' title='bbox 1283 1583 1359 1625; x_wconf 92' lang='lat' dir='ltr'><strong>esse</strong></span> <span class='ocrx_word' id='word_1_87' title='bbox 1383 1561 1511 1626; x_wconf 91' lang='lat' dir='ltr'><strong>videtur</strong></span> <span class='ocrx_word' id='word_1_88' title='bbox 1536 1580 1615 1624; x_wconf 90' lang='lat' dir='ltr'><strong>amor</strong></span> 
     </span>
     <span class='ocr_line' id='line_1_12' title="bbox 426 1669 1623 1756; baseline -0.002 -22"><span class='ocrx_word' id='word_1_89' title='bbox 426 1669 485 1735; x_wconf 90' lang='lat' dir='ltr'><strong>Dei</strong></span> <span class='ocrx_word' id='word_1_90' title='bbox 501 1684 536 1734; x_wconf 88' lang='lat' dir='ltr'><strong>ut</strong></span> <span class='ocrx_word' id='word_1_91' title='bbox 560 1670 701 1735; x_wconf 90' lang='lat' dir='ltr'><strong>auctoris</strong></span> <span class='ocrx_word' id='word_1_92' title='bbox 724 1683 855 1734; x_wconf 90' lang='lat' dir='ltr'><strong>naturae</strong></span> <span class='ocrx_word' id='word_1_93' title='bbox 872 1670 1078 1754; x_wconf 81' lang='lat' dir='ltr'><strong>imperfectus</strong></span> <span class='ocrx_word' id='word_1_94' title='bbox 1095 1684 1126 1733; x_wconf 91' lang='lat' dir='ltr'><strong>et</strong></span> <span class='ocrx_word' id='word_1_95' title='bbox 1142 1670 1319 1735; x_wconf 85' lang='lat' dir='ltr'><strong>inchoatus.</strong></span> <span class='ocrx_word' id='word_1_96' title='bbox 1345 1672 1427 1735; x_wconf 87' lang='lat' dir='ltr'><strong>Nam</strong></span> <span class='ocrx_word' id='word_1_97' title='bbox 1443 1682 1554 1756; x_wconf 88' lang='lat' dir='ltr'><strong>potest</strong></span> <span class='ocrx_word' id='word_1_98' title='bbox 1568 1671 1623 1732; x_wconf 76' lang='grc' dir='ltr'><strong>1111-Ι</strong></span> 
     </span>
     <span class='ocr_line' id='line_1_13' title="bbox 428 1781 1616 1868; baseline -0.002 -25"><span class='ocrx_word' id='word_1_99' title='bbox 428 1802 480 1844; x_wconf 96' lang='lat' dir='ltr'><strong>mo</strong></span> <span class='ocrx_word' id='word_1_100' title='bbox 498 1782 599 1844; x_wconf 90' lang='lat' dir='ltr'><strong>Deum</strong></span> <span class='ocrx_word' id='word_1_101' title='bbox 617 1781 802 1844; x_wconf 85' lang='lat' dir='ltr'><strong>naturaliter</strong></span> <span class='ocrx_word' id='word_1_102' title='bbox 819 1793 852 1843; x_wconf 94' lang='lat' dir='ltr'><strong>ut</strong></span> <span class='ocrx_word' id='word_1_103' title='bbox 868 1792 1033 1843; x_wconf 84' lang='lat' dir='ltr'><strong>auctorem</strong></span> <span class='ocrx_word' id='word_1_104' title='bbox 1051 1792 1183 1843; x_wconf 88' lang='lat' dir='ltr'><strong>naturae</strong></span> <span class='ocrx_word' id='word_1_105' title='bbox 1199 1802 1401 1868; x_wconf 80' lang='lat' dir='ltr'><strong>cognoscere</strong></span> <span class='ocrx_word' id='word_1_106' title='bbox 1420 1792 1452 1844; x_wconf 89' lang='lat' dir='ltr'><strong>et</strong></span> <span class='ocrx_word' id='word_1_107' title='bbox 1467 1781 1616 1843; x_wconf 86' lang='lat' dir='ltr'><strong>honorum</strong></span> 
     </span>
     <span class='ocr_line' id='line_1_14' title="bbox 429 1887 1617 1975; baseline -0.002 -22"><span class='ocrx_word' id='word_1_108' title='bbox 429 1889 569 1953; x_wconf 90' lang='lat' dir='ltr'><strong>omnium</strong></span> <span class='ocrx_word' id='word_1_109' title='bbox 590 1902 772 1961; x_wconf 84' lang='lat' dir='ltr'><strong>auctorem3</strong></span> <span class='ocrx_word' id='word_1_110' title='bbox 799 1891 880 1966; x_wconf 88' lang='lat' dir='ltr'><strong>unde</strong></span> <span class='ocrx_word' id='word_1_111' title='bbox 903 1910 967 1952; x_wconf 92' lang='lat' dir='ltr'><strong>non</strong></span> <span class='ocrx_word' id='word_1_112' title='bbox 992 1888 1195 1975; x_wconf 81' lang='lat' dir='ltr'><strong>intelligitur,</strong></span> <span class='ocrx_word' id='word_1_113' title='bbox 1218 1912 1275 1953; x_wconf 90' lang='lat' dir='ltr'><strong>cur</strong></span> <span class='ocrx_word' id='word_1_114' title='bbox 1296 1912 1360 1953; x_wconf 92' lang='lat' dir='ltr'><strong>non</strong></span> <span class='ocrx_word' id='word_1_115' title='bbox 1387 1887 1495 1973; x_wconf 88' lang='lat' dir='ltr'><strong>possit</strong></span> <span class='ocrx_word' id='word_1_116' title='bbox 1520 1909 1617 1953; x_wconf 90' lang='lat' dir='ltr'><strong>amore</strong></span> 
     </span>
     <span class='ocr_line' id='line_1_15' title="bbox 428 1998 1617 2086; baseline -0.001 -24"><span class='ocrx_word' id='word_1_117' title='bbox 428 2000 532 2084; x_wconf 90' lang='lat' dir='ltr'><strong>aliquo</strong></span> <span class='ocrx_word' id='word_1_118' title='bbox 555 2000 666 2063; x_wconf 89' lang='lat' dir='ltr'><strong>saltem</strong></span> <span class='ocrx_word' id='word_1_119' title='bbox 688 1999 877 2084; x_wconf 82' lang='lat' dir='ltr'><strong>imperfecto</strong></span> <span class='ocrx_word' id='word_1_120' title='bbox 901 2020 980 2086; x_wconf 80' lang='lat' dir='ltr'><strong>erga</strong></span> <span class='ocrx_word' id='word_1_121' title='bbox 1001 1998 1105 2083; x_wconf 92' lang='lat' dir='ltr'><strong>ipsum</strong></span> <span class='ocrx_word' id='word_1_122' title='bbox 1127 1998 1226 2073; x_wconf 85' lang='lat' dir='ltr'><strong>allici,</strong></span> <span class='ocrx_word' id='word_1_123' title='bbox 1250 2001 1475 2084; x_wconf 79' lang='lat' dir='ltr'><strong>quemnemo,</strong></span> <span class='ocrx_word' id='word_1_124' title='bbox 1495 2017 1617 2083; x_wconf 76' lang='lat' dir='ltr'><strong>prosus</strong></span> 
     </span>
     <span class='ocr_line' id='line_1_16' title="bbox 429 2108 1008 2193; baseline 0 -22"><span class='ocrx_word' id='word_1_125' title='bbox 429 2108 535 2173; x_wconf 89' lang='lat' dir='ltr'><strong>indole</strong></span> <span class='ocrx_word' id='word_1_126' title='bbox 553 2121 652 2183; x_wconf 88' lang='lat' dir='ltr'><strong>amet,</strong></span> <span class='ocrx_word' id='word_1_127' title='bbox 670 2109 753 2193; x_wconf 92' lang='lat' dir='ltr'><strong>quod</strong></span> <span class='ocrx_word' id='word_1_128' title='bbox 771 2109 889 2171; x_wconf 81' lang='lat' dir='ltr'><strong>bonum</strong></span> <span class='ocrx_word' id='word_1_129' title='bbox 907 2120 957 2171; x_wconf 87' lang='lat' dir='ltr'><strong>est</strong></span> <span class='ocrx_word' id='word_1_130' title='bbox 971 2113 1008 2187; x_wconf 82' lang='lat'><strong>²).</strong></span> 
     </span>
    </p>
   </div>
   <div class='ocr_carea' id='block_1_4' title="bbox 429 2234 1622 4508">
    <p class='ocr_par' dir='ltr' id='par_1_4' title="bbox 429 2234 1622 4508">
     <span class='ocr_line' id='line_1_17' title="bbox 538 2234 1620 2320; baseline -0.001 -22"><span class='ocrx_word' id='word_1_131' title='bbox 538 2238 641 2299; x_wconf 88' lang='lat' dir='ltr'><strong>Porro</strong></span> <span class='ocrx_word' id='word_1_132' title='bbox 658 2247 768 2319; x_wconf 93' lang='lat' dir='ltr'><strong>potest</strong></span> <span class='ocrx_word' id='word_1_133' title='bbox 783 2236 880 2298; x_wconf 89' lang='lat' dir='ltr'><strong>homo</strong></span> <span class='ocrx_word' id='word_1_134' title='bbox 898 2248 969 2299; x_wconf 91' lang='lat' dir='ltr'><strong>ante</strong></span> <span class='ocrx_word' id='word_1_135' title='bbox 987 2256 1077 2298; x_wconf 90' lang='lat' dir='ltr'><strong>suam</strong></span> <span class='ocrx_word' id='word_1_136' title='bbox 1098 2234 1362 2319; x_wconf 87' lang='lat' dir='ltr'><strong>justificationem</strong></span> <span class='ocrx_word' id='word_1_137' title='bbox 1395 2256 1480 2320; x_wconf 90' lang='lat' dir='ltr'><strong>opus</strong></span> <span class='ocrx_word' id='word_1_138' title='bbox 1513 2237 1620 2300; x_wconf 89' lang='lat' dir='ltr'><strong>bonum</strong></span> 
     </span>
     <span class='ocr_line' id='line_1_18' title="bbox 431 2343 1619 2434; baseline -0.001 -25"><span class='ocrx_word' id='word_1_139' title='bbox 431 2346 587 2430; x_wconf 81' lang='lat' dir='ltr'><strong>perficere</strong></span> <span class='ocrx_word' id='word_1_140' title='bbox 610 2367 675 2409; x_wconf 89' lang='lat' dir='ltr'><strong>nou</strong></span> <span class='ocrx_word' id='word_1_141' title='bbox 699 2344 851 2409; x_wconf 91' lang='lat' dir='ltr'><strong>naturalis</strong></span> <span class='ocrx_word' id='word_1_142' title='bbox 875 2358 995 2409; x_wconf 92' lang='lat' dir='ltr'><strong>tantum</strong></span> <span class='ocrx_word' id='word_1_143' title='bbox 1013 2344 1150 2434; x_wconf 82' lang='lat' dir='ltr'><strong>ordinis,</strong></span> <span class='ocrx_word' id='word_1_144' title='bbox 1167 2346 1225 2409; x_wconf 88' lang='lat' dir='ltr'><strong>sed</strong></span> <span class='ocrx_word' id='word_1_145' title='bbox 1242 2358 1274 2409; x_wconf 88' lang='lat' dir='ltr'><strong>et</strong></span> <span class='ocrx_word' id='word_1_146' title='bbox 1291 2343 1562 2429; x_wconf 82' lang='lat' dir='ltr'><strong>supernaturalis,</strong></span> <span class='ocrx_word' id='word_1_147' title='bbox 1577 2364 1619 2408; x_wconf 86' lang='lat' dir='ltr'><strong>ae·</strong></span> 
     </span>
     <span class='ocr_line' id='line_1_19' title="bbox 429 2454 1622 2543; baseline -0.003 -25"><span class='ocrx_word' id='word_1_148' title='bbox 429 2457 561 2519; x_wconf 88' lang='lat' dir='ltr'><strong>cedente</strong></span> <span class='ocrx_word' id='word_1_149' title='bbox 593 2455 717 2543; x_wconf 79' lang='lat' dir='ltr'><strong>gratiae</strong></span> <span class='ocrx_word' id='word_1_150' title='bbox 750 2455 883 2519; x_wconf 88' lang='lat' dir='ltr'><strong>actualis</strong></span> <span class='ocrx_word' id='word_1_151' title='bbox 916 2454 1044 2519; x_wconf 86' lang='lat' dir='ltr'><strong>auxilio.</strong></span> <span class='ocrx_word' id='word_1_152' title='bbox 1075 2455 1203 2519; x_wconf 89' lang='lat' dir='ltr'><strong>Etenim</strong></span> <span class='ocrx_word' id='word_1_153' title='bbox 1227 2454 1255 2519; x_wconf 91' lang='lat' dir='ltr'><strong>si</strong></span> <span class='ocrx_word' id='word_1_154' title='bbox 1276 2456 1372 2519; x_wconf 90' lang='lat' dir='ltr'><strong>homo</strong></span> <span class='ocrx_word' id='word_1_155' title='bbox 1390 2456 1504 2539; x_wconf 88' lang='lat' dir='ltr'><strong>lapsus</strong></span> <span class='ocrx_word' id='word_1_156' title='bbox 1520 2465 1622 2539; x_wconf 85' lang='lat' dir='ltr'><strong>potest</strong></span> 
     </span>
     <span class='ocr_line' id='line_1_20' title="bbox 429 2564 1621 2649; baseline 0 -23"><span class='ocrx_word' id='word_1_157' title='bbox 429 2584 528 2648; x_wconf 89' lang='lat' dir='ltr'><strong>opera</strong></span> <span class='ocrx_word' id='word_1_158' title='bbox 560 2565 714 2649; x_wconf 91' lang='lat' dir='ltr'><strong>quaedam</strong></span> <span class='ocrx_word' id='word_1_159' title='bbox 738 2564 860 2628; x_wconf 89' lang='lat' dir='ltr'><strong>ordinis</strong></span> <span class='ocrx_word' id='word_1_160' title='bbox 882 2564 1053 2639; x_wconf 89' lang='lat' dir='ltr'><strong>naturalis,</strong></span> <span class='ocrx_word' id='word_1_161' title='bbox 1077 2564 1161 2627; x_wconf 93' lang='lat' dir='ltr'><strong>omni</strong></span> <span class='ocrx_word' id='word_1_162' title='bbox 1184 2564 1302 2628; x_wconf 73' lang='lat' dir='ltr'><strong>aemilio</strong></span> <span class='ocrx_word' id='word_1_163' title='bbox 1320 2564 1427 2627; x_wconf 90' lang='lat' dir='ltr'><strong>divino</strong></span> <span class='ocrx_word' id='word_1_164' title='bbox 1445 2564 1621 2636; x_wconf 87' lang='lat' dir='ltr'><strong>destitutus,</strong></span> 
     </span>
     <span class='ocr_line' id='line_1_21' title="bbox 431 2669 1622 2759; baseline 0 -25"><span class='ocrx_word' id='word_1_165' title='bbox 431 2670 601 2755; x_wconf 85' lang='lat' dir='ltr'><strong>perficere:</strong></span> <span class='ocrx_word' id='word_1_166' title='bbox 627 2669 696 2734; x_wconf 86' lang='lat' dir='ltr'><strong>sine</strong></span> <span class='ocrx_word' id='word_1_167' title='bbox 719 2672 833 2746; x_wconf 90' lang='lat' dir='ltr'><strong>dubio,</strong></span> <span class='ocrx_word' id='word_1_168' title='bbox 856 2671 1027 2735; x_wconf 75' lang='lat' dir='ltr'><strong>araxiliaute</strong></span> <span class='ocrx_word' id='word_1_169' title='bbox 1051 2672 1155 2759; x_wconf 78' lang='lat' dir='ltr'><strong>gratia</strong></span> <span class='ocrx_word' id='word_1_170' title='bbox 1177 2672 1237 2736; x_wconf 82' lang='lat' dir='ltr'><strong>Dei</strong></span> <span class='ocrx_word' id='word_1_171' title='bbox 1254 2673 1508 2757; x_wconf 89' lang='lat' dir='ltr'><strong>supernaturali,</strong></span> <span class='ocrx_word' id='word_1_172' title='bbox 1532 2691 1622 2757; x_wconf 87' lang='lat' dir='ltr'><strong>opera</strong></span> 
     </span>
     <span class='ocr_line' id='line_1_22' title="bbox 430 2779 1622 2867; baseline -0.002 -22"><span class='ocrx_word' id='word_1_173' title='bbox 430 2781 532 2867; x_wconf 89' lang='lat' dir='ltr'><strong>aliqua</strong></span> <span class='ocrx_word' id='word_1_174' title='bbox 554 2804 617 2844; x_wconf 93' lang='lat' dir='ltr'><strong>non</strong></span> <span class='ocrx_word' id='word_1_175' title='bbox 642 2793 762 2845; x_wconf 89' lang='lat' dir='ltr'><strong>tantum</strong></span> <span class='ocrx_word' id='word_1_176' title='bbox 784 2780 906 2845; x_wconf 90' lang='lat' dir='ltr'><strong>ordinis</strong></span> <span class='ocrx_word' id='word_1_177' title='bbox 927 2782 1097 2857; x_wconf 77' lang='lat' dir='ltr'><strong>naturaliS,</strong></span> <span class='ocrx_word' id='word_1_178' title='bbox 1127 2803 1237 2845; x_wconf 91' lang='lat' dir='ltr'><strong>verum</strong></span> <span class='ocrx_word' id='word_1_179' title='bbox 1259 2781 1353 2846; x_wconf 92' lang='lat' dir='ltr'><strong>etiam</strong></span> <span class='ocrx_word' id='word_1_180' title='bbox 1375 2779 1622 2866; x_wconf 86' lang='lat' dir='ltr'><strong>supernaturalis</strong></span> 
     </span>
     <span class='ocr_line' id='line_1_23' title="bbox 429 2891 1621 2977; baseline -0.003 -22"><span class='ocrx_word' id='word_1_181' title='bbox 429 2891 586 2975; x_wconf 86' lang='lat' dir='ltr'><strong>perficere</strong></span> <span class='ocrx_word' id='word_1_182' title='bbox 611 2892 738 2976; x_wconf 90' lang='lat' dir='ltr'><strong>poterit.</strong></span> <span class='ocrx_word' id='word_1_183' title='bbox 772 2893 1031 2977; x_wconf 86' lang='lat' dir='ltr'><strong>Supernaturalis</strong></span> <span class='ocrx_word' id='word_1_184' title='bbox 1065 2892 1187 2956; x_wconf 92' lang='lat' dir='ltr'><strong>ordinis</strong></span> <span class='ocrx_word' id='word_1_185' title='bbox 1209 2892 1375 2957; x_wconf 86' lang='lat' dir='ltr'><strong>manifeste</strong></span> <span class='ocrx_word' id='word_1_186' title='bbox 1398 2905 1475 2955; x_wconf 91' lang='lat' dir='ltr'><strong>sunt</strong></span> <span class='ocrx_word' id='word_1_187' title='bbox 1497 2891 1577 2956; x_wconf 85' lang='lat' dir='ltr'><strong>fides</strong></span> <span class='ocrx_word' id='word_1_188' title='bbox 1596 2902 1621 2954; x_wconf 88' lang='lat' dir='ltr'><strong>ot</strong></span> 
     </span>
     <span class='ocr_line' id='line_1_24' title="bbox 430 2998 1619 3087; baseline -0.003 -22"><span class='ocrx_word' id='word_1_189' title='bbox 430 3014 520 3066; x_wconf 86' lang='lat' dir='ltr'><strong>actus</strong></span> <span class='ocrx_word' id='word_1_190' title='bbox 537 3001 729 3087; x_wconf 88' lang='lat' dir='ltr'><strong>reliquarum</strong></span> <span class='ocrx_word' id='word_1_191' title='bbox 746 3002 914 3075; x_wconf 89' lang='lat' dir='ltr'><strong>virtutum,</strong></span> <span class='ocrx_word' id='word_1_192' title='bbox 932 3002 1045 3086; x_wconf 90' lang='lat' dir='ltr'><strong>quibus</strong></span> <span class='ocrx_word' id='word_1_193' title='bbox 1063 3000 1181 3064; x_wconf 90' lang='lat' dir='ltr'><strong>auxilio</strong></span> <span class='ocrx_word' id='word_1_194' title='bbox 1199 3002 1322 3086; x_wconf 78' lang='lat' dir='ltr'><strong>gratiae</strong></span> <span class='ocrx_word' id='word_1_195' title='bbox 1339 3001 1467 3066; x_wconf 89' lang='lat' dir='ltr'><strong>divinae</strong></span> <span class='ocrx_word' id='word_1_196' title='bbox 1485 3003 1527 3066; x_wconf 89' lang='lat' dir='ltr'><strong>ad</strong></span> <span class='ocrx_word' id='word_1_197' title='bbox 1537 2998 1619 3084; x_wconf 89' lang='lat' dir='ltr'><strong>justi·</strong></span> 
     </span>
     <span class='ocr_line' id='line_1_25' title="bbox 429 3109 1620 3195; baseline -0.001 -22"><span class='ocrx_word' id='word_1_198' title='bbox 429 3109 611 3174; x_wconf 85' lang='lat' dir='ltr'><strong>ficationem</strong></span> <span class='ocrx_word' id='word_1_199' title='bbox 643 3123 851 3195; x_wconf 85' lang='lat' dir='ltr'><strong>praeparatur</strong></span> <span class='ocrx_word' id='word_1_200' title='bbox 875 3133 913 3174; x_wconf 88' lang='lat' dir='ltr'><strong>ae</strong></span> <span class='ocrx_word' id='word_1_201' title='bbox 936 3110 1115 3194; x_wconf 86' lang='lat' dir='ltr'><strong>disponitur</strong></span> <span class='ocrx_word' id='word_1_202' title='bbox 1128 3112 1170 3189; x_wconf 83' lang='lat'><strong>³),</strong></span> <span class='ocrx_word' id='word_1_203' title='bbox 1196 3123 1228 3173; x_wconf 85' lang='lat' dir='ltr'><strong>et</strong></span> <span class='ocrx_word' id='word_1_204' title='bbox 1249 3111 1300 3195; x_wconf 89' lang='lat' dir='ltr'><strong>qui</strong></span> <span class='ocrx_word' id='word_1_205' title='bbox 1321 3124 1411 3175; x_wconf 92' lang='lat' dir='ltr'><strong>recte</strong></span> <span class='ocrx_word' id='word_1_206' title='bbox 1445 3123 1620 3194; x_wconf 80' lang='lat' dir='ltr'><strong>propterea,</strong></span> 
     </span>
     <span class='ocr_line' id='line_1_26' title="bbox 430 3217 1620 3306; baseline -0.003 -24"><span class='ocrx_word' id='word_1_207' title='bbox 430 3220 502 3306; x_wconf 91' lang='lat' dir='ltr'><strong>quia</strong></span> <span class='ocrx_word' id='word_1_208' title='bbox 518 3222 557 3283; x_wconf 88' lang='lat' dir='ltr'><strong>ad</strong></span> <span class='ocrx_word' id='word_1_209' title='bbox 573 3220 850 3305; x_wconf 88' lang='lat' dir='ltr'><strong>praeparationem</strong></span> <span class='ocrx_word' id='word_1_210' title='bbox 863 3220 1105 3305; x_wconf 82' lang='lat' dir='ltr'><strong>justificationis</strong></span> <span class='ocrx_word' id='word_1_211' title='bbox 1122 3221 1298 3305; x_wconf 87' lang='lat' dir='ltr'><strong>pertinent,</strong></span> <span class='ocrx_word' id='word_1_212' title='bbox 1316 3241 1357 3283; x_wconf 82' lang='lat' dir='ltr'><strong>ex</strong></span> <span class='ocrx_word' id='word_1_213' title='bbox 1372 3219 1532 3306; x_wconf 81' lang='lat' dir='ltr'><strong>charitate</strong></span> <span class='ocrx_word' id='word_1_214' title='bbox 1548 3217 1620 3281; x_wconf 90' lang='lat' dir='ltr'><strong>hand</strong></span> 
     </span>
     <span class='ocr_line' id='line_1_27' title="bbox 430 3329 1620 3415; baseline -0.004 -23"><span class='ocrx_word' id='word_1_215' title='bbox 430 3332 616 3415; x_wconf 88' lang='lat' dir='ltr'><strong>procedunt.</strong></span> <span class='ocrx_word' id='word_1_216' title='bbox 642 3333 706 3395; x_wconf 86' lang='lat' dir='ltr'><strong>llas</strong></span> <span class='ocrx_word' id='word_1_217' title='bbox 724 3344 829 3394; x_wconf 75' lang='lat' dir='ltr'><strong>aretem</strong></span> <span class='ocrx_word' id='word_1_218' title='bbox 846 3329 916 3393; x_wconf 85' lang='lat' dir='ltr'><strong>ficri</strong></span> <span class='ocrx_word' id='word_1_219' title='bbox 933 3352 1044 3414; x_wconf 86' lang='lat' dir='ltr'><strong>posse,</strong></span> <span class='ocrx_word' id='word_1_220' title='bbox 1061 3331 1179 3393; x_wconf 89' lang='lat' dir='ltr'><strong>docent</strong></span> <span class='ocrx_word' id='word_1_221' title='bbox 1195 3333 1253 3393; x_wconf 80' lang='lat' dir='ltr'><strong>SS.</strong></span> <span class='ocrx_word' id='word_1_222' title='bbox 1271 3329 1413 3394; x_wconf 88' lang='lat' dir='ltr'><strong>Litterae</strong></span> <span class='ocrx_word' id='word_1_223' title='bbox 1430 3329 1464 3393; x_wconf 92' lang='lat' dir='ltr'><strong>iu</strong></span> <span class='ocrx_word' id='word_1_224' title='bbox 1484 3329 1620 3393; x_wconf 86' lang='lat' dir='ltr'><strong>omnibus</strong></span> 
     </span>
     <span class='ocr_line' id='line_1_28' title="bbox 430 3438 1618 3524; baseline -0.002 -22"><span class='ocrx_word' id='word_1_225' title='bbox 430 3440 490 3502; x_wconf 90' lang='lat' dir='ltr'><strong>illis</strong></span> <span class='ocrx_word' id='word_1_226' title='bbox 508 3440 605 3515; x_wconf 88' lang='lat' dir='ltr'><strong>loeis,</strong></span> <span class='ocrx_word' id='word_1_227' title='bbox 631 3441 684 3503; x_wconf 88' lang='lat' dir='ltr'><strong>ubi</strong></span> <span class='ocrx_word' id='word_1_228' title='bbox 705 3440 871 3514; x_wconf 82' lang='lat' dir='ltr'><strong>adsidam,</strong></span> <span class='ocrx_word' id='word_1_229' title='bbox 891 3439 1053 3514; x_wconf 91' lang='lat' dir='ltr'><strong>timorem,</strong></span> <span class='ocrx_word' id='word_1_230' title='bbox 1077 3461 1185 3524; x_wconf 89' lang='lat' dir='ltr'><strong>spem,</strong></span> <span class='ocrx_word' id='word_1_231' title='bbox 1203 3439 1390 3503; x_wconf 89' lang='lat' dir='ltr'><strong>charitatem</strong></span> <span class='ocrx_word' id='word_1_232' title='bbox 1408 3460 1447 3503; x_wconf 90' lang='lat' dir='ltr'><strong>ac</strong></span> <span class='ocrx_word' id='word_1_233' title='bbox 1466 3438 1618 3524; x_wconf 87' lang='lat' dir='ltr'><strong>poeniten·</strong></span> 
     </span>
     <span class='ocr_line' id='line_1_29' title="bbox 430 3547 1620 3632; baseline -0.003 -21"><span class='ocrx_word' id='word_1_234' title='bbox 430 3549 506 3611; x_wconf 90' lang='lat' dir='ltr'><strong>tiam</strong></span> <span class='ocrx_word' id='word_1_235' title='bbox 523 3570 584 3610; x_wconf 92' lang='lat' dir='ltr'><strong>nos</strong></span> <span class='ocrx_word' id='word_1_236' title='bbox 601 3549 760 3622; x_wconf 80' lang='lat' dir='ltr'><strong>excitant,</strong></span> <span class='ocrx_word' id='word_1_237' title='bbox 784 3571 844 3612; x_wconf 90' lang='lat' dir='ltr'><strong>uec</strong></span> <span class='ocrx_word' id='word_1_238' title='bbox 868 3570 931 3611; x_wconf 93' lang='lat' dir='ltr'><strong>non</strong></span> <span class='ocrx_word' id='word_1_239' title='bbox 950 3548 1126 3613; x_wconf 87' lang='lat' dir='ltr'><strong>Concilium</strong></span> <span class='ocrx_word' id='word_1_240' title='bbox 1161 3549 1399 3623; x_wconf 71' lang='lat' dir='ltr'><strong>tridentinum,</strong></span> <span class='ocrx_word' id='word_1_241' title='bbox 1431 3570 1532 3632; x_wconf 90' lang='lat' dir='ltr'><strong>quum</strong></span> <span class='ocrx_word' id='word_1_242' title='bbox 1561 3547 1620 3609; x_wconf 87' lang='lat' dir='ltr'><strong>illas</strong></span> 
     </span>
     <span class='ocr_line' id='line_1_30' title="bbox 430 3657 1620 3745; baseline -0.002 -27"><span class='ocrx_word' id='word_1_243' title='bbox 430 3657 565 3718; x_wconf 79' lang='lat' dir='ltr'><strong>virtutes</strong></span> <span class='ocrx_word' id='word_1_244' title='bbox 583 3658 621 3720; x_wconf 90' lang='lat' dir='ltr'><strong>ad</strong></span> <span class='ocrx_word' id='word_1_245' title='bbox 633 3657 874 3740; x_wconf 80' lang='lat' dir='ltr'><strong>justificationis</strong></span> <span class='ocrx_word' id='word_1_246' title='bbox 898 3658 1034 3745; x_wconf 79' lang='lat' dir='ltr'><strong>gratiam</strong></span> <span class='ocrx_word' id='word_1_247' title='bbox 1057 3660 1314 3742; x_wconf 87' lang='lat' dir='ltr'><strong>consequendam</strong></span> <span class='ocrx_word' id='word_1_248' title='bbox 1331 3657 1541 3722; x_wconf 85' lang='lat' dir='ltr'><strong>necessarias</strong></span> <span class='ocrx_word' id='word_1_249' title='bbox 1557 3675 1620 3719; x_wconf 87' lang='lat' dir='ltr'><strong>esse</strong></span> 
     </span>
     <span class='ocr_line' id='line_1_31' title="bbox 432 3765 1619 3852; baseline -0.003 -24"><span class='ocrx_word' id='word_1_250' title='bbox 432 3765 576 3828; x_wconf 89' lang='lat' dir='ltr'><strong>decernit</strong></span> <span class='ocrx_word' id='word_1_251' title='bbox 588 3765 624 3844; x_wconf 82' lang='lat'><strong>⁴).</strong></span> <span class='ocrx_word' id='word_1_252' title='bbox 652 3768 741 3843; x_wconf 77' lang='lat' dir='ltr'><strong>Quod</strong></span> <span class='ocrx_word' id='word_1_253' title='bbox 766 3767 897 3852; x_wconf 85' lang='lat' dir='ltr'><strong>insuper</strong></span> <span class='ocrx_word' id='word_1_254' title='bbox 922 3770 1078 3842; x_wconf 84' lang='lat' dir='ltr'><strong>declarat,</strong></span> <span class='ocrx_word' id='word_1_255' title='bbox 1105 3767 1316 3841; x_wconf 90' lang='lat' dir='ltr'><strong>attritionem,</strong></span> <span class='ocrx_word' id='word_1_256' title='bbox 1339 3787 1419 3851; x_wconf 89' lang='lat' dir='ltr'><strong>quae</strong></span> <span class='ocrx_word' id='word_1_257' title='bbox 1437 3787 1483 3830; x_wconf 85' lang='lat' dir='ltr'><strong>ex</strong></span> <span class='ocrx_word' id='word_1_258' title='bbox 1499 3765 1619 3850; x_wconf 92' lang='lat' dir='ltr'><strong>turpitu-</strong></span> 
     </span>
     <span class='ocr_line' id='line_1_32' title="bbox 432 3874 1620 3964; baseline -0.003 -27"><span class='ocrx_word' id='word_1_259' title='bbox 432 3874 513 3938; x_wconf 90' lang='lat' dir='ltr'><strong>dinis</strong></span> <span class='ocrx_word' id='word_1_260' title='bbox 536 3875 659 3959; x_wconf 85' lang='lat' dir='ltr'><strong>peccati</strong></span> <span class='ocrx_word' id='word_1_261' title='bbox 683 3876 958 3952; x_wconf 89' lang='lat' dir='ltr'><strong>consideratione,</strong></span> <span class='ocrx_word' id='word_1_262' title='bbox 981 3879 1029 3941; x_wconf 87' lang='lat' dir='ltr'><strong>vel</strong></span> <span class='ocrx_word' id='word_1_263' title='bbox 1053 3899 1095 3941; x_wconf 78' lang='lat' dir='ltr'><strong>ex</strong></span> <span class='ocrx_word' id='word_1_264' title='bbox 1117 3879 1283 3964; x_wconf 82' lang='lat' dir='ltr'><strong>gehennae</strong></span> <span class='ocrx_word' id='word_1_265' title='bbox 1301 3889 1331 3940; x_wconf 88' lang='lat' dir='ltr'><strong>et</strong></span> <span class='ocrx_word' id='word_1_266' title='bbox 1348 3897 1531 3960; x_wconf 81' lang='lat' dir='ltr'><strong>poenarum</strong></span> <span class='ocrx_word' id='word_1_267' title='bbox 1548 3885 1620 3938; x_wconf 88' lang='lat' dir='ltr'><strong>metu</strong></span> 
     </span>
     <span class='ocr_line' id='line_1_33' title="bbox 432 3982 1618 4070; baseline -0.003 -22"><span class='ocrx_word' id='word_1_268' title='bbox 432 3985 642 4049; x_wconf 84' lang='lat' dir='ltr'><strong>communiter</strong></span> <span class='ocrx_word' id='word_1_269' title='bbox 665 3984 878 4070; x_wconf 89' lang='lat' dir='ltr'><strong>concipiatur,</strong></span> <span class='ocrx_word' id='word_1_270' title='bbox 903 4008 977 4050; x_wconf 84' lang='lat' dir='ltr'><strong>esse</strong></span> <span class='ocrx_word' id='word_1_271' title='bbox 1000 3988 1118 4049; x_wconf 93' lang='lat' dir='ltr'><strong>donum</strong></span> <span class='ocrx_word' id='word_1_272' title='bbox 1141 3986 1216 4060; x_wconf 85' lang='lat' dir='ltr'><strong>Dei,</strong></span> <span class='ocrx_word' id='word_1_273' title='bbox 1239 3998 1271 4049; x_wconf 88' lang='lat' dir='ltr'><strong>et</strong></span> <span class='ocrx_word' id='word_1_274' title='bbox 1294 3985 1434 4070; x_wconf 80' lang='lat' dir='ltr'><strong>Spiritus</strong></span> <span class='ocrx_word' id='word_1_275' title='bbox 1462 3989 1497 4050; x_wconf 85' lang='lat' dir='ltr'><strong>S.</strong></span> <span class='ocrx_word' id='word_1_276' title='bbox 1523 3982 1618 4069; x_wconf 89' lang='lat' dir='ltr'><strong>impul·</strong></span> 
     </span>
     <span class='ocr_line' id='line_1_34' title="bbox 432 4092 1618 4180; baseline -0.005 -22"><span class='ocrx_word' id='word_1_277' title='bbox 432 4116 517 4169; x_wconf 93' lang='lat' dir='ltr'><strong>sum,</strong></span> <span class='ocrx_word' id='word_1_278' title='bbox 534 4117 595 4180; x_wconf 90' lang='lat' dir='ltr'><strong>quo</strong></span> <span class='ocrx_word' id='word_1_279' title='bbox 613 4095 782 4180; x_wconf 87' lang='lat' dir='ltr'><strong>poenitens</strong></span> <span class='ocrx_word' id='word_1_280' title='bbox 800 4097 941 4179; x_wconf 89' lang='lat' dir='ltr'><strong>adjutus,</strong></span> <span class='ocrx_word' id='word_1_281' title='bbox 958 4095 1041 4159; x_wconf 85' lang='lat' dir='ltr'><strong>viam</strong></span> <span class='ocrx_word' id='word_1_282' title='bbox 1059 4096 1120 4159; x_wconf 86' lang='lat' dir='ltr'><strong>sibi</strong></span> <span class='ocrx_word' id='word_1_283' title='bbox 1137 4094 1345 4180; x_wconf 87' lang='lat' dir='ltr'><strong>adjustitiam</strong></span> <span class='ocrx_word' id='word_1_284' title='bbox 1370 4107 1465 4178; x_wconf 88' lang='lat' dir='ltr'><strong>paret</strong></span> <span class='ocrx_word' id='word_1_285' title='bbox 1480 4096 1516 4174; x_wconf 81' lang='lat'><strong>⁵).</strong></span> <span class='ocrx_word' id='word_1_286' title='bbox 1537 4092 1618 4156; x_wconf 83' lang='lat' dir='ltr'><strong>llein·</strong></span> 
     </span>
     <span class='ocr_line' id='line_1_35' title="bbox 432 4199 1618 4288; baseline -0.006 -21"><span class='ocrx_word' id='word_1_287' title='bbox 432 4207 470 4269; x_wconf 90' lang='lat' dir='ltr'><strong>de</strong></span> <span class='ocrx_word' id='word_1_288' title='bbox 488 4205 516 4269; x_wconf 90' lang='lat' dir='ltr'><strong>si</strong></span> <span class='ocrx_word' id='word_1_289' title='bbox 534 4205 729 4269; x_wconf 88' lang='lat' dir='ltr'><strong>eontrarium</strong></span> <span class='ocrx_word' id='word_1_290' title='bbox 746 4206 852 4268; x_wconf 88' lang='lat' dir='ltr'><strong>locum</strong></span> <span class='ocrx_word' id='word_1_291' title='bbox 877 4205 1050 4268; x_wconf 89' lang='lat' dir='ltr'><strong>obtineret:</strong></span> <span class='ocrx_word' id='word_1_292' title='bbox 1084 4205 1179 4268; x_wconf 92' lang='lat' dir='ltr'><strong>homo</strong></span> <span class='ocrx_word' id='word_1_293' title='bbox 1204 4216 1338 4288; x_wconf 90' lang='lat' dir='ltr'><strong>peccato</strong></span> <span class='ocrx_word' id='word_1_294' title='bbox 1373 4204 1503 4267; x_wconf 87' lang='lat' dir='ltr'><strong>mortali</strong></span> <span class='ocrx_word' id='word_1_295' title='bbox 1534 4199 1618 4265; x_wconf 80' lang='lat' dir='ltr'><strong>semel</strong></span> 
     </span>
     <span class='ocr_line' id='line_1_36' title="bbox 431 4312 1617 4401; baseline -0.006 -24"><span class='ocrx_word' id='word_1_296' title='bbox 431 4315 569 4378; x_wconf 84' lang='lat' dir='ltr'><strong>infectus</strong></span> <span class='ocrx_word' id='word_1_297' title='bbox 591 4337 749 4401; x_wconf 90' lang='lat' dir='ltr'><strong>mmquam</strong></span> <span class='ocrx_word' id='word_1_298' title='bbox 772 4327 886 4398; x_wconf 91' lang='lat' dir='ltr'><strong>posset</strong></span> <span class='ocrx_word' id='word_1_299' title='bbox 909 4337 966 4398; x_wconf 87' lang='lat' dir='ltr'><strong>per</strong></span> <span class='ocrx_word' id='word_1_300' title='bbox 988 4335 1097 4377; x_wconf 81' lang='lat' dir='ltr'><strong>veram</strong></span> <span class='ocrx_word' id='word_1_301' title='bbox 1122 4313 1216 4377; x_wconf 90' lang='lat' dir='ltr'><strong>animi</strong></span> <span class='ocrx_word' id='word_1_302' title='bbox 1240 4312 1493 4376; x_wconf 87' lang='lat' dir='ltr'><strong>conversionem</strong></span> <span class='ocrx_word' id='word_1_303' title='bbox 1509 4312 1541 4375; x_wconf 93' lang='lat' dir='ltr'><strong>in</strong></span> <span class='ocrx_word' id='word_1_304' title='bbox 1556 4329 1617 4396; x_wconf 79' lang='lat' dir='ltr'><strong>gra·</strong></span> 
     </span>
     <span class='ocr_line' id='line_1_37' title="bbox 432 4421 1616 4508; baseline -0.008 -20"><span class='ocrx_word' id='word_1_305' title='bbox 432 4425 505 4488; x_wconf 90' lang='lat' dir='ltr'><strong>tiam</strong></span> <span class='ocrx_word' id='word_1_306' title='bbox 530 4446 602 4487; x_wconf 92' lang='lat' dir='ltr'><strong>cum</strong></span> <span class='ocrx_word' id='word_1_307' title='bbox 622 4426 691 4488; x_wconf 79' lang='lat' dir='ltr'><strong>lleo</strong></span> <span class='ocrx_word' id='word_1_308' title='bbox 716 4424 838 4497; x_wconf 86' lang='lat' dir='ltr'><strong>redire,</strong></span> <span class='ocrx_word' id='word_1_309' title='bbox 863 4444 1020 4508; x_wconf 81' lang='lat' dir='ltr'><strong>nunquam</strong></span> <span class='ocrx_word' id='word_1_310' title='bbox 1039 4445 1074 4487; x_wconf 87' lang='lat' dir='ltr'><strong>se</strong></span> <span class='ocrx_word' id='word_1_311' title='bbox 1092 4442 1284 4507; x_wconf 88' lang='lat' dir='ltr'><strong>praeparare</strong></span> <span class='ocrx_word' id='word_1_312' title='bbox 1301 4423 1339 4485; x_wconf 92' lang='lat' dir='ltr'><strong>ad</strong></span> <span class='ocrx_word' id='word_1_313' title='bbox 1352 4421 1616 4506; x_wconf 85' lang='lat' dir='ltr'><strong>justificationem.</strong></span> 
     </span>
    </p>
   </div>
   <div class='ocr_carea' id='block_1_5' title="bbox 435 4660 1613 4932">
    <p class='ocr_par' dir='ltr' id='par_1_5' title="bbox 439 4660 1613 4932">
     <span class='ocr_line' id='line_1_38' title="bbox 540 4660 1613 4743; baseline -0.006 -20.92"><span class='ocrx_word' id='word_1_314' title='bbox 540 4661 623 4743; x_wconf 80' lang='lat' dir='ltr'><strong>¹)Of</strong></span> <span class='ocrx_word' id='word_1_315' title='bbox 621 4664 755 4725; x_wconf 85' lang='lat' dir='ltr'><strong>..Ezech</strong></span> <span class='ocrx_word' id='word_1_316' title='bbox 775 4661 826 4733; x_wconf 90' lang='grc'><strong>13,</strong></span> <span class='ocrx_word' id='word_1_317' title='bbox 844 4660 955 4726; x_wconf 79' lang='grc'><strong>30-3</strong></span> <span class='ocrx_word' id='word_1_318' title='bbox 958 4662 1103 4727; x_wconf 74' lang='grc'>230111.</span> <span class='ocrx_word' id='word_1_319' title='bbox 1122 4661 1187 4733; x_wconf 93' lang='grc'><strong>21</strong></span> <span class='ocrx_word' id='word_1_320' title='bbox 1172 4660 1269 4723; x_wconf 65' lang='grc'>1231.</span> <span class='ocrx_word' id='word_1_321' title='bbox 1296 4661 1390 4726; x_wconf 86' lang='lat' dir='ltr'><strong>Joan</strong></span> <span class='ocrx_word' id='word_1_322' title='bbox 1408 4660 1440 4736; x_wconf 83' lang='lat'><strong>3,</strong></span> <span class='ocrx_word' id='word_1_323' title='bbox 1457 4661 1534 4723; x_wconf 86' lang='lat' dir='ltr'><strong>4ss.</strong></span> <span class='ocrx_word' id='word_1_324' title='bbox 1556 4660 1613 4718; x_wconf 78' lang='lat' dir='ltr'><strong>Luc.</strong></span> 
     </span>
     <span class='ocr_line' id='line_1_39' title="bbox 439 4750 1611 4836; baseline -0.002 -23"><span class='ocrx_word' id='word_1_325' title='bbox 434 4751 580 4819; x_wconf 63' lang='grc'>1,,3113</span> <span class='ocrx_word' id='word_1_326' title='bbox 602 4751 650 4834; x_wconf 76' lang='grc'><strong>15,</strong></span> <span class='ocrx_word' id='word_1_327' title='bbox 671 4752 767 4817; x_wconf 81' lang='lat' dir='ltr'><strong>18ss.</strong></span> <span class='ocrx_word' id='word_1_328' title='bbox 788 4753 962 4828; x_wconf 86' lang='grc'>18,13-1</span> <span class='ocrx_word' id='word_1_329' title='bbox 949 4713 1070 4836; x_wconf 77' lang='lat' dir='ltr'><strong>14.‚i9</strong></span> <span class='ocrx_word' id='word_1_330' title='bbox 1088 4753 1165 4815; x_wconf 84' lang='lat' dir='ltr'><strong>8ss.</strong></span> <span class='ocrx_word' id='word_1_331' title='bbox 1183 4750 1354 4826; x_wconf 67' lang='grc'><strong>234081.</strong></span> <span class='ocrx_word' id='word_1_332' title='bbox 1372 4754 1444 4817; x_wconf 85' lang='lat' dir='ltr'><strong>Aet.</strong></span> <span class='ocrx_word' id='word_1_333' title='bbox 1463 4750 1554 4826; x_wconf 87' lang='grc'><strong>2,33.</strong></span> <span class='ocrx_word' id='word_1_334' title='bbox 1569 4758 1611 4807; x_wconf 71' lang='lat' dir='ltr'><strong>etc</strong></span> 
     </span>
     <span class='ocr_line' id='line_1_40' title="bbox 435 4837 1610 4932; baseline -0.002 -29.876"><span class='ocrx_word' id='word_1_335' title='bbox 435 4844 670 4924; x_wconf 79' lang='lat' dir='ltr'><strong>-—)‘²Ol&#39;.ll.om.</strong></span> <span class='ocrx_word' id='word_1_336' title='bbox 684 4844 828 4928; x_wconf 89' lang='grc'><strong>121</strong></span> <span class='ocrx_word' id='word_1_337' title='bbox 840 4847 1012 4924; x_wconf 82' lang='lat' dir='ltr'><strong>³)L.c.—</strong></span> <span class='ocrx_word' id='word_1_338' title='bbox 1030 4801 1340 4926; x_wconf 64' lang='grc' dir='ltr'><strong>4)3113314.ο4.-</strong></span> <span class='ocrx_word' id='word_1_339' title='bbox 1350 4837 1610 4932; x_wconf 80' lang='lat' dir='ltr'><strong>⁵.,)Matthttts</strong></span> 
     </span>
    </p>
   </div>
   <div class='ocr_carea' id='block_1_6' title="bbox 0 0 1900 5625">
    <p class='ocr_par' dir='ltr' id='par_1_6' title="bbox 0 0 1900 5625">
     <span class='ocr_line' id='line_1_41' title="bbox 0 0 1900 5625; baseline 0 0"><span class='ocrx_word' id='word_1_340' title='bbox 0 0 1900 5625; x_wconf 95' lang='lat' dir='ltr'><strong> </strong></span> 
     </span>
    </p>
   </div>
  </div>
 </body>
</html>
