3775 5625
740 928 1051 1037 secvlo
1093 931 1159 1038 ll.

701 1154 1191 1229 Destoteviae.

750 1477 785 1570 ξ.
804 1479 869 1548 11.
896 1478 1149 1549 'transitio

457 1634 626 1709 Hucusque
655 1632 807 1690 hominem
830 1632 1002 1709 generatim
1029 1633 1309 1704 consideravimus;
1338 1653 1421 1706 nunc
1446 1644 1540 1693 autem

349 1744 510 1821 speciatim
528 1744 759 1819 expendendum
776 1752 835 1811 est,
847 1744 995 1819 quomodo
1013 1744 1079 1817 ipse
1096 1743 1194 1801 relate
1212 1744 1248 1801 ad
1265 1744 1357 1803 finem
1368 1762 1459 1803 suum
1476 1745 1541 1803 ulti·

349 1874 429 1912 mum
448 1874 482 1912 se
499 1856 529 1911 in
545 1853 602 1913 hac
620 1853 685 1912 vita
701 1852 824 1921 habeat,
849 1861 880 1909 ct
896 1852 1058 1927 aliquando
1080 1862 1151 1927 post
1167 1862 1297 1911 mortem
1313 1853 1479 1912 habiturus
1494 1854 1541 1919 sit,

349 1983 404 2022 seu
422 1965 521 2041 qualis
544 1962 737 2021 sithominis
760 1970 860 2019 status
883 1960 964 2018 viae
987 1961 1053 2019 sive
1076 1962 1294 2021 tendentiae
1316 1963 1354 2021 ad
1371 1964 1542 2034 terminum,

349 2083 381 2131 et
397 2073 495 2149 qualis
513 2073 579 2145 ejus
597 2080 697 2129 status
716 2070 877 2141 termini,
894 2070 1099 2129 fruitionis
1117 2081 1148 2130 et
1164 2073 1323 2148 patriae.
1355 2074 1389 2131 ln
1406 2072 1542 2132 sectione

349 2182 517 2257 praesenti,
534 2190 568 2237 ut
583 2198 678 2255 supra
693 2179 758 2252 jam
780 2179 993 2250 indicavimus,
1015 2198 1145 2258 agemus
1168 2180 1204 2239 de
1227 2190 1309 2240 statu
1326 2182 1407 2252 viae,
1430 2191 1543 2241 tracta·

349 2292 461 2349 tionem
481 2292 516 2348 de
534 2298 617 2347 statu
635 2289 760 2347 termini
776 2288 908 2346 sectioni
925 2290 1067 2365 sequenti
1084 2299 1296 2349 reservantes.

784 2464 896 2556 §.12
915 2463 1112 2535 Divisio.

458 2618 630 2678 Clementia
655 2619 756 2677 divina
778 2637 837 2677 non
862 2620 939 2678 satis
967 2618 1093 2687 habuit,
1118 2618 1286 2690 hominem,
1317 2620 1546 2695 praestantibus

349 2738 411 2786 tum
434 2729 527 2786 animi
551 2739 614 2787 tum
639 2729 781 2804 corporis
798 2729 919 2787 dotibus
937 2739 1089 2799 ornatum,
1111 2730 1303 2787 constituere
1324 2729 1496 2806 principem
1513 2748 1547 2789 ac

348 2840 500 2896 dominum
528 2849 710 2898 naturarum
732 2839 883 2908 omnium,
912 2859 989 2916 quae
1013 2858 1144 2915 corpore
1169 2839 1295 2917 vigent3
1322 2840 1376 2899 sed
1400 2840 1547 2899 Conditor

348 2947 591 3025 benignissimus
607 2951 638 3007 in
656 2969 745 3007 suum
762 2950 850 3025 quasi
868 2968 983 3009 vocare
1000 2950 1097 3007 voluit
1114 2949 1332 3009 consortiume
1347 2949 1418 3008 timo
1432 2949 1547 3019 fiotum,

348 3066 382 3115 ut
398 3059 589 3133 sapientiam,
608 3060 804 3120 sanctitatem
823 3068 914 3136 atque
931 3059 1112 3118 beatitatem
1130 3059 1292 3128 infinitam,
1314 3077 1372 3135 qua
1393 3059 1461 3134 ipse
1484 3060 1546 3135 pol·

347 3162 391 3225 let
408 3187 443 3227 ao
461 3169 586 3237 fruitur,
605 3189 672 3229 cum
690 3179 799 3227 natura
816 3169 912 3237 finita,
927 3179 1071 3246 quantum
1089 3170 1125 3226 ab
1143 3168 1239 3227 hacce
1258 3159 1330 3244 capi
1343 3177 1546 3244 potest,com·

347 3280 530 3342 municaret.
559 3283 591 3339 In
615 3300 673 3357 quo
696 3290 779 3339 statu
801 3280 982 3339 felicissimo
1005 3281 1088 3337 nulla
1109 3297 1234 3337 carnem
1256 3281 1338 3338 inter
1355 3288 1387 3336 et
1403 3279 1547 3354 spiritum

347 3388 516 3459 discordia,
552 3391 606 3447 scd
637 3389 864 3465 pulcherrimus
893 3389 1025 3446 omnium
1056 3388 1250 3447 stimulorum
1281 3397 1452 3446 concentus
1479 3388 1547 3455 tuit,

347 3507 438 3574 atque
460 3498 550 3556 homo
573 3518 610 3556 ex
628 3499 729 3557 divina
747 3478 949 3573 dispositione
970 3498 1001 3554 in
1018 3516 1072 3555 res
1088 3498 1254 3556 inferiores
1270 3498 1445 3573 perfectum
1462 3497 1546 3575 regi·

348 3625 416 3664 men
434 3608 541 3665 tenuit.

454 3719 599 3774 Attamen
615 3715 681 3788 jam
705 3724 942 3790 protoparentes
966 3724 1035 3773 astu
1057 3726 1185 3775 satanae
1203 3716 1318 3774 misere
1336 3717 1466 3792 decepti,
1488 3737 1547 3776 non

347 3836 528 3883 manserunt
548 3826 577 3883 in
600 3825 658 3884 hac
679 3826 863 3897 innocentia,
886 3825 964 3901 ipsis
982 3826 1308 3895 divinitusconcessa,
1334 3826 1390 3884 sed
1406 3829 1547 3886 volentes

348 3953 418 3992 csse
433 3936 514 3994 sicut
528 3937 578 4008 dii,
592 3936 662 3993 inde
679 3935 856 4013 lugubriter
874 3946 945 3994 sunt
963 3936 1091 3998 detrusi.
1107 3939 1205 4013 Atque
1223 3935 1281 3994 hoc
1296 3936 1419 3994 illorum
1435 3955 1547 4011 pecca·

346 4053 410 4103 tum
428 4063 490 4103 non
507 4055 624 4104 tantum
642 4045 728 4120 ipsis,
748 4046 801 4103 sed
820 4054 850 4103 et
868 4047 949 4103 omni
965 4064 1071 4103 eorum
1087 4045 1251 4123 propagini
1266 4045 1379 4123 ingens
1396 4046 1547 4105 malorum

346 4154 415 4211 sons
433 4155 564 4217 exstitit.
597 4155 669 4212 Inde
694 4154 820 4212 enimin
838 4173 894 4212 nos
912 4172 1029 4224 omnes,
1052 4155 1103 4231 qui
1120 4154 1156 4212 ab
1172 4155 1289 4212 ndamo
1312 4154 1465 4233 originem
1483 4164 1546 4214 tra·

346 4263 457 4331 himus,
467 4264 540 4337 jure
554 4265 642 4340 quasi
657 4264 875 4337 haereditario,
885 4274 1012 4340 praeter
1024 4272 1154 4323 mortem
1172 4272 1202 4320 et
1212 4264 1361 4339 piurimas
1372 4283 1546 4335 aerumnas,

347 4382 438 4432 aucta
455 4374 723 4449 concupiscentiae
739 4375 798 4447 vis,
819 4375 930 4432 mentis
948 4384 1038 4450 atque
1055 4374 1223 4431 voiuntatis
1240 4373 1405 4432 infirmitas
1423 4393 1459 4432 ac
1475 4393 1546 4449 per·

344 4483 496 4555 versitas,
524 4492 555 4541 et
576 4485 653 4560 quod
675 4485 823 4542 malorum
846 4502 995 4543 summum
1017 4492 1083 4551 est,
1105 4493 1269 4558 peccatum
1293 4484 1403 4558 ipsum,
1422 4492 1452 4542 et
1478 4484 1546 4542 ideo

346 4592 437 4650 etiam
460 4594 593 4668 privatio
610 4594 751 4667 justitiae
778 4603 810 4652 et
833 4593 1025 4661 sanctitatis,
1052 4602 1142 4670 atque
1165 4613 1183 4651 a
1203 4594 1272 4651 Deo
1291 4593 1414 4652 aversio
1443 4602 1547 4651 trans·

345 4701 464 4771 icrunt,
502 4703 545 4760 ita
562 4712 596 4760 ut
606 4702 670 4776 jam
688 4712 799 4761 natura
817 4703 869 4759 titii
886 4702 952 4759 irae
970 4702 1075 4760 simus.
1109 4701 1189 4761 Hinc
1211 4702 1240 4759 in
1259 4702 1440 4778 nobisipsis
1458 4721 1546 4762 accr-

345 4810 441 4869 rimas
464 4814 718 4889 continuatasque
746 4829 866 4888 pugnas
883 4810 1072 4886 experimur,
1098 4811 1168 4870 dum
1190 4829 1263 4870 caro
1286 4812 1479 4889 concupiscit
1496 4788 1556 4872 ad?
