3775 5625
1461 411 1534 491 dtu

349 595 460 655 qneac
476 576 713 653 adoracmium,
736 577 909 653 nullumque
932 595 1008 655 opus
1030 589 1163 658 peragat
1183 580 1294 640 iutuitu
1313 582 1466 641 mercedis
1483 600 1532 643 ae·

349 696 467 744 ternae.
507 684 603 760 Quam
626 704 785 744 erroneam
804 686 972 745 doctrinam
990 688 1143 745 damnavit
1165 690 1363 749 Innocentius
1386 693 1456 754 xl..
1473 696 1532 751 lle-

348 797 537 856 nelonium
569 796 843 872 archiepiscopum
879 797 1039 856 erroribus
1071 796 1157 856 hisce
1197 799 1314 874 pariter
1345 800 1533 879 implicatum

347 906 463 976 luisse,
484 914 587 964 notum
609 913 671 974 est;
697 913 800 963 notum
817 914 918 963 autem
933 906 1017 976 item,
1034 923 1093 981 qua
1109 906 1201 964 animi
1223 907 1402 967 tortitudine
1415 909 1532 983 judicio
1580 916 1585 924 '

349 1015 442 1075 Sedis
457 1015 654 1091 Apostolicae
671 1032 705 1072 se
723 1014 903 1087 subjecerit,
922 1024 952 1072 et
969 1033 1108 1073 errorem
1126 1034 1213 1075 suum
1231 1019 1436 1081 revocaverit.

451 1120 540 1183 Unde
557 1130 629 1183 ante
647 1117 754 1182 omnia
770 1130 883 1184 contra
898 1118 959 1182 hos
976 1140 1107 1185 errores
1123 1119 1428 1197 demonstrabimus,
1449 1122 1535 1189 hona

347 1250 446 1316 opera
470 1250 543 1293 csse
568 1228 744 1299 meritoria;
778 1227 890 1292 deinde
911 1228 942 1290 in
974 1227 1014 1292 iis
1046 1227 1193 1293 fiduciam
1218 1229 1353 1315 aliquam
1381 1231 1534 1298 collocari

343 1360 461 1425 posse,
493 1339 663 1402 dummodo
686 1337 837 1422 superbia
862 1349 1031 1412 caveatur,
1054 1338 1213 1423 licerequc
1235 1339 1350 1404 intuitu
1372 1341 1532 1408 mercedis

346 1460 496 1513 aeternae
513 1447 594 1510 bene
610 1445 737 1531 operari
743 1469 751 1517 ;
769 1457 834 1508 tum
851 1447 968 1509 mereri
984 1445 1035 1509 illa
1052 1459 1256 1534 augmentum
1277 1448 1417 1535 gratiae,
1438 1448 1534 1516 vitam

346 1570 511 1623 aeternam
526 1568 560 1619 et
573 1555 675 1639 ipsius
691 1554 774 1618 vitae
792 1567 941 1619 aeternae
959 1556 1237 1631 consecutionem,
1253 1577 1313 1621 nec
1329 1579 1393 1621 raon
1410 1558 1534 1645 gloriae

343 1678 568 1754 augmentum
589 1666 731 1738 tandem,
747 1683 901 1748 quaenam
927 1667 966 1730 ad
989 1666 1136 1729 meritum
1153 1665 1409 1730 constituendum
1431 1666 1533 1752 requi·

345 1788 467 1850 rantur,
484 1795 542 1839 scu
559 1774 758 1838 conditiones
775 1773 884 1857 operis
900 1774 1056 1839 meritorii
1072 1795 1280 1859 exponemus.

451 1886 539 1949 Boua
549 1886 711 1968 justorum
724 1903 823 1968 opera
838 1903 915 1947 vera
930 1903 968 1947 ac
984 1884 1115 1969 propria
1132 1885 1244 1948 rnerita
1260 1905 1344 1959 essc,
1361 1897 1393 1948 et
1409 1885 1533 1970 quidem

346 2017 411 2060 uon
428 1995 540 2058 merita
561 1996 776 2078 cujuscunque
793 1992 941 2078 praemii,
959 1994 1017 2057 sed
1032 1992 1133 2077 ipsius
1150 1994 1233 2058 vitae
1245 2006 1406 2069 aeternae,
1423 1995 1461 2058 ad
1478 2014 1532 2058 ex·

346 2125 460 2190 pressa
483 2102 556 2167 fidei
580 2102 762 2168 Catholicae
780 2104 930 2188 dogmata
946 2101 1092 2186 pertinet.
1134 2102 1352 2167 Concilium
1374 2102 1532 2167 'l'riden-

347 2214 464 2278 tiuum
485 2212 568 2276 enim
590 2212 742 2276 declarat:
782 2212 918 2295 Siquis
941 2215 1081 2291 dicerit,
1100 2219 1239 2274 dominis
1252 2218 1431 2291 justificati
1448 2215 1533 2275 bona

346 2347 447 2405 opera
471 2331 518 2385 ita
540 2344 612 2383 esce
629 2326 716 2384 dono
732 2325 794 2384 Dei
800 2367 811 2399 ,
835 2329 953 2383 utnon
969 2328 1037 2383 siut
1051 2328 1148 2383 etiam
1166 2325 1268 2383 dono
1283 2328 1389 2404 ipsius
1399 2326 1533 2402 justifl-

347 2441 413 2496 cuti
428 2440 588 2512 rneritu;
606 2441 667 2493 aut
680 2439 786 2512 ipsum
793 2436 1017 2511 justificatum
1035 2434 1128 2492 donis
1145 2434 1298 2512 operibus
1305 2477 1317 2509 ,
1336 2452 1419 2513 quae
1437 2433 1477 2492 nb
1495 2452 1531 2492 eo

340 2565 403 2625 per
424 2543 486 2603 Dei
506 2548 647 2620 qratiam
656 2587 669 2620 ,
703 2549 737 2602 et
757 2540 845 2602 Jeau
865 2541 990 2602 Curiati
1006 2548 1177 2619 meritum,
1196 2546 1293 2618 crsjuo
1308 2547 1413 2602 uicum
1430 2561 1531 2602 mem·

344 2656 441 2715 drum
456 2660 517 2730 est,
533 2656 629 2731 fiunt,
648 2672 714 2712 non
729 2672 818 2712 cere
834 2657 983 2711 mereri
1005 2659 1251 2727 aucmentum
1271 2656 1447 2728 cratiae,
1475 2656 1530 2712 ci·

345 2771 421 2826 tam
438 2768 656 2839 ueternum,
675 2766 853 2841 clipeiue
869 2766 975 2822 citae
991 2767 1198 2838 aeternna,
1222 2766 1252 2820 si
1273 2766 1381 2820 tanuen
1397 2765 1431 2821 iu
1445 2781 1528 2838 qra-

337 2880 392 2949 ,oa
409 2875 610 2951 &cesserit
633 2876 968 2951 consecutionem,
990 2877 1086 2952 utque
1111 2876 1207 2931 eham
1227 2870 1354 2945 ctoriae
1371 2889 1529 2945 cuqmcn·

344 2991 431 3045 tum:
448 3005 479 3043 u.
495 2979 521 3043 s.
534 2981 571 3059 1).

448 3089 604 3152 Probatur
636 3097 740 3149 autem
771 3086 851 3149 haec
874 3085 1007 3149 Considi
1039 3083 1180 3149 definitio
1204 3097 1316 3153 contra
1347 3085 1529 3149 Novatorcs

344 3219 429 3263 saec.
445 3198 527 3260 XVI.
541 3195 627 3260 illam
642 3194 876 3282 impugnante&

449 3311 488 3370 A.
505 3327 547 3370 ex
563 3308 622 3370 SS.
638 3303 817 3379 Litteris,
834 3301 1007 3388 etquidem

450 3439 479 3478 a.
496 3415 536 3479 iis
552 3413 698 3478 omnibus
714 3412 805 3487 locis,
821 3412 853 3476 in
870 3411 984 3496 quihus
1000 3411 1063 3476 vita
1079 3424 1209 3476 aeterua
1222 3432 1354 3496 operum
1370 3413 1529 3477 bonorum

343 3547 401 3590 me
412 3546 499 3590 rces
516 3523 705 3615 nominatur.
730 3523 810 3586 Nam
826 3522 855 3586 si
871 3521 935 3590 vita
952 3534 1082 3586 aeterna
1097 3541 1223 3585 merces
1240 3533 1301 3597 est,
1318 3522 1402 3586 bona
1420 3543 1529 3607 opera,

344 3634 457 3720 quihus
479 3634 532 3697 illa
558 3616 717 3707 redditur,
734 3631 847 3695 merita
862 3631 927 3695 sint
942 3651 1077 3695 necesse
1094 3643 1158 3702 est;
1181 3651 1275 3714 quum
1298 3629 1379 3694 haec
1396 3632 1457 3695 duro
1475 3652 1528 3696 ue·

344 3741 488 3807 cessario
506 3743 544 3806 ad
560 3762 596 3805 sc
611 3740 747 3806 invicem
757 3740 946 3814 reserantur,
964 3751 995 3802 et
1011 3759 1137 3803 merces
1153 3737 1276 3802 meritis
1287 3738 1450 3814 reddatur,
1467 3738 1528 3804 sic·

345 3864 379 3916 ut
402 3849 506 3938 gratia
528 3849 630 3937 gratis
652 3851 751 3913 datur.
774 3850 844 3913 Huc
865 3846 1024 3932 pertinent
1040 3847 1138 3910 verba
1154 3845 1396 3910 Salvatoris:
1418 3848 1527 3926 Beati,

345 3968 400 4044 qui
412 3967 670 4041 persecutionem
682 3967 855 4041 patiuntur
867 3965 1004 4038 propter
1011 3962 1201 4035 justitium:
1218 3963 1406 4037 quonium
1421 3963 1529 4037 ipso-

344 4092 430 4132 rum
456 4078 518 4131 est
536 4089 693 4145 reqnum
716 4071 928 4130 coelorum.
968 4070 1067 4129 Beati
1084 4073 1182 4146 estis,
1206 4085 1278 4126 cunt
1299 4067 1534 4127 maledicerint

344 4181 453 4257 cobis,
476 4187 509 4239 et
525 4184 693 4258 persecuti
713 4198 772 4238 ooo
784 4181 929 4255 fuerint,
953 4184 986 4237 ct
1000 4178 1147 4237 dicerint
1162 4195 1254 4235 omne
1270 4175 1392 4235 malum
1410 4177 1530 4235 adoer-

344 4311 419 4350 cum
439 4309 497 4349 cos
517 4295 725 4363 mentientes,
740 4293 876 4367 propter
891 4307 959 4347 mc:
989 4288 1127 4363 quudete
1143 4293 1176 4346 et
1190 4285 1356 4361 edulitate,
1376 4289 1530 4365 quonium

346 4418 493 4458 merces
523 4404 633 4457 vestra
658 4403 791 4476 copiosa
811 4402 916 4457 estin
937 4397 1083 4472 coetum).
1122 4393 1192 4456 Nec
1212 4413 1275 4455 nou
1297 4390 1363 4455 illa:
1384 4395 1434 4454 Et
1453 4397 1529 4474 qui·

345 4527 471 4587 cunque
483 4512 596 4585 potum
615 4508 742 4566 dederit
755 4510 811 4566 uni
820 4525 864 4566 en·
879 4511 1019 4566 minimis
1028 4510 1101 4565 ictis
1115 4505 1248 4565 calicem
1266 4523 1371 4585 aquae
1384 4504 1532 4580 friqidoe

459 4741 485 4829 ¹)
503 4743 584 4806 Sese.
607 4746 635 4804 6.
660 4763 726 4803 cun.
750 4747 800 4804 22.
832 4777 876 4787 —
909 4742 936 4822 ²)
953 4741 1059 4805 Metth.
1075 4737 1112 4817 5,
1131 4734 1271 4804 10-12,
1303 4774 1344 4785 -
1378 4734 1405 4824 ³)
1421 4739 1530 4803 Matth.

359 4833 412 4920 10,
429 4832 481 4903 12.
497 4870 539 4882 -
556 4837 586 4915 ¹)
601 4834 709 4900 Matth.
724 4829 756 4912 5,
774 4829 914 4898 10-12.
