3775 5625
354 403 421 471 404

355 568 516 635 cassarius
538 570 578 633 ad
597 566 812 633 resistendum
829 565 997 631 tentationi
1013 566 1115 641 addit,
1138 578 1171 630 et
1185 565 1259 630 ideo
1278 567 1493 640 admonemur,
1506 580 1530 631 ut

353 678 423 743 illas
439 679 479 743 ab
495 677 567 764 ipso
584 697 767 742 exoremus.

460 808 503 868 B.
527 806 580 869 Ex
600 808 665 870 SS.
685 804 870 869 Patribus
901 802 1041 868 sufficiat
1056 804 1109 867 hie
1124 781 1240 868 iterum
1261 803 1394 868 unicum
1425 807 1530 891 Angu-

352 916 496 981 stinum
520 916 696 1000 allegasse,
716 914 770 1000 qui
792 912 920 979 scribit:
945 913 1043 976 Sicut
1065 922 1181 976 acratas
1196 920 1349 992 corporis
1365 919 1462 976 etiam
1472 920 1531 991 pte·

339 1031 484 1087 nimime
498 1044 611 1104 sanae,
628 1030 695 1087 nini
710 1032 852 1087 candore
876 1028 961 1085 lacis
982 1027 1113 1102 walae
1128 1045 1196 1086 non
1209 1036 1319 1100 potest
1333 1045 1481 1085 eernere:
1496 1030 1534 1085 ric

351 1138 604 1197 etltomoetiam
632 1139 933 1210 perfectissime
949 1136 1235 1211 justificatae,
1268 1139 1350 1194 nisi
1382 1145 1534 1196 aeterna

351 1251 438 1305 tace
452 1248 652 1305 divinitas
668 1247 894 1321 adjuvetur,
911 1255 1021 1306 recte
1035 1254 1257 1321 conpotem
1273 1247 1417 1307 cicere.
1442 1241 1536 1305 Sanat

349 1374 428 1431 erqo
444 1353 549 1433 Deae,
566 1372 633 1414 aon
648 1355 766 1433 uolam,
784 1364 822 1414 at
835 1358 953 1431 deleat,
973 1361 1060 1431 qaod
1071 1358 1290 1433 peccavimus,
1310 1361 1368 1415 een
1383 1364 1426 1413 at
1437 1374 1535 1429 prae·

349 1474 427 1525 etet
448 1468 581 1539 etiam,
606 1482 652 1522 ne
672 1464 923 1539 peccemav).
948 1459 1155 1545 Reliquorum
1178 1462 1250 1525 ioco
1268 1460 1417 1525 audiatur
1433 1458 1535 1525 Cone.

348 1568 681 1652 Diospolitanum,
705 1567 887 1653 quodlicet
908 1568 1033 1634 vafritie
1054 1568 1176 1655 Pelagii
1199 1571 1386 1655 deceptum,
1403 1591 1474 1633 eum
1489 1570 1534 1633 ah-

348 1678 494 1752 solverit,
521 1691 625 1741 tamen
641 1676 724 1741 inter
741 1678 924 1742 orthodoxa
939 1678 1105 1742 doctrinae
1123 1677 1242 1762 capita,
1266 1700 1347 1765 quae
1372 1679 1487 1753 voluit,
1508 1692 1536 1742 ut

347 1786 497 1874 Pelagius
523 1784 747 1861 confiteretur,
774 1788 837 1851 hoc
851 1799 1017 1852 recenset:
1042 1790 1219 1870 Fateatur,
1246 1798 1378 1868 quando
1405 1800 1534 1851 contra

347 1903 591 1961 tentationes
622 1903 1051 1977 concupiscentiaeque
1082 1903 1259 1962 illicitas
1290 1904 1532 1980 dimicamus,

346 2031 423 2072 aon
446 2031 495 2073 ea·
515 2014 684 2087 propria
708 2016 930 2089 voluntate,
957 2017 1024 2070 ned
1047 2030 1095 2071 ea
1119 2014 1326 2089 adjutorio
1352 2010 1429 2070 Dei
1451 2029 1531 2087 pro·

347 2125 482 2181 cenire
506 2123 730 2180 uictoriam:
754 2139 819 2180 non
836 2124 1033 2180 animaliter
1049 2139 1162 2180 oetam
1178 2131 1245 2197 eet,
1264 2126 1353 2197 quod
1368 2121 1532 2197 Apostolus

345 2235 408 2291 ait:
437 2249 524 2304 „non
539 2234 691 2300 colentis,
708 2248 775 2289 non
793 2233 973 2301 currentis,
994 2238 1051 2289 red
1066 2235 1247 2291 miserentis
1263 2242 1313 2291 eet
1327 2230 1413 2289 neta
1425 2231 1463 2305 ²).
1486 2229 1529 2289 At·

348 2358 408 2421 que
434 2336 547 2401 Cone.
572 2336 872 2410 arausicanum,
897 2337 982 2421 quod
1007 2336 1165 2401 decrevit:
1190 2341 1449 2417 Aajatoriam
1471 2337 1530 2396 liei

344 2453 461 2510 etiam
484 2451 639 2509 renatis
663 2468 710 2507 ac
733 2452 885 2508 carectis
915 2467 1062 2524 semper
1078 2459 1137 2509 ert
1159 2450 1467 2528 implorandam,
1498 2455 1531 2506 ut

344 2559 535 2630 adfinem
559 2562 696 2617 bonam
724 2561 953 2635 pervenire,
979 2563 1040 2616 oei
1064 2562 1102 2617 in
1126 2562 1226 2618 bono
1248 2561 1406 2634 possint
1428 2574 1530 2634 opere

341 2672 564 2745 perdurare
582 2664 619 2741 ³).

457 2793 493 2854 0.
519 2790 650 2855 Solenni
666 2790 789 2874 judicio
813 2792 938 2855 tandem
960 2793 999 2855 ab
1019 2792 1168 2856 Ecclesia
1188 2790 1363 2856 universali
1379 2792 1410 2855 iu
1429 2791 1527 2856 Cone.

346 2900 575 2965 Tridentino
594 2901 713 2985 dogma
729 2911 876 2963 nostrum
892 2900 1065 2963 stabilitum
1084 2913 1148 2974 est,
1165 2901 1249 2985 quod
1266 2900 1392 2964 definit:
1411 2902 1452 2963 Si
1467 2906 1527 2979 quir

344 3016 478 3087 dicerit,
496 3013 791 3089 justificatam,
817 3017 868 3071 oei
890 3016 977 3072 aine
1001 3017 1172 3087 speciali
1201 3018 1365 3073 auxilio
1395 3015 1469 3073 Dei
1497 3016 1527 3069 in

344 3131 506 3199 accepta
521 3124 689 3198 justitia
703 3139 965 3196 persever-are
982 3142 1118 3201 posse,
1140 3129 1189 3181 eet
1204 3142 1276 3182 cnm
1291 3142 1329 3182 eo
1347 3142 1414 3182 non
1426 3141 1525 3198 potue:

344 3233 516 3293 anathema
533 3227 623 3309 eit4).
656 3227 759 3290 Nemo
776 3249 858 3314 ergo
875 3229 995 3312 absque
1013 3229 1147 3311 speciali
1163 3229 1222 3294 Dei
1238 3228 1345 3314 gratia
1358 3230 1393 3293 in
1410 3238 1525 3310 acceptu

339 3336 464 3423 justitia
482 3350 588 3422 potest
600 3350 848 3420 perseveranter
864 3349 962 3411 staro,
973 3350 1005 3401 et
1020 3338 1095 3402 hinc
1112 3338 1207 3402 etiam
1224 3359 1317 3401 nemo
1336 3340 1421 3402 bona
1433 3355 1526 3422 opera

344 3467 402 3530 per
422 3467 503 3531 quae
525 3445 576 3509 illa
591 3446 624 3508 in
641 3446 735 3508 nobis
752 3457 964 3509 conservatur
980 3458 1013 3509 et
1028 3459 1164 3532 augetur
1176 3451 1218 3525 5)‚
1244 3446 1352 3510 omnia
1375 3445 1525 3531 perlicere,

346 3576 403 3618 seu
420 3557 566 3618 mandata
583 3554 687 3618 divina
704 3557 888 3620 observare.
1209 3550 1215 3556 ’

455 3664 545 3741 Quod
570 3664 598 3727 si
620 3685 719 3747 porro
743 3667 840 3728 homo
865 3665 934 3728 sine
960 3665 1091 3749 speciali
1115 3667 1239 3751 gratiae
1273 3666 1399 3731 divinae
1426 3662 1525 3730 auxilio

345 3772 537 3836 tentationes
570 3794 723 3858 superare
755 3797 818 3837 non
844 3787 966 3859 potest:
1000 3777 1188 3839 necessario
1221 3777 1447 3861 consequitur,
1469 3795 1527 3838 euru

347 3895 518 3967 praccepta
538 3883 620 3968 legis
637 3884 790 3946 naturalis
808 3885 930 3956 omnia,
952 3885 1013 3948 nisi
1030 3888 1141 3948 eadem
1160 3885 1266 3948 divina
1282 3887 1390 3973 gratia
1406 3888 1527 3970 adjutos,

346 3992 518 4076 adimplere
534 4014 597 4055 non
616 4015 723 4077 posse.
750 3994 959 4058 Terrtationes
977 3995 1060 4057 enirn
1077 4016 1095 4057 a
1111 3996 1183 4080 lege
1200 4009 1356 4069 avocant,
1374 4015 1490 4081 eaeque
1504 4003 1527 4054 ut

345 4100 514 4185 plurimum
531 4101 618 4165 circa
634 4102 715 4187 legis
734 4103 886 4166 traturalis
902 4116 1076 4187 praecepta
1093 4118 1271 4187 versantur.
1295 4106 1367 4168 Lex
1383 4106 1453 4169 sine
1469 4123 1527 4190 gra·

345 4210 388 4273 tia
405 4210 547 4273 ostendit
562 4211 698 4295 quidem,
716 4232 795 4295 quae
813 4215 937 4298 agenda
953 4225 1037 4286 sunt,
1055 4235 1118 4276 non
1135 4227 1239 4277 autem
1258 4216 1327 4288 dat,
1344 4228 1379 4278 ut.
1394 4234 1528 4302 agamus:

345 4320 476 4383 Littera
493 4326 620 4401 occidit,
639 4327 776 4401 spirituo
792 4333 899 4384 antem
915 4328 1057 4399 vivificat
1068 4325 1104 4402 ⁶).
1126 4324 1208 4387 Hinc
1224 4324 1396 4409 Sapiens
1414 4327 1452 4388 dr
1467 4344 1527 4387 cou-

344 4468 604 4489 m

454 4557 479 4634 ¹)
494 4559 542 4614 De
558 4566 619 4620 nat.
637 4568 665 4619 et
677 4568 756 4636 arat.
770 4582 794 4622 o.
808 4564 896 4622 aaa.
908 4564 957 4622 29.
976 4560 1101 4642 Opp.'P.
1116 4559 1167 4624 10.
1180 4585 1204 4624 e.
1218 4561 1291 4626 140.
1303 4564 1350 4624 Cf.
1364 4569 1412 4626 De
1417 4564 1525 4642 perfect.

345 4654 423 4720 orat.
441 4667 465 4708 o.
482 4651 532 4707 21.
542 4653 627 4712 η.44.
639 4672 664 4711 e.
678 4650 752 4715 luo.
765 4688 807 4696 -
821 4653 845 4732 ²)
858 4654 890 4714 0.
904 4656 954 4713 11.
972 4655 1074 4713 Mans
1084 4657 1106 4724 i,
1127 4655 1201 4716 Oott.
1222 4657 1314 4718 Ooruc.
1334 4660 1373 4718 Τ.
1384 4655 1415 4719 4.
1430 4679 1455 4721 e.
1466 4651 1524 4718 313.

348 4771 389 4780 -
407 4739 433 4814 ³)
452 4737 527 4815 Oap.
547 4743 595 4801 10.
613 4742 659 4803 lb.
677 4744 715 4807 Τ.
733 4741 763 4804 8.
781 4765 806 4807 e.
824 4741 898 4805 714.
917 4780 959 4788 -
979 4745 1004 4826 ⁴)
1020 4746 1103 4809 sess.
1122 4749 1150 4806 6.
1168 4767 1234 4808 can.
1252 4746 1309 4813 22.
1328 4749 1373 4812 cf.
1391 4770 1416 4810 e.
1434 4754 1477 4813 13.
1493 4780 1522 4790 -

350 4828 436 4909 ⁵)1b.
456 4850 519 4890 can.
539 4834 591 4890 24.
611 4869 648 4879 --
671 4831 697 4912 ⁶)
716 4831 746 4896 2.
764 4833 833 4900 Cor.
853 4833 883 4919 3,
901 4834 931 4898 6.
