3775 5625
1413 423 1480 490 413

283 589 414 654 humani
436 588 677 663 confirmamur,
700 610 780 674 quae
802 586 973 652 debilitatis
996 587 1130 651 rationis
1148 600 1277 652 nostrae
1296 588 1480 653 contimtum

283 720 323 764 ac
339 699 487 764 omnihus
504 712 617 785 patens
634 698 851 763 testimonium
868 710 928 762 est.

283 943 322 1034 ξ.
349 945 417 1014 at.
441 949 606 1015 Potest
632 948 769 1014 homo
797 948 905 1012 ante
935 958 1068 1012 suam
1091 941 1479 1025 justificationem

281 1052 443 1140 aliqua
470 1057 591 1124 bona
609 1071 754 1141 opera
769 1052 1018 1139 perticere,
1039 1070 1128 1121 nec
1146 1050 1301 1122 omnia
1318 1051 1479 1122 inlitte-

450 1163 564 1234 tium
582 1181 726 1251 opera
742 1168 854 1231 sunt
872 1162 988 1232 vitia
1006 1179 1091 1231 seu
1107 1164 1316 1249 peccata.

369 1425 372 1431 .
394 1371 664 1447 Quemadmodum
688 1370 783 1432 homo
808 1370 948 1431 nondum
964 1367 1160 1451 justificatus
1178 1366 1345 1460 nononmi
1364 1365 1476 1429 uerita-

280 1478 324 1542 tis
344 1480 413 1543 luce
431 1479 627 1554 destituitur,
650 1482 706 1543 sed
723 1479 899 1562 insculptas
917 1478 1008 1540 cordi
1024 1478 1092 1541 veri
1110 1490 1142 1540 et
1159 1477 1239 1540 recti
1256 1476 1405 1539 notiones
1422 1497 1478 1563 ge-

280 1587 342 1662 rit,
363 1587 406 1652 ita
428 1608 552 1673 quoque
577 1589 674 1653 menti
695 1600 826 1651 nostrae
853 1584 966 1652 naturai
977 1589 1072 1672 juxta
1088 1586 1266 1651 doctrinam
1284 1585 1480 1650 Catholicam

279 1698 437 1782 quaedam
454 1697 561 1761 insunt
576 1697 673 1761 veluti
690 1698 840 1761 virtutum
858 1696 989 1760 semina.
1014 1697 1048 1759 ld
1065 1698 1182 1759 docent

392 1812 429 1869 A.
456 1807 574 1871 diserte
608 1811 672 1871 SS.
695 1807 879 1871 Litterae.
904 1805 1031 1869 Etenim
1054 1806 1231 1889 Apostolus
1248 1808 1389 1870 Paulus
1407 1805 1479 1868 loco

280 1929 357 1981 aute
379 1918 505 1980 laudato
528 1917 638 1991 tradit,
662 1916 803 1981 Gentiles
827 1938 890 1980 non
907 1915 969 1978 lide
986 1915 1176 1990 illustratos,
1194 1917 1232 1979 de
1251 1914 1364 1999 quibus
1382 1913 1479 1977 mani-

281 2028 365 2090 feste
386 2026 537 2111 loquitur,
561 2049 613 2101 ea,
637 2047 716 2111 quae
741 2026 839 2112 Legis
862 2038 950 2099 suin,
974 2038 1006 2087 et
1026 2024 1098 2087 ideo
1120 2026 1202 2087 mala
1219 2045 1293 2088 esso
1311 2035 1480 2109 nequeunt,

281 2148 397 2198 natura
413 2136 493 2199 duce
512 2136 634 2209 lacere,
659 2135 856 2199 conscientia
872 2134 933 2196 illis
953 2132 1168 2197 testimoninm
1186 2132 1387 2217 perhibente,
1413 2131 1479 2195 site

281 2246 399 2307 malum
416 2244 484 2307 sive
502 2245 631 2309 honum.
655 2247 757 2327 Atque
775 2244 813 2306 de
830 2242 943 2306 iisdem
962 2241 1019 2316 ait,
1036 2242 1137 2326 ipsos,
1155 2264 1227 2305 eum
1245 2242 1479 2329 cognmissent

279 2354 401 2427 Deum,
425 2375 487 2416 non
512 2354 597 2418 sicut
618 2354 720 2416 ileum
742 2351 945 2440 glorilicasse
955 2357 993 2432 ¹).
1019 2353 1126 2436 ltaque
1143 2351 1175 2414 in
1191 2363 1350 2435 potestate
1369 2370 1479 2412 (eorum

280 2474 368 2536 erat,
400 2463 503 2526 Deum
535 2461 735 2549 glorificare,
758 2482 853 2524 secus
875 2460 947 2523 illos
968 2463 1145 2545 Apostolus
1161 2461 1398 2544 reprehendere
1418 2480 1480 2521 mm

279 2569 464 2655 potuissct;⁴
480 2584 511 2634 et
535 2592 731 2656 nequaquam
754 2570 817 2653 ipsi
839 2570 970 2643 malum,
994 2571 1079 2654 quod
1101 2569 1261 2643 lecertmt,
1294 2568 1479 2632 necessario

279 2680 436 2744 fecerunt.
461 2682 564 2743 Porro
580 2680 613 2743 in
630 2684 663 2744 S.
681 2680 849 2764 Scriptura
874 2701 973 2764 opera
990 2679 1159 2742 Gentilium
1176 2680 1356 2752 lamlantur,
1373 2691 1404 2740 ut
1425 2680 1478 2740 olt-

280 2789 448 2854 stetricum
480 2789 764 2877 Aegyptiacarum,
797 2790 881 2874 quod
903 2788 1064 2852 tirnueriut
1081 2789 1199 2863 Deum,
1217 2800 1249 2852 et
1266 2812 1328 2851 non
1347 2787 1480 2851 l'eceeint

273 2902 372 2984 juxta
392 2913 598 2984 praeceptum
621 2899 721 2987 Regis
742 2899 895 2987 Aegypti,
917 2899 961 2962 ita
985 2911 1018 2961 ut
1039 2899 1086 2962 eis
1103 2912 1276 2984 propterea
1292 2900 1380 2962 lleus
1398 2899 1478 2960 hene

283 3008 398 3072 lecerit
411 3011 447 3087 ²).
473 3008 574 3072 Simili
591 3011 687 3072 modo
706 3009 788 3092 apud
813 3007 1068 3071 Ezechielem
1084 3009 1171 3071 Deus
1190 3019 1338 3070 testatum
1355 3006 1430 3070 lacit
1441 3012 1481 3085 ³),

282 3139 320 3181 se
335 3117 418 3203 Regi
433 3119 735 3182 Nabuchodonosor
753 3130 871 3181 terram
887 3117 1027 3203 Aegypti
1046 3117 1215 3181 tradidisse
1232 3118 1271 3179 ad
1289 3139 1360 3178 eum
1376 3136 1479 3180 reum

282 3227 459 3289 iterandum
477 3239 609 3311 propter
633 3228 747 3290 bellum
764 3226 920 3289 aduersus
939 3225 1058 3309 Tyrios
1076 3225 1209 3288 l'elicitee
1226 3238 1368 3310 gestum,
1386 3236 1481 3308 prtmt

282 3336 313 3399 ei
329 3335 543 3419 imperauerat
564 3337 633 3421 ipse
648 3345 683 3414 ²).
715 3339 818 3421 Atque
844 3337 925 3420 apud
960 3335 1155 3399 Danielem
1176 3335 1259 3397 idem
1275 3336 1345 3398 Rex
1361 3333 1479 3397 excita·

235 3514 238 3521 ,
282 3458 351 3518 tur,
368 3458 402 3508 ut
418 3459 550 3530 peccata
567 3468 625 3510 sua
641 3445 855 3531 eleemosynis
873 3445 1023 3519 redimat,
1046 3457 1079 3507 et
1094 3443 1276 3529 iniquitates
1293 3466 1368 3508 suas
1386 3443 1479 3507 mise·

283 3553 434 3619 ricordiis
458 3578 632 3641 pauperum
646 3557 681 3636 ⁶).
707 3557 798 3634 Quod
821 3555 849 3620 si
872 3576 953 3642 ergo
976 3553 1148 3617 infidelium
1166 3576 1264 3638 opera
1282 3553 1411 3617 totidem
1429 3576 1478 3617 es-

282 3676 357 3729 seut
380 3679 527 3748 peccata:
552 3667 640 3730 Deus
664 3679 852 3750 peccatores
875 3675 1098 3727 retuuueeatus
1123 3676 1226 3738 esset,
1252 3664 1304 3749 qui
1323 3662 1479 3747 justitiam

282 3772 402 3858 diligit,
423 3787 455 3838 et
479 3774 541 3838 lalli
563 3777 647 3838 nullo
670 3776 766 3838 modo
783 3787 904 3858 potest;
930 3785 1064 3858 propter
1081 3793 1165 3836 nova
1182 3784 1314 3857 peccata
1333 3785 1478 3856 peccato-

280 3903 356 3946 rum
379 3883 627 3947 commissorum
649 3883 772 3947 veniam
795 3885 899 3955 daret;
926 3895 958 3946 et
974 3903 1110 3967 peccare
1144 3881 1367 3945 consuluisset.
1394 3884 1480 3958 Quae

280 3991 460 4068 affirmare,
479 3993 644 4056 rnanileste
661 3993 790 4077 impium
808 4004 858 4056 est
874 4014 912 4056 ac
929 3993 1147 4076 blasphemum
1161 3992 1196 4071 ⁶).
1223 3993 1423 4074 Quapropter

393 4104 434 4163 B.
467 4101 715 4188 Augustinus
748 4103 858 4175 docet,
890 4123 964 4165 esse
996 4101 1170 4164 iulideliutn
1202 4101 1356 4186 quaedam
1388 4100 1480 4175 lacta,

279 4231 366 4298 quac
383 4212 558 4274 secuudum
575 4210 720 4296 justitiae
743 4213 887 4297 regulam
908 4233 972 4274 non
996 4223 1116 4275 tantum
1132 4209 1306 4294 vituperari
1323 4232 1385 4273 non
1405 4232 1478 4294 pos-

279 4332 372 4395 sunt,
393 4340 503 4383 verum
520 4320 738 4384 etiammerito
756 4333 908 4405 recteque
926 4322 1100 4393 laudantur,
1112 4319 1206 4404 idque
1222 4319 1295 4382 inde
1308 4319 1389 4393 lieri,
1407 4320 1479 4404 quia

276 4432 315 4497 in
334 4429 440 4495 anima
456 4443 567 4494 nostra
583 4430 690 4517 imago
702 4431 761 4494 Dei
779 4442 982 4493 terrenorum
992 4427 1162 4494 affectuum
1173 4430 1242 4492 labe
1254 4428 1334 4492 haud
1345 4426 1474 4491 omniuo

394 4671 417 4751 ¹)
434 4672 520 4729 llom.
539 4672 570 4745 2,
589 4667 730 4732 14-15.
750 4669 849 4743 1,21.
868 4707 907 4716 —-
928 4667 955 4754 ²)
973 4671 1072 4731 Exod.
1089 4668 1114 4744 l,
1129 4669 1180 4732 17.
1193 4667 1246 4732 20.
1265 4705 1306 4713 ——
1328 4667 1350 4748 ³)
1367 4667 1478 4729 Ezech.

276 4761 338 4834 29,
360 4758 501 4824 1840.
518 4797 562 4806 —-
580 4766 607 4839 ⁴)
625 4761 670 4822 Ol.
687 4763 900 4844 Hieronym.
917 4766 958 4822 In
974 4765 1080 4824 Ezech.
1099 4761 1117 4824 l.
1137 4782 1161 4824 e.
1180 4797 1220 4808 -
1240 4763 1265 4842 ⁵)
1278 4761 1359 4821 Dan.
1377 4757 1407 4831 4,
1425 4757 1478 4822 24.

280 4891 323 4904 ..
346 4847 374 4939 ⁶)
392 4851 436 4914 Ol.
455 4854 560 4917 Matth.
579 4849 610 4925 5,
627 4850 680 4915 47.
