3775 5625
1470 393 1536 461 295

342 572 482 642 praest,
505 580 671 640 nonquam
691 565 818 622 erroris
832 562 975 638 alicujus
994 580 1050 622 eoa
1066 565 1312 642 insimularunt,
1339 568 1395 641 qui
1410 567 1467 624 illo
1485 567 1539 624 usi

344 673 465 749 saw).
482 672 585 755 Atque
601 669 681 733 alter
697 665 839 733 Nestorii
856 666 976 740 fautor,
993 666 1279 742 Theodoretus,
1296 680 1442 744 testatur,
1458 669 1536 734 atru-

346 777 521 865 qeiasimos
537 776 720 843 Catholicae
735 775 811 842 fidei
825 797 1005 862 praecones
1021 798 1063 841 ex
1079 776 1266 862 Apostolica
1279 776 1465 843 'l'raditione
1482 780 1537 842 do-

346 886 470 963 cuisse,
496 900 632 952 matrem
648 884 777 951 Domini
797 887 1036 952 memorandam
1060 887 1289 973 colendamque
1309 906 1385 952 esse
1405 900 1441 951 ut
1462 888 1535 954 Dei·

345 994 582 1085 geniuicaw).

451 1112 479 1170 b.
495 1106 582 1171 Illam
597 1125 697 1190 porro
714 1102 973 1191 praerogativam
989 1116 1061 1169 autc
1078 1102 1222 1169 Nestorii
1239 1116 1384 1191 tempora
1399 1106 1539 1172 omrrium

346 1235 472 1303 quoque
482 1212 621 1279 bdelium
633 1234 692 1279 ora
702 1213 915 1288 celebrabant,
925 1212 971 1279 ita
980 1226 1016 1277 ut
1031 1212 1207 1279 Julianus
1223 1216 1440 1302 Augustus,
1456 1229 1539 1283 teste

346 1322 551 1410 cyrillo⁸),
574 1323 606 1388 id
623 1321 815 1390 Christianis
832 1324 1063 1409 exprobraret:
1086 1326 1151 1387 Vna
1166 1326 1312 1388 Mariam
1327 1332 1541 1390 revocassetis

345 1454 465 1499 vocare
480 1434 666 1513 Deiparam.
683 1431 779 1507 llinc,
803 1444 837 1497 ut
851 1429 935 1497 idam
953 1431 1089 1518 Cyrillus
1111 1445 1234 1507 narrat,
1261 1455 1334 1499 curn
1354 1434 1539 1500 Dorotheus

343 1554 517 1629 praesente
533 1554 568 1608 et
581 1542 714 1627 jubente
735 1540 889 1607 Nestorio
909 1540 1036 1627 publice
1057 1541 1209 1607 dixisset:
1234 1544 1275 1607 Si
1300 1548 1375 1623 poia
1394 1544 1541 1608 Mariam

342 1655 521 1733 Deiparaat
535 1656 676 1715 dicem:
693 1654 864 1716 mamhra
879 1656 934 1733 eit,
953 1672 1030 1715 mox
1046 1649 1163 1737 iugens
1181 1649 1279 1715 totius
1294 1651 1403 1738 populi
1420 1654 1541 1718 clamor

343 1774 379 1828 et
394 1759 553 1827 discessio
570 1772 747 1826 consecuta
762 1772 821 1826 est
840 1760 1000 1826 Nolebaut
1016 1759 1100 1825 enim
1117 1757 1233 1826 diutius
1251 1782 1324 1826 cum
1339 1768 1387 1826 eo‘
1399 1784 1540 1828 commu·

342 1870 476 1935 nionem
490 1870 619 1943 babere,
636 1867 688 1955 qui
706 1868 760 1933 tali
776 1881 882 1934 mente
915 1867 1031 1955 talique
1049 1890 1148 1935 sensu
1164 1869 1329 1954 praeditus
1345 1882 1443 1935 esset.
1461 1870 1541 1937 Cum

343 1991 453 2044 autem
490 1975 705 2043 Concilium
736 1974 973 2061 Ephesiorum
997 1975 1149 2042 Nestoris
1181 1978 1313 2064 ejusque
1339 1976 1454 2064 impiae
1485 1980 1540 2043 do·

343 2085 468 2154 ctriuae
483 2086 651 2150 anathema
667 2083 821 2151 dixisset:
838 2086 901 2149 hoc
917 2086 1082 2151 decretum
1098 2087 1253 2171 synodale
1269 2084 1450 2153 incredibili
1461 2086 1540 2177 ¹lide-

340 2196 421 2264 lium
438 2194 590 2279 applausu
610 2205 643 2258 et
662 2193 876 2281 gratulatione
893 2205 1065 2280 exceptum
1088 2206 1148 2259 cst.
1182 2192 1241 2274 Qui
1261 2194 1386 2281 quidem
1411 2198 1451 2261 ab
1469 2209 1543 2261 ortu

342 2305 427 2373 solis
444 2306 483 2369 ad
497 2324 667 2389 vesperam
682 2324 783 2390 usque
800 2302 848 2368 rei
863 2302 985 2368 exitum
1000 2302 1199 2389 praestolati,
1215 2302 1394 2379 audientes,
1412 2326 1541 2371 manere

340 2418 459 2482 beatae
474 2408 600 2502 Virgini
616 2411 773 2498 Deiparae
790 2410 988 2499 dignitatem,
1001 2412 1254 2499 damnatumque,
1266 2411 1319 2500 qui
1334 2434 1405 2478 eam
1420 2412 1542 2480 violare

340 2534 567 2597 attentaverat,
583 2520 696 2587 faustis
713 2520 997 2587 acclamationibus
1021 2542 1060 2586 ac
1076 2543 1150 2587 cum
1165 2520 1269 2588 taedis
1285 2535 1319 2588 et
1335 2521 1458 2588 lacibus
1476 2523 1539 2589 dis·

341 2634 499 2701 cedentm
529 2628 713 2716 Episcopus
737 2631 778 2695 ad
799 2628 1013 2695 diversorium
1032 2651 1133 2717 usque
1154 2630 1322 2716 prosecuti
1342 2642 1426 2696 sunt.
1460 2632 1542 2696 'lum

341 2764 406 2831 par
422 2753 521 2807 totam
541 2740 655 2804 urbem
679 2759 819 2826 aspensa
833 2750 909 2804 sunt
928 2738 1047 2805 lumina
1061 2739 1094 2805 in
1110 2738 1239 2829 signum
1258 2740 1407 2807 laetitiae.
1439 2744 1541 2829 Atque

341 2854 445 2919 abeo
465 2863 611 2935 tempore
632 2849 731 2913 multo
758 2849 862 2938 magis
879 2870 938 2935 per
959 2848 1100 2914 omniurn
1125 2869 1184 2915 ora
1204 2849 1367 2937 serebatur
1383 2850 1541 2938 Deiparae

331 2980 479 3035 nomen,
501 2980 563 3025 uec
578 2957 669 3023 aliter
685 2957 788 3047 Virgo
803 2958 905 3025 ldaria
920 2970 1037 3025 vocata
1052 2970 1118 3034 est,
1144 2952 1238 3046 quam
1264 2959 1372 3025 addito
1396 2959 1450 3025 illo
1475 2972 1540 3047 tam

339 3071 496 3141 excelsae
513 3067 677 3158 diguitatis
693 3067 785 3134 titulo
793 3073 832 3149 ⁴).

452 3183 493 3246 D.
509 3177 651 3264 Denique
663 3198 703 3244 ne
711 3179 807 3243 ullum
823 3191 925 3244 restet
940 3178 1080 3253 dubium,
1095 3180 1250 3244 babemus
1262 3179 1428 3244 solennem
1445 3178 1538 3245 Gon·

340 3288 435 3358 cilii
448 3286 643 3374 Ephesini
659 3285 888 3362 definitionem,
898 3287 1182 3353 anathematismos
1193 3287 1305 3373 Cyritli
1321 3287 1539 3373 approbantis,

337 3419 481 3489 ¹quorum
506 3398 534 3463 1.
556 3396 602 3462 ita
616 3399 727 3462 habet:
759 3397 800 3462 Si
822 3402 896 3478 puis
917 3418 986 3463 oon
1007 3402 1177 3476 coafitetur
1198 3397 1442 3462 Emmanuelem
1463 3419 1540 3465 nero

338 3512 452 3576 Mn
465 3529 552 3585 erae,
568 3519 602 3572 et
615 3514 654 3572 od
671 3514 706 3572 id
720 3507 758 3572 S.
780 3510 946 3587 Wryinem
961 3508 1202 3588 Deiparaou
1227 3511 1362 3590 &enuit
1374 3513 1460 3572 enim
1480 3512 1540 3597 tttp

340 3627 552 3684 incarnatum
572 3619 635 3680 Dei
656 3621 774 3681 Patria
800 3620 939 3682 Verbum
961 3624 1134 3681 secundum
1156 3619 1325 3699 cornemJ:
1347 3639 1377 3684 o.
1394 3622 1466 3697 ι’).
1496 3617 1540 3691 Et

341 3725 524 3796 Concilii
548 3725 928 3811 constantinopli..
945 3727 1158 3815 quodbabet:
1184 3726 1483 3809 seponamus,
1502 3707 1539 3806 set

340 3858 412 3902 ooo
443 3857 520 3898 oere
551 3830 874 3914 Dciqea'ritricem
903 3841 982 3900 dicit
1002 3834 1158 3918 sanctona,
1173 3841 1355 3915 yterioaoat
1375 3838 1540 3914 Virginem

339 3947 510 4011 Mariam:
529 3942 707 4023 -a„a.‘).
731 3943 868 4008 Etsane
1093 3929 1094 3933 ¹
1442 4013 1444 4019 ,
1520 3923 1523 3931 “

449 4053 492 4117 Ε.
515 4053 549 4118 Β.
571 4049 698 4140 Virgini
720 4047 878 4137 Deiparae
907 4072 1023 4116 nomen
1047 4051 1200 4140 denegari
1229 4073 1293 4116 non
1322 4044 1447 4136 potest,
1474 4050 1536 4119 nisi

339 4160 485 4229 funditus
507 4157 710 4227 subvertatur
736 4159 970 4226 lucarnationis
999 4159 1196 4247 mysterium.
1228 4161 1422 4228 Alterutrum
1452 4158 1536 4227 enim

339 4270 532 4338 necessario
554 4272 757 4336 statuendum
780 4281 861 4346 est,¹
876 4282 930 4336 aut
959 4269 1074 4346 lilium,
1103 4290 1196 4356 quem
1218 4271 1252 4336 B.
1274 4267 1377 4358 Virgo
1400 4268 1535 4355 peperit,

452 4450 478 4538 ¹)
493 4475 525 4516 o.
541 4458 571 4514 4.
587 4456 719 4535 blansi,
737 4455 812 4515 Coti.
824 4455 914 4516 Oortc.
932 4451 1013 4520 TA.
1031 4476 1058 4517 o.
1071 4451 1168 4519 1066.
1185 4489 1228 4499 -
1246 4448 1273 4539 ²)
1290 4456 1384 4514 Haer.
1395 4456 1532 4532 forbid.

340 4549 440 4610 cla.
456 4546 496 4609 Τ.
512 4543 544 4607 4.
561 4567 590 4626 p.
607 4542 684 4607 245.
701 4545 737 4609 Ο.
755 4580 797 4590 -
814 4548 843 4616 ⁸)
861 4545 948 4609 oona.
969 4545 1089 4607 Julian.
1106 4548 1126 4605 l.
1142 4549 1171 4607 8.
1194 4543 1274 4626 Opp.
1296 4545 1335 4607 Τ.
1352 4545 1383 4609 6.
1400 4547 1435 4606 Ρ.
1453 4546 1483 4615 2,.
1501 4569 1532 4626 p.

340 4628 421 4701 262.
437 4635 477 4696 D.
495 4673 537 4682 —
556 4632 581 4716 ⁴)
599 4635 644 4698 cf.
661 4636 918 4699 Liabermann.
934 4635 1037 4699 Iussit.
1054 4638 1140 4696 theol.
1156 4637 1239 4714 biog.
1249 4633 1345 4700 1831.
1356 4633 1386 4698 3.
1397 4636 1444 4698 ed.
1453 4638 1491 4699 Τ.
1501 4635 1532 4700 3.

340 4750 373 4810 p.
382 4724 461 4791 549.
471 4761 514 4772 —
524 4725 550 4807 ⁵)
565 4727 632 4790 Act.
647 4730 677 4790 5.
692 4729 754 4806 Bp.
772 4747 838 4804 syo.
854 4729 897 4786 od
913 4727 1035 4793 Coelesl.
1051 4728 1090 4787 P.
1107 4727 1236 4802 Massi,
1255 4728 1330 4790 oott.
1349 4728 1439 4790 Oeno.
1450 4728 1488 4788 Τ.
1500 4726 1531 4790 4.

341 4840 369 4886 o.
389 4814 486 4882 1332.
505 4813 602 4884 1082.
618 4854 661 4864 -
679 4822 707 4898 ⁶)
725 4820 800 4883 Oolt.
816 4820 847 4879 8.
864 4838 914 4881 an.
932 4821 960 4880 6.
977 4818 1107 4894 Manui,
1126 4817 1201 4881 Oott.
1220 4817 1310 4880 Oonc.
1328 4818 1366 4880 Τ.
1377 4814 1409 4882 9.
1420 4815 1531 4884 c.3'l9.
