3775 5625
751 756 1029 829 articulus
1058 756 1110 826 11.

714 971 781 1047 De
804 970 949 1047 indole
972 973 1163 1072 gratiae.

736 1301 761 1383 ξ.
779 1296 847 1369 92.
865 1238 1118 1386 tngreaaio.

454 1486 537 1561 Quae
560 1484 647 1544 nobie
671 1487 838 1545 seeundum
860 1488 942 1547 dicta
966 1488 997 1547 in
1018 1486 1218 1566 praecedenti
1238 1484 1370 1544 articulo
1393 1503 1526 1544 neceesa-

345 1599 393 1656 ria
409 1606 457 1655 est
474 1596 578 1674 gratia
597 1595 712 1663 divina,
745 1594 824 1655 hanc
845 1615 959 1654 revera
980 1599 1066 1655 Deua
1090 1594 1332 1673 benignissimus
1355 1595 1443 1653 nobis
1465 1614 1526 1655 eon·

345 1708 439 1779 cedit,
471 1716 503 1764 et
525 1706 645 1783 quidem
663 1715 755 1781 prout
771 1706 859 1764 nobis
877 1708 1059 1767 neccssaria
1077 1715 1144 1779 eat,
1160 1706 1190 1763 id
1207 1714 1270 1772 est,
1294 1714 1388 1780 prout
1408 1715 1525 1764 naturae

343 1837 399 1894 per
415 1826 576 1893 peceatum
593 1815 712 1891 quidem
729 1815 759 1873 in
777 1816 913 1875 deterius
931 1825 1153 1885 commutatae,
1178 1824 1312 1873 attamen
1339 1833 1398 1872 non
1417 1815 1525 1874 destru-

344 1936 412 1986 ctae
430 1946 466 1986 ac
483 1944 625 1997 eversae,
644 1934 733 2002 atque
750 1926 803 1983 lini
819 1936 927 1985 nestro
945 1926 1175 2003 supernaturali
1198 1925 1354 1988 convenit.
1393 1926 1457 1985 Dat
1475 1925 1524 1984 eei·

344 2038 417 2095 licet
434 2037 522 2094 nobie
539 2037 625 2093 Deua
643 2035 777 2113 gratiam
788 2035 1015 2109 justificantem
1032 2055 1088 2094 seu
1104 2035 1302 2105 habitualem,
1320 2053 1399 2112 quae
1416 2053 1471 2093 noe
1486 2053 1523 2092 re·

343 2146 520 2224 generando
538 2164 574 2204 ac
590 2145 774 2212 innovando,
792 2145 878 2202 nobis
895 2145 1095 2225 intrinsecus,
1112 2146 1200 2203 modo
1216 2144 1412 2220 permanenti
1427 2142 1524 2202 inhae-

342 2265 402 2325 ret,
420 2264 510 2331 atque
528 2273 583 2330 pro
601 2272 658 2311 sua
674 2263 783 2311 natura
801 2255 960 2334 augmenti
977 2273 1013 2313 ac
1030 2254 1229 2332 decrementi,
1246 2253 1386 2328 etipaius
1399 2252 1525 2311 amicale·

343 2366 391 2422 nis
409 2382 507 2440 capax
524 2373 574 2421 est
585 2386 593 2433 ;
627 2365 738 2440 datque
755 2382 849 2439 porro
867 2364 1001 2441 gratiam
1020 2365 1190 2443 actualem,
1216 2381 1294 2440 quae
1318 2372 1453 2421 mentem
1468 2361 1524 2419 illu·

345 2475 472 2531 strande
490 2482 521 2530 et
536 2473 723 2530 voluntatem
741 2474 888 2531 movendo
905 2492 962 2530 noa
980 2474 1015 2531 ad
1032 2475 1143 2531 bonum
1161 2473 1286 2552 excitat,
1303 2482 1335 2529 et
1352 2472 1382 2530 iu
1398 2472 1452 2530 illo
1467 2490 1525 2547 per·

346 2582 476 2641 liciendu
499 2581 636 2654 adjuvat,
667 2582 711 2640 ita
734 2591 767 2640 ut
789 2582 862 2640 illud
880 2600 994 2640 revera
1010 2581 1223 2657 perficiamus,
1249 2590 1301 2639 aut
1319 2582 1432 2639 saltem
1449 2578 1526 2657 peri·
1566 2635 1568 2684 Ι

346 2710 418 2750 cere
436 2710 509 2749 vere
528 2709 683 2768 queamus.
709 2690 793 2765 Quae
811 2693 897 2749 modo
915 2692 1003 2781 nobis
1020 2692 1258 2749 demonstranda
1274 2699 1357 2749 sunt.
1373 2692 1423 2749 lta
1439 2698 1526 2748 autem
1564 2691 1568 2772 l

345 2801 376 2860 in
394 2809 529 2861 tractatu
547 2801 607 2860 isto
623 2802 828 2870 versabimur,
846 2811 880 2860 ut
904 2801 990 2878 priua
1024 2802 1067 2859 de
1099 2801 1225 2860 indole
1258 2801 1415 2878 gratiae
1437 2797 1525 2858 habi·

347 2912 477 2992 tualis,
508 2912 682 2986 praemissa
714 2912 836 2970 notione
868 2911 977 2985 hujus,
1010 2930 1065 2969 eeu
1091 2911 1279 2985 justitiae
1314 2919 1407 2988 atque
1429 2909 1525 2985 jucti-

347 3021 567 3092 ficationis,
601 3031 631 3079 et
663 3022 770 3080 deinde
803 3022 844 3078 de
876 3021 1007 3079 indole
1047 3021 1200 3098 gratiae
1241 3021 1411 3080 actualia
1444 3021 1524 3078 diere·

346 3150 461 3191 centua.

919 3531 968 3599 A.

350 3714 414 3787 De
441 3712 588 3788 indole
613 3716 792 3813 gratiae
820 3714 1071 3790 habitualis
1104 3742 1178 3789 seu
1207 3714 1524 3816 justificantis.

764 3866 774 3907 l

352 4069 379 4150 5.
396 4064 465 4134 93.
495 4065 631 4135 Notio
655 4065 835 4151 gratiae
856 4065 1185 4149 justificantis,
1210 4083 1298 4137 seu
1325 4066 1527 4150 justitiae
1566 4144 1568 4151 ,

686 4174 1212 4263 atquejuscificationis.
1565 4156 1568 4283 l

460 4377 553 4439 Salus
586 4390 698 4440 clostra
731 4377 834 4440 omnis
859 4377 908 4440 his
931 4376 962 4439 in
987 4377 1082 4441 terris
1103 4378 1135 4441 in
1154 4400 1193 4442 eo
1209 4379 1357 4463 reposita
1373 4393 1441 4456 est,
1457 4376 1528 4443 utitt

353 4483 529 4568 comparati
561 4484 675 4559 sinum,
707 4488 971 4570 quemadmodum
994 4489 1168 4550 secundum
1190 4489 1391 4553 voluntatem
1413 4489 1526 4554 divinant

354 4593 530 4677 comparati
547 4614 620 4657 esse
638 4595 805 4668 debemus,
829 4607 860 4657 et
876 4608 910 4658 ut
926 4594 970 4658 ita
986 4616 1136 4682 agamus,
1170 4598 1441 4679 quemadmodum
1455 4600 1526 4681 juxta

354 4704 486 4765 eandem
516 4704 710 4767 voluntatem
743 4703 879 4767 divinam
911 4726 1009 4791 agere
1042 4706 1203 4768 debemus,
1244 4706 1279 4768 lu
1314 4707 1368 4771 ille
1403 4700 1525 4772 consistit

349 4810 473 4896 justitia
490 4833 547 4876 seu
564 4813 716 4877 sanctitas
734 4812 914 4888 habitualis,
948 4815 1014 4878 siuc
1032 4814 1158 4899 justitia
1183 4814 1376 4901 simpliciter
1398 4817 1489 4887 dicta,
1502 4811 1523 4874 it
