3775 5625
401 399 543 458 minosctc
565 397 619 475 fit,
644 405 683 457 ut
704 399 863 468 paruulus
886 396 1050 454 discedens
1072 395 1145 453 sino
1173 394 1437 469 repeseronoas's
1468 389 1663 458 Senos

402 514 526 583 noento,
559 509 686 583 quondo
719 522 812 564 mum
844 505 986 563 rationis
1016 510 1234 578 consequutus
1264 504 1342 579 erit,
1375 503 1663 564 actualitas*

401 615 521 674 Deum
538 617 625 675 odio
641 614 798 691 notent,
816 611 933 671 Deuns
955 611 1212 689 blasphemet,
1231 620 1267 672 ct
1291 613 1368 687 ispi
1383 610 1458 682 net
1480 628 1663 684 recu*

399 724 539 799 quw).
563 719 684 783 Deinde
703 718 754 803 qui
771 717 1018 802 expressionem
1039 722 1216 780 dominium
1232 722 1515 792 concupiscentiae
1534 736 1628 790 mk
1657 779 1663 792 ,

310 822 313 826 ’
402 830 484 902 lunt,
500 829 563 892 hoc
579 848 677 892 sensu
694 826 840 911 passivo,
858 826 982 891 scilicet
997 826 1097 889 relate
1113 826 1153 889 ad
1168 825 1378 901 voluntatem,
1397 824 1531 890 utillud
1548 846 1640 910 st*
1650 889 1663 906 ,

402 957 460 1021 pra
476 934 721 1020 descripsimus,
738 954 935 1020 nequaquam
953 946 1058 998 autem
1074 953 1173 998 sensu
1189 932 1304 1008 activo,
1320 933 1421 1000 relate
1436 935 1479 1000 ad
1494 934 1663 1032 ipset--1

402 1043 711 1128 concupiscentiam,
743 1042 921 1130 intelligant
952 1062 1088 1107 necesse
1110 1053 1175 1115 cst;
1201 1042 1350 1128 qnoniam
1369 1063 1469 1110 secus
1486 1044 1663 1142 sede-1¹

401 1152 539 1239 peccati,
556 1173 636 1237 quae
652 1152 684 1216 in
699 1153 864 1216 voluntate
895 1150 1083 1216 necessario
1115 1152 1297 1236 quaerenda
1312 1163 1376 1227 est,
1391 1151 1426 1216 in
1443 1165 1653 1238 concupi,

402 1260 556 1327 scentiam
579 1261 801 1325 transferrent.
828 1261 1029 1345 Quapropter
1045 1260 1104 1324 sub
1123 1259 1263 1324 dominio
1279 1260 1334 1324 illo
1351 1261 1535 1326 secundnm
1548 1284 1642 1342 re,

401 1371 517 1457 liquam
533 1369 711 1434 doctrinam
728 1368 925 1435 catholicam
941 1369 1017 1433 nihil
1035 1368 1128 1443 aliud,
1145 1389 1238 1456 qnam
1254 1371 1337 1455 quod
1349 1370 1419 1455 jam
1435 1391 1539 1458 supra
1551 1371 1631 1450 ἰῃ,

402 1478 589 1554 dicavimus,
612 1478 746 1566 intelligi
769 1491 893 1563 potest,
915 1478 1063 1543 nimirum
1087 1477 1285 1563 perversitas
1301 1498 1360 1542 seu
1376 1477 1529 1546 debilitas
1542 1502 1621 1556 vo.

402 1588 529 1653 luntatis
560 1600 708 1663 nostrae,
732 1609 794 1674 qua
815 1588 886 1673 ipsa
907 1610 968 1673 pro
990 1608 1049 1652 sua
1069 1587 1175 1651 nativa
1193 1587 1300 1652 indole
1324 1599 1375 1652 est
1390 1586 1556 1674 disposita
1572 1615 1614 1668 οι

402 1697 492 1785 quasi
513 1709 640 1783 parata,
662 1718 726 1762 non
749 1696 873 1782 quidem
896 1698 935 1760 ad
956 1697 1059 1761 Deum
1080 1695 1245 1762 actualiter
1269 1696 1343 1760 odio
1367 1696 1551 1764 habendum
1565 1721 1607 1774 et

402 1806 477 1871 nihil
498 1807 575 1872 boni
596 1808 807 1891 operandum,
828 1808 886 1870 sed
902 1808 941 1870 ad
958 1806 1164 1893 gravioribus
1188 1805 1417 1871 tentationibus
1433 1826 1500 1871 non
1514 1812 1600 1878 reni.

403 1918 549 1982 stendum
570 1927 602 1980 et
623 1917 661 1979 ad
682 1914 835 2003 graviora
865 1935 966 2000 opera
987 1916 1074 1980 bona
1093 1916 1177 1979 haud
1192 1916 1392 2001 peragenda,
1413 1915 1465 1980 vel
1484 1916 1598 2002 potius
1661 1973 1663 2008 q

402 2046 466 2089 non
487 2037 538 2089 est
558 2024 713 2109 disposita
733 2037 765 2088 et
784 2036 895 2108 parata
912 2025 952 2088 ad
969 2023 1162 2089 tentationes
1186 2022 1356 2110 graviores
1372 2024 1604 2109 reprimendus

403 2146 436 2198 et
451 2135 490 2198 ad
505 2134 591 2197 bona
606 2154 705 2218 opera
720 2132 815 2198 etiam
831 2133 984 2221 graviora
998 2133 1220 2218 perpetranda

511 2241 665 2328 Quidquid
681 2254 786 2306 autem
803 2244 906 2328 quoad
921 2243 980 2306 has
997 2243 1077 2306 duas
1093 2240 1271 2306 sententias
1294 2240 1414 2306 valeat:
1438 2242 1501 2308 boc
1521 2261 1609 2308 ccr-

402 2364 467 2416 tum
484 2362 548 2426 est,
573 2363 639 2417 tum
653 2350 824 2416 voluntatis
848 2351 1091 2435 perversionem
1110 2363 1175 2415 tum
1187 2348 1332 2435 justitiae
1349 2348 1514 2438 originalis
1525 2345 1612 2438 pri·
1660 2355 1663 2364 '

401 2458 561 2523 rationem
583 2471 751 2543 peccatum
775 2458 912 2546 originis
935 2459 997 2523 sibi
1013 2461 1193 2545 adjunctam
1209 2458 1344 2532 babere,
1361 2469 1394 2522 ct
1409 2456 1482 2524 ideo
1499 2457 1617 2524 ctiam

401 2580 538 2634 mortem
561 2567 700 2642 animae,
724 2589 786 2633 nec
810 2590 873 2631 uon
896 2568 1057 2634 defectum
1073 2566 1285 2634 sufficientiae
1301 2577 1435 2632 naturae
1452 2566 1617 2634 huiua-

404 2677 465 2741 lem
481 2679 521 2742 ad
535 2675 632 2742 finem
647 2679 789 2742 ultimum
805 2678 943 2744 hominis
961 2678 1209 2764 adipiscendum.

513 2786 662 2852 Ceterum
678 2808 756 2852 vero
775 2788 923 2874 quamdiu
938 2789 1089 2855 Ecclesia
1105 2788 1224 2856 diserte
1240 2813 1310 2858 rem
1326 2792 1412 2858 baud
1427 2783 1557 2856 definicri
1564 2788 1623 2845 t·

404 2895 511 2960 licebit
528 2895 655 2960 cuilibet
670 2895 702 2960 in
720 2918 818 2961 sensu
835 2918 894 2962 suo
920 2899 1098 2974 abundare,
1131 2901 1302 2965 dummodo
1333 2902 1451 2967 nullam
1480 2895 1623 2965 verita·

404 3018 485 3079 tem,
510 3026 603 3090 quam
620 3016 710 3069 certo
726 3008 900 3070 revelatam
917 3028 993 3072 esse
1011 3021 1153 3083 constat,
1170 3022 1269 3096 neget
1283 3023 1338 3077 aut
1361 3021 1493 3076 evertat
1519 3005 1624 3073 Nom

404 3112 564 3198 pertinere
581 3126 687 3178 autem
704 3115 924 3200 quaestionem
940 3130 1084 3182 nostram
1101 3119 1140 3182 ad
1157 3117 1287 3184 definita
1300 3119 1470 3186 Ecclesiae
1480 3116 1589 3185 Calbw
1600 3134 1622 3150 ·

405 3222 483 3288 licae
500 3223 661 3310 dogmata,
677 3236 813 3289 testatur
830 3224 924 3314 Card.
939 3226 1205 3292 Pallavicinus
1222 3227 1254 3291 in
1272 3249 1331 3293 sua
1346 3234 1486 3293 historio
1503 3229 1621 3291 θον

405 3335 473 3395 ciiii
500 3334 680 3396 Tridentini
693 3334 728 3412 ²).

642 3573 678 3665 ξ.
704 3575 772 3646 39.
795 3579 962 3649 Modus
985 3581 1353 3670 propagationis.

513 3781 583 3845 Non
601 3782 705 3847 minus
721 3783 858 3849 difficilis
885 3806 923 3850 ac
949 3787 1089 3853 obscura
1105 3802 1156 3854 est
1172 3792 1272 3854 altera
1294 3789 1441 3875 quaestio
1456 3789 1489 3854 in
1503 3802 1614 3874 prae-⁶

406 3889 488 3953 senti
514 3891 674 3966 doctrina,
701 3913 780 3978 quae
802 3895 839 3957 ad
857 3896 1001 3971 modum,
1025 3919 1087 3982 qno
1104 3911 1270 3983 peccatum
1288 3898 1446 3986 originale
1461 3898 1493 3963 in
1507 3894 1614 3963 bite

406 4011 555 4082 posteros
583 4012 738 4075 transeat,
761 4002 908 4067 refertur.
932 4004 1013 4068 Nam
1030 4026 1071 4070 ex
1088 4006 1182 4072 dictis
1200 4008 1403 4072 solummodo
1420 4019 1534 4073 certum
1545 4009 1611 4064 t⁶

407 4107 588 4193 dogmatice
619 4108 782 4174 definitum
800 4123 866 4186 est,
891 4125 1056 4196 peccatum
1081 4115 1156 4179 illud
1181 4116 1391 4204 generatione
1412 4100 1604 4202 propagati⁹

407 4215 450 4280 ita
466 4228 499 4280 ut
516 4216 618 4302 quivis
635 4219 731 4282 modo
760 4221 892 4284 naturali
918 4222 1047 4309 genitus
1065 4224 1205 4288 debitum
1221 4224 1321 4297 illius,
1338 4238 1371 4289 et
1387 4226 1450 4291 nisi
1466 4204 1601 4313 specitfi

406 4324 573 4412 privilegio
600 4325 705 4390 divino
735 4328 906 4403 eximatur,
933 4330 1028 4395 etiam
1044 4330 1118 4397 illud
1134 4333 1239 4419 ipsum
1256 4336 1434 4400 contrahat.
1458 4328 1600 4399 muner

408 4446 510 4497 tamen
527 4433 626 4507 ratio,
644 4456 704 4520 qua
720 4436 843 4502 scilicet
858 4438 890 4502 id
906 4438 977 4504 fieri
994 4441 1099 4524 possit
1115 4462 1154 4507 ac
1170 4442 1294 4514 debeat,
1312 4463 1331 4506 a
1346 4443 1418 4509 Deo
1435 4442 1522 4509 nobis
1534 4452 1594 4499 re·
1660 4487 1663 4498 η

515 4631 541 4715 1)
558 4638 653 4713 Prop.
669 4640 719 4699 49.
737 4674 778 4684 -
799 4639 822 4718 ²)
841 4642 877 4702 c.
897 4644 923 4702 o.
941 4662 965 4703 ο.
985 4646 1033 4703 10.
1051 4664 1081 4703 a.
1100 4647 1128 4704 e.
1145 4645 1238 4706 Anu.
1258 4642 1355 4708 1673.
1372 4645 1409 4709 Ρ.
1428 4642 1456 4709 1.
1473 4667 1501 4726 p.
1516 4622 1598 4705 247·
