3775 5625
345 402 412 470 232

456 586 484 630 α.
510 586 663 650 corpus.
697 563 848 628 Traditur
868 562 968 636 enirn,
990 574 1180 647 conceptum
1196 572 1230 625 ct
1246 573 1355 626 natum
1371 582 1442 625 enni
1456 581 1512 626 este

343 698 386 741 ex
407 675 506 748 Maria
528 674 671 761 Virgine.
702 675 808 736 Ecce
830 678 1050 752 concipies,
1075 671 1119 735 ait
1140 674 1314 761 Angelus
1339 673 1378 735 ad
1394 669 1519 744 hiarium,

343 792 378 847 in
393 797 500 865 utero,
528 796 559 847 et
581 789 719 863 paries
741 784 892 860 filium).
917 783 960 845 Et
975 781 1105 845 iteruin:
1125 784 1222 858 Ouod
1242 794 1432 845 noscetur
1446 793 1519 844 ecte

346 895 516 974 Sanctum,
552 899 718 956 vocabitur
751 894 861 954 Filius
883 894 947 953 Dei
960 892 996 969 ¹).
1030 894 1132 976 Atque
1156 892 1381 956 Matthaeus
1414 888 1519 956 scribit

348 1004 430 1066 Cum
452 1015 536 1065 esset
556 1010 748 1082 desponsata
767 1013 871 1064 mater·
887 1005 957 1080 ejus
973 1003 1088 1062 Mario
1104 1001 1248 1080 Joseph,
1267 1014 1443 1079 antequam
1457 1019 1519 1064 oon

345 1117 503 1189 uenirent,
528 1116 661 1172 invento
682 1122 731 1172 est
752 1115 787 1172 in
803 1121 895 1171 utero
919 1113 1069 1172 hebens
1088 1117 1127 1170 de
1143 1109 1274 1187 Spiritu
1290 1111 1327 1173 S.
1339 1113 1378 1187 ³).
1403 1109 1448 1171 Et
1461 1106 1519 1174 inl't

346 1218 430 1283 rius:
459 1219 542 1280 Cone
558 1241 635 1297 erpo
657 1230 773 1283 notus
796 1231 881 1281 esset
895 1220 999 1280 Jesus
1016 1224 1050 1279 a'n
1066 1220 1257 1281 Bethlehem
1272 1221 1365 1283 dudo
1380 1224 1418 1280 iu
1433 1222 1519 1284 dicht

346 1330 490 1391 Herodis
513 1327 661 1407 Regiv).
686 1327 889 1411 Quapropter
915 1328 1134 1411 Apostolus
1158 1328 1268 1402 docet,
1287 1326 1453 1392 Christum
1467 1345 1519 1394 ean

346 1458 388 1500 ex
403 1435 615 1510 Patriarchis,
632 1459 680 1499 eo
696 1443 841 1499 semine
855 1439 985 1499 David
999 1445 1206 1500 seeundum
1222 1458 1376 1500 cernent
1390 1440 1434 1510 ⁵),
1450 1446 1519 1526 atqu

346 1567 419 1610 curn
436 1557 532 1610 vocat
545 1549 699 1619 factum
715 1569 764 1608 err
780 1552 943 1608 mcctiere
956 1546 999 1624 ¹),
1022 1558 1055 1610 et
1070 1546 1233 1610 Elisabeth
1252 1552 1440 1622 fructum
1453 1565 1519 1612 ees

348 1661 425 1718 tris
440 1652 585 1740 Virginis
599 1656 634 1733 ’).
660 1654 781 1734 Quibus
799 1654 946 1719 omnibus
964 1677 1028 1718 non
1045 1654 1135 1729 alins,
1153 1676 1245 1740 quarn
1261 1675 1360 1719 verus
1376 1654 1519 1720 hornud·

349 1762 470 1850 signari
503 1774 625 1847 potest,
648 1761 787 1849 quinon
811 1763 952 1837 aliunde,
984 1785 1078 1849 quarn
1099 1785 1142 1828 cx
1162 1764 1263 1827 Maria
1288 1761 1423 1849 Virgine
1454 1782 1519 1828 sut

350 1893 479 1937 carnem
504 1872 646 1937 traxerit.
678 1872 750 1936 Non
774 1873 857 1935 crrirn
882 1872 984 1959 Virgo
1008 1872 1170 1957 concepit,
1193 1894 1295 1958 neque
1320 1869 1457 1957 peperit,
1475 1869 1519 1934 ni

349 1980 499 2066 quidquid
516 1980 639 2066 peperit
655 2001 698 2045 ex
716 1983 822 2045 Verbo
841 1994 1014 2066 concepto,
1032 2003 1108 2046 caro
1124 1981 1226 2066 ipsius
1243 1992 1304 2047 est.
1328 1982 1432 2044 Porro
1446 1980 1519 2044 tu·

351 2090 590 2155 circumciditur
603 2090 645 2164 ⁸),
667 2112 686 2154 a
702 2090 885 2174 pastoribus
906 2090 1021 2175 pannis
1037 2090 1197 2156 involutus
1215 2103 1247 2154 et
1263 2090 1390 2176 positus
1407 2089 1436 2152 in
1452 2109 1516 2173 prs-

351 2200 442 2285 scpio
475 2200 687 2276 invenitur¹),
703 2220 722 2264 a
737 2200 842 2287 Magis
860 2202 1013 2265 adoratur
1025 2203 1081 2274 ¹⁰),
1098 2223 1117 2266 a
1133 2201 1284 2265 Simeonc
1318 2199 1401 2263 nlnis
1431 2196 1519 2282 reci)-

354 2322 403 2373 tur
419 2311 475 2389 ¹¹),
493 2310 612 2374 erescit.
627 2323 660 2373 et,
675 2309 804 2395 prolicit
825 2324 928 2375 aetate
939 2317 997 2385 ¹²),
1014 2311 1130 2385 esurit,
1153 2310 1235 2385 sitit,
1252 2312 1393 2375 lassatur
1403 2311 1453 2389 ¹¹),
1465 2309 1507 2372 to:

353 2418 476 2496 rnit¹⁴),
494 2418 599 2483 cibum
616 2440 654 2484 ac
671 2432 780 2504 potum
797 2420 892 2484 snrnit
903 2426 962 2493 ¹⁵),
980 2421 1089 2494 docet,
1121 2421 1279 2504 lacrymas
1304 2419 1465 2497 lundit¹‘),
1479 2415 1519 2480 11

353 2527 446 2614 gellis
464 2526 621 2598 caeditur,
653 2550 730 2613 prae
757 2528 879 2592 doloris
904 2529 1077 2593 acerbitate
1095 2531 1224 2603 clamat,
1242 2529 1330 2594 cruci
1348 2528 1459 2593 affixus
1471 2543 1519 2590 nu

357 2637 503 2715 ritur'⁷),
525 2638 623 2701 latere
646 2651 757 2722 aperto
779 2616 931 2723 sepelitur
942 2637 999 2718 ¹⁸),
1023 2651 1055 2701 et
1071 2660 1089 2701 e
1106 2639 1277 2723 sepulchro
1296 2638 1454 2703 redivivus
1467 2653 1519 2722 pn:

357 2744 402 2809 dit
414 2746 464 2826 ¹¹).
490 2749 537 2811 hn
555 2747 757 2812 haecomnia
775 2747 906 2813 totidem
923 2748 1012 2813 luere
1028 2769 1180 2813 sensnum
1198 2746 1445 2822 ludificationes,
1457 2746 1519 2812 'ctu

357 2856 484 2921 homine
516 2857 717 2943 phantastico
750 2857 968 2944 praestigiae?
1000 2857 1081 2922 Hinc
1106 2870 1139 2921 et
1162 2857 1277 2943 ubique
1311 2870 1377 2922 turn
1403 2856 1519 2923 Christ!

356 2966 441 3051 ipse,
476 2979 541 3031 turn
572 2968 720 3052 Apostoli
743 2969 943 3053 decerpere
974 2969 1045 3052 ejus
1070 2970 1249 3052 loquuntur.
1281 2973 1512 3049 Proeoenm

357 3075 542 3142 Christus
566 3080 605 3142 de
625 3077 726 3143 Maria
746 3079 933 3164 Magdalcna
954 3078 1058 3162 ipsum
1077 3092 1240 3164 iringuento
1260 3079 1406 3164 pretioso
1422 3077 1519 3164 persor

357 3189 468 3260 dente,
490 3209 612 3267 unpere
634 3210 781 3265 corpus
800 3209 916 3250 meum
938 3194 973 3251 in
996 3188 1259 3268 sepultur·urn²⁰).
1289 3190 1332 3252 Et
1354 3190 1394 3254 ad
1410 3192 1519 3274 Aptale

357 3297 423 3361 los:
441 3301 597 3378 Accipite.
616 3312 649 3362 et
663 3305 832 3362 comedite:
850 3302 911 3360 hoc
928 3312 977 3362 est
992 3320 1134 3377 corpus
1157 3320 1276 3361 meum
1290 3301 1341 3377 ²¹).
1374 3303 1470 3384 Atque
1482 3295 1519 3359 ite

356 3428 442 3473 rum:
473 3411 584 3472 Videte
604 3429 739 3472 manns
760 3430 881 3488 necas,
905 3421 942 3471 et
959 3417 1090 3490 pedes,
1113 3414 1191 3487 quia
1206 3431 1266 3488 epo
1283 3415 1354 3488 ipse
1370 3407 1519 3486 sumsptfl

354 3530 442 3599 pate,
461 3531 492 3582 et
508 3525 625 3582 videte:
641 3524 718 3598 puio
735 3524 872 3598 spiritus
888 3539 1017 3580 carnem
1025 3566 1037 3598 ,
1055 3530 1087 3581 et
1102 3540 1179 3581 osso
1194 3540 1260 3581 oon
1277 3522 1385 3600 habet,
1405 3525 1519 3582 sicula

357 3631 680 3698 vineislocum).
706 3629 844 3691 Petrus
868 3648 945 3690 nero
968 3628 1006 3689 de
1024 3626 1153 3691 Christo
1178 3626 1307 3691 scribit:
1336 3630 1403 3704 Oui
1420 3630 1519 3706 pecu?

358 3749 471 3800 nostre
492 3742 560 3816 ipse
579 3742 716 3815 pertulit
732 3743 765 3799 r'n
783 3758 948 3816 corpore
968 3759 1036 3800 suo
1055 3758 1152 3816 super
1169 3744 1292 3815 lignum
1304 3737 1355 3816 ²³).
1380 3739 1423 3802 Et
1438 3740 1519 3802 duan

357 3867 440 3912 nes:
458 3851 523 3910 Ille
538 3859 643 3910 autem
659 3853 784 3910 dicebat
797 3855 836 3908 de
852 3854 968 3925 templo
993 3853 1181 3926 corporis
1204 3853 1266 3908 sui
1280 3852 1334 3925 ²⁴).
1359 3850 1458 3933 Atque
1471 3840 1519 3907 dit

464 4013 489 4094 ¹)
506 4014 579 4076 Luc.
600 4012 697 4086 1,31.
715 4050 758 4060 -
777 4015 801 4093 ¹)
819 4016 892 4074 Inue.
913 4014 939 4084 1,
959 4011 1011 4076 35.
1029 4050 1070 4059 -
1089 4009 1116 4096 ³)
1134 4014 1242 4073 Malth.
1263 4013 1291 4094 1,
1311 4013 1364 4077 18.
1388 4002 1519 4083 cf.l,1[

357 4103 410 4168 23.
428 4100 481 4168 25.
499 4102 530 4177 2,
550 4102 601 4167 11.
619 4102 672 4167 21.
698 4141 734 4150 -
753 4101 778 4190 ¹)
796 4106 902 4165 naeth.
920 4103 950 4179 2,
970 4099 1083 4188 1.-⁵)
1099 4105 1189 4165 Rom.
1205 4103 1236 4178 u,
1252 4103 1283 4167 5.
1304 4103 1334 4176 1,
1352 4094 1519 4183 3.—-¹)G¹1

357 4194 387 4267 4,
404 4194 435 4258 4.
453 4192 538 4277 —⁷)
556 4197 630 4258 Luc.
651 4193 753 4266 1,42.
771 4194 950 4276 —⁸)Lue.
975 4194 1003 4277 1,
1025 4193 1077 4258 21.
1095 4233 1138 4241 —
1157 4195 1183 4279 ⁹)
1202 4197 1280 4258 Luc.
1304 4194 1414 4268 2,12.
1438 4191 1519 4257 16.-

358 4287 398 4368 ¹⁰)
416 4285 522 4347 Matth.
541 4285 571 4361 2,
593 4286 642 4352 11.
659 4323 702 4333 —
721 4289 762 4369 ¹¹)
778 4290 854 4348 Luc.
873 4285 902 4361 2,
919 4285 973 4348 28.
985 4321 1028 4334 -
1042 4286 1079 4366 ¹²)
1097 4289 1172 4347 Luc,
1191 4285 1222 4366 2,
1239 4284 1294 4350 40.
1312 4284 1366 4349 42.
1383 4283 1436 4349 52.
1451 4275 1519 4355 328

356 4373 449 4462 -¹³)
465 4376 573 4439 Matth.
590 4376 621 4461 4,
638 4375 669 4443 2.
686 4377 739 4452 21,
759 4375 809 4440 18.
827 4375 1062 4460 Joan.4,6-t.
1078 4375 1127 4449 19,
1139 4374 1193 4442 28.
1205 4413 1246 4423 -
1264 4375 1304 4460 ¹⁴)
1323 4378 1430 4440 Matth.
1446 4372 1471 4453 8,
1484 4364 1519 4433 24·

356 4471 450 4531 Marc.
468 4466 498 4539 4,
516 4466 569 4531 38.
587 4471 661 4531 Luc.
679 4467 708 4541 8,
726 4467 779 4532 23.
798 4507 840 4515 -
860 4467 900 4552 ¹⁵)
917 4471 993 4529 Luc.
1011 4466 1041 4539 5,
1059 4466 1112 4532 29.
1133 4468 1160 4539 ἵ,
1179 4466 1231 4530 36.
1250 4465 1364 4542 22,15.
1383 4458 1519 4543 naath

361 4556 410 4633 12,
427 4556 457 4621 2.
479 4570 536 4621 etc.
554 4598 597 4606 —
616 4557 656 4643 16)
673 4560 764 4623 Joen.
793 4560 848 4634 11,
865 4556 1008 4623 33-35.
1029 4597 1068 4604 -
1093 4555 1131 4644 ¹²)
1148 4559 1256 4622 Matlh.
1285 4558 1340 4633 26,
1361 4546 1519 4629 1--21,5(1

357 4651 431 4712 Luc.
448 4647 502 4732 22,
519 4649 663 4724 40-23,
679 4650 733 4714 46.
753 4650 781 4714 1.
799 4653 880 4712 Petr.
899 4649 929 4726 2,
945 4649 999 4713 21.
1017 4685 1060 4697 -
1082 4650 1118 4731 ¹⁸)
1135 4645 1519 4728 Joan.19,34.-¹⁹)Jon=

361 4738 410 4821 19,
426 4738 571 4804 39—42.
590 4777 630 4788 -
649 4744 689 4823 ²⁰)
706 4745 798 4806 Marc.
819 4741 870 4820 14,
888 4740 918 4805 8.
937 4743 1027 4804 Joan.
1047 4739 1105 4814 12,
1123 4739 1155 4804 3.
1174 4776 1215 4787 -
1236 4741 1275 4822 ²¹)
1292 4743 1401 4806 Matth.
1418 4722 1519 4815 26ῗὲ

356 4830 401 4892 Cf.
419 4828 472 4907 26,
491 4829 642 4913 12,-¹¹)
659 4834 732 4898 Luc.
750 4831 803 4909 24,
821 4830 973 4921 39.-”)
992 4831 1020 4899 l.
1038 4834 1121 4901 Petr.
1138 4831 1169 4909 2,
1186 4830 1291 4897 24.-ν
1304 4816 1519 4918 ⁸⁴)Joan.t,tl
