3775 5625
1478 443 1544 515 888

349 612 544 679 inchoandis
560 625 592 678 ct
608 611 813 699 perficiendis
831 612 1022 697 adjuvando.
1040 612 1108 677 Nos
1125 610 1175 675 hic
1192 611 1286 676 etiam
1303 632 1367 676 non
1386 611 1424 675 de
1440 611 1545 699 gratia

349 735 498 798 externa,
516 725 573 788 scd
589 735 711 788 tantum
728 724 766 786 de
783 720 908 786 interna
923 741 1107 786 sermonem
1123 719 1327 785 instituimus.

461 834 515 898 Ex
530 833 693 919 hucusque
716 830 885 916 disputatis
901 829 1006 916 itaque
1028 829 1178 917 gratia,
1203 832 1241 894 dc
1264 850 1324 916 qua
1346 829 1543 905 disserimus,

347 956 385 1008 ut
397 942 505 1007 omnia
517 943 836 1027 comprehendamus,
850 953 900 1005 est
912 943 1052 1005 donum
1067 940 1139 1005 Dei
1155 938 1389 1027 gratuitum,
1406 960 1542 1023 snper·

348 1053 552 1126 naturale,
579 1053 625 1115 ob
649 1050 788 1116 merita
806 1050 958 1116 Christi
980 1052 1024 1116 ad
1045 1051 1210 1114 salutem
1228 1061 1403 1113 nostram
1420 1047 1542 1133 spiri-

349 1164 497 1226 tualem
513 1162 778 1245 reparandam
795 1181 837 1224 ac
853 1160 1174 1244 promovendam,
1196 1179 1255 1223 seu
1271 1159 1315 1221 ad
1331 1157 1542 1222 redemtio·

348 1270 490 1335 nemin
513 1270 632 1334 nobis
649 1269 947 1354 perficiendam,
973 1267 1088 1334 nobis
1106 1288 1357 1342 concessum,
1378 1266 1543 1331 animum

347 1379 606 1444 intrinsecus
638 1378 849 1454 afficiens,
880 1400 953 1465 quo
981 1399 1029 1442 ex
1052 1376 1217 1462 injustis
1238 1375 1339 1461 justi
1355 1375 1543 1441 acsancti

347 1487 577 1563 efficimur,
603 1490 746 1552 autad
772 1488 874 1552 hona
891 1509 1015 1573 opera
1033 1487 1249 1552 excitamur
1273 1500 1311 1551 et
1333 1487 1370 1551 in
1392 1485 1443 1549 ils
1460 1507 1540 1570 per·

347 1595 543 1661 ficicndis
561 1599 801 1681 adjuvamur.

457 1706 581 1771 Dicitur
597 1707 701 1794 gratia
718 1708 853 1771 donum
870 1705 1105 1794 gratuitum,
1123 1706 1196 1793 quia
1212 1706 1345 1780 scilicet,
1357 1715 1452 1789 prout
1467 1722 1541 1789 gra·

346 1816 395 1881 tia
421 1816 517 1881 etiam
542 1817 714 1893 naturalis,
746 1817 816 1881 sine
829 1816 1094 1903 praecedentibus
1120 1815 1243 1881 meritis
1259 1836 1302 1879 ex
1322 1826 1412 1899 parte
1429 1824 1542 1876 nostra

344 1927 555 1992 nohisaDeo
568 1928 740 1992 confertur.
757 1927 879 1992 Deinde
891 1928 1066 2011 adpellatur
1084 1928 1202 1990 donum
1218 1922 1541 2009 supernaturale,

344 2057 415 2101 non
432 2048 496 2100 tam
519 2036 667 2121 quoniam
688 2037 810 2101 viribus
826 2049 959 2101 naturae
976 2035 1157 2120 comparari
1172 2037 1256 2098 haud
1271 2045 1394 2118 potest,
1412 2032 1469 2095 sed
1486 2051 1541 2114 po·

344 2145 413 2210 tius
430 2145 522 2232 quia,
550 2158 699 2230 utsupra
716 2146 869 2222 diximus,
892 2159 1021 2231 praeter
1044 2158 1175 2210 naturae
1198 2144 1337 2208 debitum
1354 2164 1392 2207 ac
1409 2140 1541 2228 exigen-

345 2254 428 2318 tiam
445 2254 620 2329 confertur,
637 2256 724 2319 etad
740 2253 836 2319 linem
854 2256 1129 2339 supernaturalem
1146 2274 1206 2318 nos
1223 2265 1317 2338 aptos
1334 2249 1441 2315 eflicit.
1460 2250 1542 2313 Tum

343 2365 469 2428 donum
497 2363 612 2429 dicitur
643 2364 758 2429 nohis
784 2366 834 2428 ob
861 2365 998 2429 merita
1023 2363 1176 2430 Christi
1203 2381 1453 2434 concessum,
1470 2358 1542 2445 quia

342 2472 455 2548 nohis,
472 2472 524 2558 qui
540 2495 604 2537 non
620 2496 731 2539 sumus
748 2475 949 2538 solummodo
966 2473 1071 2561 gratia
1095 2472 1199 2536 divina
1216 2472 1298 2536 haud
1315 2468 1414 2558 digni,
1429 2488 1542 2532 verum

342 2581 448 2647 etiam
464 2594 597 2667 propter
620 2596 787 2667 peccatum
802 2582 939 2667 positivo
957 2581 1095 2669 indigni,
1112 2580 1240 2644 nonnisi
1255 2579 1474 2644 intercedente
1490 2597 1540 2643 sa·

344 2690 580 2766 tisfactione‚'a
596 2692 724 2757 Christo
741 2692 878 2757 Domino
896 2691 1019 2756 divinae
1030 2690 1175 2777 justitiae
1192 2688 1361 2775 praestita,
1383 2686 1488 2775 gratia
1504 2708 1542 2752 ac

343 2800 519 2868 clementia
529 2800 634 2867 divina
641 2802 830 2890 contingere
836 2815 954 2888 potest.
966 2802 1070 2866 Porro
1086 2814 1221 2866 vocatur
1238 2800 1366 2874 donmn,
1377 2799 1463 2885 quod
1479 2820 1536 2863 no·

342 2909 399 2975 his
416 2911 566 2975 deturad
581 2912 749 2976 salutem
765 2925 939 2978 nostram
957 2909 1204 2995 spiritualem
1220 2909 1477 2993 reparandam
1494 2929 1539 2973 ac

343 3022 677 3106 promovendam,
694 3021 767 3108 quia
781 3021 834 3087 hic
849 3033 899 3086 est
915 3020 990 3086 linis
1006 3041 1045 3085 ac
1061 3018 1196 3084 effectus
1213 3017 1318 3082 omnis
1334 3017 1479 3104 gratiae,
1495 3017 1540 3081 uti

330 3141 515 3213 externae,
530 3129 575 3193 ita
590 3142 623 3194 ct
637 3129 793 3204 internae,
810 3141 841 3195 et
856 3129 1031 3215 praecipue
1047 3129 1158 3211 hujus,
1181 3147 1239 3212 per
1256 3147 1348 3212 quam
1365 3125 1459 3190 nobis
1475 3147 1539 3189 me·

343 3237 412 3303 rita
427 3237 589 3322 passionis
607 3260 645 3303 ac
661 3239 775 3304 mortis
792 3238 911 3304 Christi
928 3237 1134 3322 adplicantur,
1151 3237 1252 3322 atque
1262 3235 1417 3299 redemtio
1435 3234 1467 3298 in
1483 3256 1539 3299 no·

344 3347 401 3413 his
418 3346 598 3412 conficitur.
623 3349 767 3412 Tandem
785 3349 887 3413 adhuc
904 3346 1067 3432 adjicitur,
1084 3367 1158 3411 esse
1174 3347 1293 3409 donum
1309 3343 1475 3408 animum
1490 3344 1540 3408 in·

344 3457 556 3522 trinsecus
581 3457 788 3534 afficiens,
815 3479 888 3543 quo
905 3479 952 3522 ex
968 3455 1139 3541 injustis
1161 3454 1262 3539 justi
1279 3475 1323 3518 ac
1339 3441 1469 3519 sancti
1487 3454 1538 3518 cf·

344 3567 525 3642 ficimus,
552 3580 665 3654 atque
683 3570 726 3632 ad
742 3568 843 3632 bona
859 3588 978 3653 opera
995 3566 1215 3630 excitamur
1238 3577 1274 3628 et
1298 3564 1539 3648 adjuvamur,

345 3690 385 3742 ut
401 3676 450 3741 sie
466 3676 637 3741 discrimen
654 3677 737 3742 inter
753 3677 890 3765 gratiam
906 3677 1064 3741 internam
1081 3688 1178 3760 atque.
1190 3686 1356 3738 externam
1372 3685 1490 3759 pateat,
1507 3685 1539 3736 et

345 3786 436 3852 illius
452 3788 575 3851 indoles
591 3786 708 3852 clarius
725 3789 766 3851 oh
784 3789 895 3851 oculos
911 3799 1058 3871 ponatur.
1080 3786 1240 3863 Quatenus
1257 3783 1363 3870 gratia
1378 3782 1540 3846 hominem

345 3919 395 3965 ex
408 3897 527 3981 injusto
539 3898 661 3983 justum
679 3918 717 3961 ac
733 3910 878 3962 sanctum
894 3895 989 3970 facit,
1005 3895 1096 3981 cique
1112 3895 1213 3958 instar
1234 3892 1359 3956 habitus
1382 3890 1545 3956 manentis·

345 4029 411 4075 seu
432 4006 589 4093 qualitatis
611 4006 732 4071 animae
749 4006 926 4090 impressae
942 4005 1099 4078 inhaeret,
1132 4002 1264 4091 gratia
1296 3999 1537 4085 justificans,

342 4114 618 4184 sanctificans
649 4136 707 4179 seu
731 4114 942 4179 habitualis
969 4115 1159 4198 adpellatur;
1182 4123 1337 4198 quatenus
1367 4120 1471 4173 autem
1492 4108 1537 4172 in·

340 4241 420 4295 star
447 4237 538 4290 actus
556 4225 749 4290 transeuntis
773 4247 831 4310 per
846 4223 962 4288 mentis
978 4221 1221 4286 illustrationem
1238 4231 1270 4285 et
1284 4217 1455 4282 voluntatis
1471 4238 1537 4281 mo·

336 4339 473 4406 tionem
489 4335 520 4398 in
537 4335 595 4409 iis,
626 4356 706 4421 quae
723 4337 763 4399 ad
782 4337 917 4400 salutem
937 4331 1112 4418 pertinent,
1144 4351 1205 4395 nos
1227 4328 1369 4413 adjuvat,
1401 4325 1539 4414 gratia

334 4447 533 4523 actualis
550 4447 643 4512 audit.
