3775 5625
1482 440 1546 504 119

382 608 543 682 noratque
564 594 667 661 minas
689 607 914 670 contemnens,
939 617 978 660 ne
995 596 1175 661 facillimam
1193 597 1319 682 quidem
1335 600 1419 663 illam
1443 603 1547 686 legem

381 705 507 780 samarit,
529 706 589 770 sed
604 706 697 789 plena
713 703 858 769 libertate
875 706 914 768 ad
931 718 1111 769 creaturam
1128 726 1164 770 se
1181 707 1350 772 corrvcrtit.

459 812 488 877 3.
508 813 636 877 Nabum
658 812 717 878 luit
737 834 874 899 unquam
902 827 1083 898 peccatum,
1117 815 1201 899 quod
1232 815 1376 898 pluribus
1404 832 1548 894 noceret,

381 942 448 1007 quam
466 934 632 1006 peccatum
653 923 756 994 Adae;
783 922 955 1008 siquidem,
976 935 1010 985 ut
1031 944 1073 987 cx
1094 909 1236 986 dicendis
1263 925 1398 1007 patebit,
1422 927 1546 991 univer-

381 1050 432 1094 sum
444 1050 543 1117 genus
559 1031 730 1095 humanum
747 1030 961 1116 corruptioni,
985 1031 1080 1095 morti
1097 1043 1190 1116 atque
1207 1033 1402 1097 damnationi
1418 1035 1547 1099 addixit.

381 1139 452 1203 dicat
473 1160 568 1219 arpa,
592 1138 636 1204 ait
657 1139 919 1227 Augustinus,
940 1162 1065 1220 poenae
1084 1144 1302 1204 ltumanarum
1322 1120 1547 1226 miseriarum,

381 1268 442 1326 quaa
464 1250 674 1312 communiter
691 1252 871 1328 perferunt
893 1252 957 1325 lilii
982 1251 1086 1311 ,idam
1112 1272 1133 1311 a
1154 1255 1207 1311 die
1231 1256 1341 1313 caitus
1368 1260 1407 1313 da
1435 1265 1549 1315 aratra
1590 1279 1592 1287 ¹

381 1361 470 1419 naba
484 1378 611 1439 aarum,
630 1363 701 1420 ideo
718 1370 795 1421 auat
809 1363 963 1436 omnium,
981 1365 1020 1418 de
1034 1378 1170 1437 qaorum
1184 1365 1469 1437 praevaricatione
1485 1365 1550 1423 ista

381 1477 527 1530 maort:
553 1470 602 1530 ita
618 1471 764 1545 ipsarum
779 1474 918 1529 duorum
931 1473 1174 1545 praevaricatio
1193 1480 1256 1530 tam
1271 1489 1448 1546 mapaum
1464 1490 1548 1548 pcc·

381 1584 481 1636 catam
499 1579 589 1636 debet
613 1579 767 1654 intelligi,
798 1586 836 1637 ut
850 1583 960 1653 posset
986 1581 1154 1637 omniura
1184 1597 1229 1637 aa
1254 1582 1326 1639 viro
1353 1589 1385 1639 et
1414 1583 1550 1640 muliere

381 1686 599 1745 nascentium
636 1688 677 1745 ia
720 1688 897 1747 deterius
934 1695 1088 1746 mutare
1131 1696 1325 1759 naturam,
1373 1697 1411 1748 et
1448 1706 1548 1748 cam-

381 1794 462 1851 naai
497 1802 612 1853 reatu
655 1802 849 1871 tamquam
887 1793 1155 1854 haereditarii
1194 1798 1317 1856 debiti
1365 1799 1550 1872 obliparc

382 1895 710 1987 citropraplruw).

460 2005 489 2071 4.
509 2006 652 2072 Tandem
672 2006 746 2071 buia
767 2005 821 2071 uni
839 2006 923 2093 legis
950 2006 1075 2071 divinae
1094 2006 1260 2071 violationi
1275 2009 1372 2072 multa
1388 2008 1481 2072 simul
1502 2008 1548 2072 in·

381 2124 437 2175 smt
454 2113 597 2190 crimnis,
629 2117 699 2199 ejus
715 2115 867 2179 malitiam
884 2137 922 2180 ac
938 2115 1162 2200 turpitudinem
1179 2116 1337 2203 augentia.
1363 2116 1450 2181 lnest
1466 2118 1550 2181 enim

381 2222 555 2304 superbia,
579 2244 641 2309 qua
656 2222 750 2309 primi
766 2224 914 2289 homines
930 2226 1001 2288 Deo
1019 2226 1168 2310 aequales
1184 2226 1321 2291 evadere
1337 2226 1502 2301 volebant,
1519 2239 1551 2291 ct

381 2346 440 2410 quae
459 2331 547 2417 quasi
566 2330 690 2397 initium
711 2345 804 2419 atque
820 2333 946 2417 peccati
962 2332 1057 2419 origo
1082 2334 1189 2413 luit2).
1223 2334 1466 2409 infidelitas,
1490 2354 1552 2419 qua

381 2454 466 2505 ancre
486 2441 635 2526 propriae
657 2441 866 2507 excellentiae
892 2442 1058 2507 obcaecati
1082 2463 1145 2505 non
1173 2443 1258 2517 Deo,
1282 2445 1340 2507 sed
1358 2443 1464 2527 potius
1485 2443 1549 2507 dia·

381 2542 436 2610 bolo
450 2549 666 2625 crediderunt,
690 2563 722 2614 et
738 2550 864 2636 quidem
880 2551 983 2614 Deum
1000 2550 1175 2626 mendacii,
1198 2550 1335 2615 invidiae
1358 2564 1390 2615 et
1406 2549 1549 2638 maligni·

381 2653 437 2720 tatis
453 2655 662 2733 insimulanti,
686 2671 718 2723 ct
741 2679 783 2723 ex
802 2658 852 2723 his
874 2658 1026 2742 prodiens
1048 2658 1342 2733 inobedientia,
1367 2680 1427 2744 qua
1452 2660 1548 2724 inter-

381 2759 475 2832 dicun
495 2767 635 2833 divinum
654 2767 847 2857 migrarunt,
879 2770 1050 2853 conjuncta
1077 2789 1138 2833 una
1161 2790 1233 2833 cum
1250 2768 1383 2833 crimine
1404 2769 1551 2856 ingrati

381 2871 476 2941 trimi
491 2889 524 2942 et
540 2890 764 2944 contemtus
781 2877 901 2957 Deil),
917 2899 1059 2942 necnon
1078 2877 1211 2944 crimine
1228 2877 1353 2952 necis,
1375 2898 1473 2962 quam
1490 2876 1551 2942 sibi

345 3010 351 3017 ·
380 2972 440 3060 ipsis
454 2986 676 3062 consciarunt,
700 2999 733 3051 et
748 2985 961 3051 homicidii.

623 3183 658 3276 ξ.
676 3182 742 3254 27.
759 3187 921 3253 Poena
936 3182 1076 3270 primi
1093 3181 1288 3270 peccati.

461 3348 619 3434 Exposita
640 3359 904 3432 protoparentum
929 3359 1079 3430 peceato,
1105 3349 1238 3431 ejusque
1259 3343 1417 3433 gravitate
1442 3356 1549 3409 osten·

378 3459 415 3519 lt,
434 3469 544 3532 restat,
568 3454 603 3520 ut
622 3457 725 3520 adbuc
755 3457 794 3520 de
827 3476 930 3540 poena
956 3455 1081 3539 peccati
1109 3457 1203 3539 bajus
1237 3454 1446 3518 disseramus.
1472 3455 1549 3517 Pec-

376 3559 459 3626 ⁰l¹¹tla
479 3566 562 3630 enim
578 3564 673 3651 primi
688 3565 834 3629 homines
851 3566 957 3652 legem
973 3565 1111 3628 divinam
1133 3564 1307 3636 violarunt;
1332 3564 1419 3626 llcus
1445 3574 1551 3626 autem

372 3653 439 3775 'iila
453 3673 534 3740 illius
555 3686 669 3739 auctor
694 3688 726 3738 et
749 3675 882 3747 vindan,
905 3697 966 3758 pro
988 3695 1046 3738 sua
1069 3674 1239 3738 sanctitate
1263 3671 1385 3736 infinita
1409 3683 1441 3734 et
1457 3669 1550 3754 justi·

369 3769 410 3840 ll,
433 3777 560 3868 impune
576 3803 647 3846 eam
672 3782 784 3847 violari
806 3781 992 3867 permittere
1019 3805 1082 3845 non
1101 3782 1212 3866 potuit.
1242 3782 1419 3846 Constabat
1435 3791 1552 3852 autem,

363 3889 632 3930 κ...-

463 3982 488 4061 ¹)
508 3984 565 4059 Op.
583 3982 657 4061 imp.
675 3989 751 4042 caat.
768 3983 888 4044 Julian.
906 3984 924 4042 l.
943 3985 971 4043 6.
989 4003 1012 4043 c.
1031 3986 1081 4043 21.
1099 3984 1137 4042 T.
1158 3979 1210 4044 10.
1229 4002 1256 4046 c.
1276 3978 1349 4043 133.
1368 3979 1414 4040 ct.
1426 3983 1477 4040 De
1493 3979 1550 4039 civ.

353 4047 387 4110 D·
407 4061 436 4133 l.
454 4076 521 4137 211.
538 4094 564 4136 c.
582 4075 633 4134 12.
650 4074 688 4133 T.
709 4069 739 4138 7.
760 4094 785 4138 c.
803 4071 879 4135 633.
901 4073 1028 4133 Eacbir.
1052 4093 1076 4132 c.
1100 4075 1235 4132 26-27.
1257 4073 1294 4130 Τ.
1312 4069 1342 4133 6.
1361 4092 1386 4134 c.
1414 4067 1489 4134 206.
1508 4105 1546 4114 -—

352 4137 373 4211 a)
389 4144 449 4222 Oi.
464 4163 557 4224 Ecali.
581 4161 633 4238 ll),
653 4160 694 4224 14
717 4184 741 4227 s.
763 4165 855 4224 Prov.
883 4160 934 4235 16,
961 4161 1011 4224 18.
1031 4198 1071 4207 -
1090 4166 1117 4239 ³)
1141 4161 1297 4241 August.
1319 4165 1366 4221 De
1387 4159 1442 4219 civ.
1465 4163 1508 4218 D.
1531 4162 1548 4223 l.

348 4227 399 4337 ¹42
429 4273 455 4311 a.
476 4255 526 4316 15.
550 4255 589 4313 Τ.
609 4251 637 4316 7.
661 4274 687 4313 c.
711 4250 787 4316 366.
807 4254 980 4314 Coniemtus
997 4260 1041 4313 esi
1061 4256 1146 4313 Deus
1158 4255 1285 4331 jubeas,
1311 4251 1364 4327 qui
1387 4255 1552 4321 creaverat,

346 4333 400 4428 ⁹²⁴²:
423 4345 466 4402 ad
479 4344 643 4423 imapiaem
657 4364 745 4404 suam
754 4346 887 4423 fecerat,
910 4344 964 4420 qui
990 4343 1095 4403 caeru
1116 4342 1301 4404 animalibus
1317 4346 1552 4416 praeposuerat,

345 4425 401 4479 ΨΜ
435 4432 465 4492 ia
479 4435 632 4511 paradiso
653 4435 860 4505 constituerat,
878 4435 931 4509 qui
952 4454 1053 4495 rarum
1075 4435 1209 4494 omniura
1229 4432 1361 4509 copiam,
1387 4430 1553 4505 salutisque

340 4513 559 4600 PTQeatturat,
582 4525 635 4601 qui
651 4525 824 4601 praeceptis
840 4545 892 4584 aec
903 4526 1062 4600 pluribus,
1087 4545 1140 4584 aec
1153 4524 1337 4602 praedibus,
1363 4541 1415 4581 aec
1438 4519 1551 4598 diffici-

346 4587 439 4670 lubus
454 4623 636 4675 oneraverat.
654 4615 699 4678 Of.
716 4615 879 4678 Eacbirid.
897 4635 920 4674 c.
938 4618 988 4677 45.
1007 4618 1045 4675 T.
1064 4614 1093 4677 6.
1113 4637 1139 4678 e.
1161 4611 1237 4679 213.
1256 4614 1348 4675 Oons.
1375 4611 1550 4672 Bellarm.

349 4679 404 4746 De
425 4706 525 4769 omiss.
539 4713 620 4783 prat.
637 4713 665 4766 et
678 4713 747 4768 stat.
764 4725 843 4784 pecc.
870 4709 889 4765 i.
907 4709 936 4768 3.
956 4726 980 4766 c.
997 4710 1026 4766 4.
1043 4705 1137 4781 Disp.
1155 4708 1192 4765 de
1207 4713 1301 4767 coutr.
1311 4703 1370 4783 fid.
1387 4702 1433 4766 ed.
1452 4702 1546 4783 Prag.

354 4766 710 4878 Umuapma
