3775 5625
1476 424 1540 490 341

349 591 438 662 dem,
454 600 524 667 pest
540 591 676 650 ultimam
693 608 819 650 coenam
837 607 945 649 orans:
961 587 1035 665 Epo
1053 598 1083 649 te
1099 591 1279 663 clarificavi
1294 609 1392 668 snper
1409 601 1542 652 terrum:

351 720 436 777 opus
459 704 692 779 consummavi,
717 705 802 776 qood
823 702 938 759 dedisti
953 700 1047 777 mihi,
1065 700 1247 771 etfaciam.
1265 736 1309 744 -
1325 700 1544 773 Manifestum

349 828 470 872 nomen
485 820 575 872 muna
590 812 788 889 nominatos,
805 827 887 886 paee
902 812 1017 870 dedisti
1031 811 1120 871 milti.
1146 811 1263 869 Verum
1286 812 1336 871 hic
1354 820 1459 887 aperte
1476 821 1542 870 tan·

350 930 417 980 tum
440 919 477 979 de
494 930 581 996 parte
597 920 775 996 provinciae
792 919 851 977 sibi
867 919 1082 989 demandatae,
1104 920 1141 978 de
1158 937 1285 979 munere
1302 920 1432 980 docendi
1446 921 1542 998 loqui·

354 1039 419 1101 tur,
436 1039 489 1089 ant
505 1039 637 1089 mortem
654 1038 798 1097 eatenus,
816 1037 966 1105 qnatenus
992 1046 1059 1086 eam
1070 1027 1196 1102 jamjam
1215 1029 1374 1088 subiturus
1391 1040 1469 1101 erat,
1484 1049 1545 1088 nna

349 1137 510 1215 iutelligit.
533 1136 690 1211 'Quomodo
713 1155 791 1216 ergo
816 1135 917 1195 asseri
944 1145 1063 1212 potest,
1088 1136 1261 1205 Christum,
1284 1156 1359 1213 opus
1376 1157 1394 1198 a
1410 1158 1444 1197 se
1472 1148 1543 1197 ante

348 1254 483 1305 mortem
501 1264 587 1305 suam
605 1246 775 1323 perlectum
793 1263 879 1317 esse,
907 1245 1084 1314 nuntiasse,
1102 1246 1152 1322 qni
1170 1247 1207 1305 ad
1223 1249 1390 1322 Apostolos
1407 1248 1544 1307 dixerat:

349 1354 521 1432 Baptismo
544 1363 650 1414 autem
670 1356 769 1415 dedeo
793 1356 977 1430 baptisari:
1000 1361 1210 1432 ecquomodo
1233 1365 1396 1436 coaretor,
1424 1362 1561 1433 Μωρέ

349 1469 428 1525 dom
441 1464 693 1539 perficiatur¹)t
724 1467 766 1522 ttt
782 1465 818 1523 ad
833 1465 983 1531 Petrum,
1003 1482 1070 1523 cnm
1096 1464 1194 1539 ipsum
1220 1465 1255 1522 de
1273 1474 1371 1524 morte
1389 1466 1544 1525 disseren·

349 1583 415 1633 tem
435 1572 628 1647 increparet:
665 1572 754 1631 Vode
771 1581 848 1648 post
863 1589 914 1632 me
928 1580 1057 1649 satana,
1076 1577 1265 1633 scandatum
1287 1592 1323 1633 cs
1344 1575 1443 1635 midi:
1468 1578 1546 1651 poio

348 1700 420 1743 nos
434 1684 524 1757 sapis
539 1699 591 1758 ea,
609 1700 692 1756 poue
706 1680 769 1740 Dei
784 1690 873 1759 eunt,
888 1687 947 1740 sed
958 1700 1010 1759 eo,
1024 1699 1106 1756 puae
1119 1682 1283 1741 dominum
1293 1687 1344 1756 Ἢ
1360 1688 1400 1741 tlt
1416 1684 1544 1743 iterum:

314 1869 317 1878 Ι
352 1768 512 1867 ῥαῐὲσοηι,
535 1806 627 1865 pacm
648 1792 735 1850 dedit
753 1791 835 1849 milti
850 1789 967 1867 Pater,
986 1807 1053 1848 non
1069 1790 1173 1848 didam
1187 1793 1281 1849 ittam
1292 1795 1344 1863 ³)?
1369 1792 1476 1851 Verba
1493 1811 1543 1851 au-

348 1909 415 1959 tem
432 1899 539 1959 ultima
555 1898 674 1957 Christi
689 1900 719 1959 in
737 1918 846 1960 cruce:
867 1897 1133 1959 Oomummntum
1148 1908 1208 1977 cat,
1227 1900 1328 1976 potius
1343 1902 1544 1970 contrarium,

349 2027 443 2086 quarn
460 2009 538 2086 quod
555 2009 762 2067 Rationalista
778 2009 925 2068 Halensis
941 2010 1022 2076 vult,
1039 2010 1190 2085 probare,
1208 2028 1263 2085 per
1280 2028 1315 2067 ae
1332 2013 1468 2086 patulum
1485 2022 1543 2075 est.

349 2118 491 2177 Tandem
516 2118 676 2194 precibus,
704 2136 780 2195 quas
804 2119 834 2177 in
857 2127 959 2176 monte
982 2118 1097 2176 oliveti
1113 2118 1251 2190 fuderat,
1270 2118 1414 2178 Christus
1432 2139 1544 2197 nequa·

349 2245 443 2304 quam
460 2237 607 2297 mortem,
628 2228 683 2286 sed
701 2237 817 2286 tantum
835 2245 984 2287 summam
1001 2228 1094 2286 animi
1111 2228 1269 2287 tristitiam
1286 2238 1317 2288 et
1334 2248 1498 2308 angorem,
1514 2231 1544 2289 in

349 2354 413 2413 quo
431 2346 503 2396 tuuc
519 2338 722 2408 versabatur,
740 2347 884 2396 avertere
900 2337 1008 2398 voluit.

463 2440 710 2520 18.‚Praeterea
733 2446 843 2503 desum
869 2463 985 2520 poenas
1007 2445 1118 2504 minari
1138 2445 1238 2504 Judae
1255 2446 1354 2521 ipsum
1372 2449 1543 2524 prodituro,

348 2574 483 2632 eumque
514 2554 665 2613 detestari
678 2550 725 2630 ⁴),
757 2553 808 2630 qui
827 2554 929 2629 potius
953 2555 1120 2643 laudandus
1143 2532 1244 2624 esset,
1266 2557 1344 2632 quod
1366 2558 1466 2616 studio
1489 2578 1545 2618 suo

346 2666 464 2725 Jesnm
486 2664 579 2723 morti
601 2662 743 2722 tradendi
767 2680 843 2738 opus
861 2662 928 2737 ejus
945 2663 1166 2741 gravissimum
1200 2665 1390 2743 maximeque
1408 2669 1545 2727 salutare

347 2775 390 2836 ad
408 2773 523 2833 exitum
539 2772 679 2832 duxisset
696 2781 727 2831 et
744 2773 966 2833 accelerasset.
990 2773 1165 2844 Accedere,
1183 2775 1261 2852 qaod
1278 2775 1419 2852 discipuli
1436 2777 1545 2837 Jesunr

348 2886 390 2944 de
413 2893 511 2942 morte
534 2883 593 2941 sibi
612 2883 748 2941 instante
770 2883 944 2959 loquentem
966 2883 1055 2959 plane
1077 2901 1136 2940 uon
1157 2884 1333 2963 intelligant
1347 2882 1391 2958 ⁶),
1414 2896 1445 2944 et
1466 2888 1544 2945 tales

346 3012 448 3054 voces
471 2993 647 3070 aegerrime
669 2992 827 3072 toranus),
850 2991 880 3049 id
896 2992 974 3068 quod
992 2992 1061 3050 fieri
1084 3011 1142 3050 non
1160 2993 1327 3068 potuisset,
1344 2995 1373 3052 si
1389 2995 1425 3053 de
1441 2996 1473 3053 vi
1489 3015 1541 3054 ex·

345 3101 485 3181 pistoria
500 3101 590 3176 hujus
606 3101 716 3159 mortis
732 3119 789 3176 pro
806 3102 906 3159 salute
930 3100 1063 3159 omnium
1087 3099 1239 3159 hominnm
1262 3104 1420 3162 subeunda
1442 3105 1543 3165 edocti

345 3211 495 3271 fuissent.
519 3211 697 3286 Discipulos
722 3210 836 3289 igitur,
859 3210 1009 3286 imprimis
1036 3211 1164 3268 Paulum
1188 3212 1383 3285 Apostolum,
1409 3213 1542 3290 itemque

345 3320 502 3398 epistolae
525 3321 562 3378 ad
584 3321 745 3379 Hebraeos
778 3330 952 3389 auctorem,
973 3329 1007 3378 ut
1029 3320 1171 3397 supplicii
1194 3339 1211 3378 a
1236 3320 1361 3380 Christo
1394 3324 1543 3381 subeundi

343 3429 550 3510 ignominiam
573 3429 726 3497 delerent,
748 3438 817 3504 post
839 3428 902 3487 iata
928 3429 1048 3487 demum
1066 3429 1103 3487 ab
1120 3430 1171 3488 illo
1196 3430 1365 3508 allegorice
1383 3441 1414 3489 et
1429 3432 1542 3508 impro-

344 3541 419 3620 prie
442 3539 524 3598 dieta
548 3538 585 3596 de
607 3547 706 3596 morte
729 3538 789 3597 sibi
809 3538 944 3597 instante
956 3543 985 3611 ⁷)
1008 3539 1039 3597 in
1056 3539 1135 3599 hano
1152 3541 1337 3600 senteutiam
1355 3541 1455 3600 videri
1471 3560 1542 3602 con-

345 3647 498 3710 vertisse.
515 3647 637 3706 Etenim
655 3649 703 3705 vel
720 3648 915 3724 explicarunt
931 3658 1062 3708 mortem
1078 3650 1158 3708 Jesu
1176 3669 1192 3707 e
1210 3651 1249 3708 V.
1268 3653 1306 3710 Τ.
1324 3651 1402 3711 locis
1420 3651 1542 3727 quibus-

347 3760 422 3819 dam
439 3758 606 3817 secuudum
623 3776 738 3816 morem
756 3758 884 3818 docendi
900 3758 1054 3816 Hebraeis
1072 3759 1235 3830 usitatum,
1258 3770 1349 3836 atque
1374 3780 1412 3819 ex
1429 3761 1543 3837 opinio·

347 3868 443 3929 uibus
458 3867 495 3926 de
510 3853 601 3942 Λόγῳ
624 3867 808 3927 Sacerdotis
829 3868 928 3927 instar
945 3878 976 3926 et
992 3869 1218 3928 Intercessoris
1235 3868 1373 3929 homines
1392 3888 1460 3929 cum
1477 3872 1543 3929 Deo

347 3977 590 4045 reconciliante,
608 3996 685 4053 quae
702 3977 754 4035 illo
771 3985 908 4053 tempore
926 3978 1004 4055 apud
1021 3979 1247 4038 Alexandrinos
1263 3979 1458 4054 potissimum
1474 3997 1543 4054 per-

348 4066 498 4166 vulgatae
531 4095 634 4156 erant,
666 4088 715 4145 vel
735 4086 919 4165 impugnare
945 4088 1154 4166 adfrangere
1186 4089 1351 4147 noluerunt
1381 4089 1544 4148 Judaicam

348 4198 444 4258 istam
470 4196 506 4254 de
524 4195 750 4257 sacrificiorum
782 4197 975 4274 perennitate
1003 4215 1039 4257 ac
1060 4197 1250 4257 necessitate
1282 4197 1544 4273 superstitionem,

351 4307 404 4369 eui
419 4324 493 4382 pars
511 4305 758 4364 Christianorum
775 4306 960 4365 adhaerebat
970 4301 1009 4378 ⁸).
1023 4340 1069 4359 -.
1079 4304 1244 4383 Quousque
1261 4307 1382 4365 tandem
1397 4307 1545 4366 vesaniae

462 4506 485 4586 ¹)
502 4507 576 4564 Luc.
612 4502 662 4575 12,
679 4500 731 4567 50.
749 4540 794 4550 —
812 4503 837 4585 ²)
854 4505 959 4570 Matth.
992 4504 1043 4576 16,
1065 4502 1119 4568 23.
1138 4540 1179 4549 —
1200 4503 1225 4587 ³)
1241 4500 1333 4570 Joan.
1360 4502 1410 4588 18,
1429 4502 1481 4565 11.
1502 4539 1544 4548 -

352 4599 379 4680 ⁴)
395 4590 505 4658 Matth.
523 4593 576 4668 23,
593 4593 634 4656 37
652 4589 708 4681 (2)
724 4591 778 4670 26,
795 4592 848 4658 24.
865 4630 910 4642 —
927 4602 954 4676 ⁶)
972 4597 1066 4658 Mare.
1077 4594 1108 4668 8,
1116 4593 1158 4658 32
1169 4617 1208 4656 ss.
1226 4597 1299 4658 Luc.
1313 4594 1363 4673 18,
1382 4593 1435 4658 34.
1453 4595 1544 4656 Joau.

355 4685 407 4762 12,
425 4683 479 4749 34.
496 4722 540 4731 -
557 4686 583 4762 ⁶)
599 4685 707 4746 Matth.
728 4684 779 4762 16,
795 4684 849 4753 22.
866 4721 910 4732 -—
926 4683 953 4772 ⁷)
972 4687 1080 4749 Matth.
1098 4685 1150 4762 26,
1160 4685 1213 4750 28.
1231 4689 1327 4750 Maro.
1338 4685 1389 4770 14,
1401 4684 1454 4748 24.
1471 4687 1545 4746 Luc.

354 4777 407 4862 22,
424 4776 480 4842 20.
499 4775 528 4839 1.
546 4777 615 4838 Gor.
635 4775 686 4854 11,
703 4774 758 4844 25.
774 4777 842 4843 coll.
859 4779 958 4840 Exod.
976 4775 1031 4854 24,
1049 4775 1146 4842 1-8.
1166 4815 1206 4825 -
1224 4781 1251 4861 ⁸)
1270 4780 1315 4841 cf.
1333 4778 1545 4858 Wegsehei-

355 4870 431 4948 der,
448 4870 470 4934 l.
486 4889 513 4932 o.
529 4890 559 4952 p.
575 4864 652 4932 514.
1236 4912 1242 4920 .
