3775 5625
342 439 455 512 286.

343 615 482 674 omnibus
500 613 634 675 sufficiat
650 606 903 694 Augustinus,
922 607 972 692 qui
989 609 1115 675 scribit:
1141 606 1238 676 Sicut
1257 617 1293 676 ia
1315 616 1446 677 unitate
1459 629 1537 692 per·

343 743 443 787 sonae
458 728 566 785 anima
582 728 697 785 unitur
714 727 857 803 corpori,
876 734 915 784 at
929 725 1023 784 borno
1041 728 1099 786 sit:
1123 728 1170 787 ita
1185 729 1221 786 in
1237 729 1365 787 unitate
1378 742 1539 803 personae

342 819 434 895 Deae
453 839 568 896 aeuitur
587 836 724 913 bomini,
748 844 785 894 ut
808 833 962 895 Christus
978 838 1030 896 sit.
1055 836 1098 895 In
1113 839 1172 895 illa
1188 855 1267 912 erpo
1287 854 1437 912 persona
1450 837 1539 893 asic-

344 956 419 1007 tora
443 956 493 1005 eet
512 948 639 1004 animae
655 955 687 1005 et
701 948 869 1020 corporie;
893 947 928 1004 io
950 945 1012 1004 boc
1029 964 1172 1022 pomona
1194 949 1345 1006 otiatura
1365 954 1419 1005 est
1432 946 1496 1003 Dei
1511 952 1542 1003 et

343 1057 499 1115 bominis:
520 1058 549 1114 si
565 1064 671 1114 tamen
687 1059 816 1113 recedat
830 1057 962 1114 auditor
977 1073 998 1113 a
1014 1058 1245 1114 consuetudine
1266 1072 1459 1132 corporum,
1478 1072 1539 1129 aaa

343 1169 450 1224 solent
478 1171 542 1223 deo
576 1166 719 1240 liquores
750 1165 962 1241 commisceri,
985 1173 1024 1223 ut
1037 1173 1152 1223 neuter
1183 1174 1291 1224 servet
1320 1166 1570 1240 intepritoteot,

343 1292 449 1349 coam;
471 1291 665 1349 puaotqaam
681 1281 713 1331 et
728 1274 763 1330 io
779 1274 859 1348 ipsis
881 1275 1078 1348 corporibus
1095 1276 1168 1331 a'e'ri
1185 1277 1246 1332 tae
1262 1276 1462 1349 incorrupta
1476 1273 1570 1332 mis

342 1392 471 1442 sceatur
483 1387 522 1455 ¹).
543 1417 585 1425 —
601 1382 720 1440 Deinde
746 1382 863 1457 quando
887 1392 1066 1458 comparant
1086 1382 1228 1440 unionem
1247 1382 1421 1441 divinitatis
1439 1391 1471 1439 et
1486 1379 1523 1438 bu
1547 1443 1553 1450 ,

343 1493 499 1551 maritatis
523 1512 591 1551 cum
614 1492 724 1550 unione
743 1491 885 1567 corporis
909 1500 940 1549 et
958 1491 1092 1549 animae:
1115 1491 1172 1549 hoc
1191 1510 1280 1550 unum
1300 1492 1407 1550 dicere
1423 1491 1570 1565 volun-

344 1601 425 1661 sicut
447 1620 485 1660 ex
508 1603 619 1660 unione
642 1602 761 1659 animae
785 1611 816 1659 et
838 1602 980 1677 corporis
1004 1602 1071 1659 sinc
1089 1601 1268 1659 confusione
1286 1602 1424 1659 siturus
1440 1599 1570 1673 hom-2

342 1710 387 1767 ita
409 1728 447 1767 ex
467 1710 579 1767 unione
611 1711 781 1769 divinitatis
803 1721 833 1769 et
854 1710 1056 1768 humanitatis
1078 1710 1261 1786 inpersona
1294 1709 1394 1768 Verbi
1427 1710 1569 1788 absus]

344 1819 523 1876 confusione
546 1828 724 1878 naturarum
746 1839 838 1879 unum
862 1840 932 1879 esse
951 1819 1125 1887 Christum,
1148 1838 1238 1877 unam
1263 1821 1393 1878 duarum
1415 1828 1570 1890 natur-2

343 1947 411 1985 rum
432 1946 613 2004 personam,
632 1948 709 2005 quac
728 1930 768 1988 sit
784 1931 992 2002 Deus-homo,
1015 1939 1046 1987 et
1062 1929 1144 1989 sicut
1160 1930 1230 1987 uuio
1248 1929 1369 1989 animae
1387 1947 1456 1988 cum
1473 1947 1568 1994 cm·

343 2056 418 2115 pore
441 2038 483 2095 sit
503 2037 630 2114 physica
652 2049 683 2097 et
706 2039 935 2109 substantialis,
957 2040 1001 2097 ita
1023 2049 1054 2097 et
1077 2013 1234 2115 phisicam
1252 2057 1288 2098 ac
1306 2038 1570 2105 substantialem

344 2165 415 2204 esse
437 2148 578 2204 unionem
596 2148 696 2206 Verbi
718 2167 786 2206 cum
808 2148 1008 2209 humanitate.
1033 2148 1159 2206 Minime
1184 2157 1285 2234 autem
1310 2168 1346 2208 eo
1371 2149 1569 2228 declarant,

345 2275 383 2313 ex
400 2256 558 2314 divinitate
576 2266 606 2315 et
622 2257 811 2315 humanitate
829 2275 918 2315 unam
936 2257 1013 2315 oriri
1030 2266 1209 2327 naturam‚a
1221 2257 1382 2316 divinitate
1394 2266 1426 2315 et
1439 2257 1563 2320 buma-

345 2366 440 2424 nitate
458 2367 623 2439 diversam,
641 2377 732 2444 prout
745 2386 784 2425 ex
801 2385 932 2442 corpore
950 2376 981 2423 et
999 2367 1099 2425 anima
1115 2353 1252 2426 humana
1264 2367 1406 2426 nascitur
1424 2375 1556 2428 natura.

450 2471 480 2535 8.
500 2479 579 2534 Tum
596 2478 713 2553 quando
731 2476 821 2553 aliqui
840 2476 981 2534 unionem
1002 2475 1226 2551 hypostaticam
1247 2486 1363 2535 vocant
1383 2478 1549 2535 essentia·

346 2588 421 2644 lem:
455 2603 643 2662 nequaquam
675 2588 802 2653 docent,
835 2586 977 2643 unionem
1010 2585 1179 2644 divinitatis
1198 2604 1233 2644 ac
1251 2586 1451 2644 humanitatis
1467 2602 1540 2642 esse

344 2696 452 2764 talem,
470 2704 503 2753 ut
520 2714 559 2752 ex
575 2704 705 2772 utraque
723 2705 833 2754 natura
849 2695 879 2752 in
898 2694 1024 2752 Christo
1042 2695 1084 2753 sit
1100 2696 1130 2753 in
1147 2696 1366 2756 iucarnatione
1384 2695 1463 2754 iacta
1478 2709 1535 2751 una

346 2805 483 2865 essentia
500 2825 555 2864 seu
582 2816 708 2875 natura,
737 2814 826 2882 atque
847 2804 916 2863 ideo
933 2814 1045 2863 natura
1061 2804 1193 2863 humana
1209 2815 1341 2864 naturae
1354 2787 1474 2864 'divinae
1486 2802 1527 2860 in·

346 2926 414 2975 star
432 2917 601 2976 accidentis
617 2916 796 2983 inhaereat,
816 2924 868 2972 aut
883 2914 983 2972 instar
1002 2915 1142 2990 eorporis
1162 2917 1198 2974 ab
1217 2915 1318 2973 anima
1335 2913 1474 2974 rationali
1486 2912 1546 2969 itt-⁹

346 3024 631 3084 formatianatura
656 3025 757 3083 divina
783 3024 983 3092 informetur,
1009 3024 1062 3081 sed
1092 3032 1227 3094 tantum,
1252 3026 1353 3107 ipsam
1382 3033 1522 3097 utramque
1568 3070 1570 3111 1

346 3145 486 3193 naturam
497 3136 528 3192 in
539 3135 638 3192 Verbi
651 3153 785 3210 persona
800 3152 870 3191 esse
889 3133 1014 3202 unitam,
1032 3133 1087 3190 s'eu
1105 3134 1247 3192 unionem
1265 3152 1338 3191 esse
1356 3128 1521 3192 substantia·
1566 3148 1570 3215 Ι·

345 3247 405 3303 lem
423 3263 478 3302 seu
496 3243 730 3304 substantivam.
763 3243 859 3316 Quam
878 3242 1112 3300 substantialem
1129 3243 1272 3301 unionem
1290 3262 1422 3320 quoque,
1439 3242 1521 3314 nique
1568 3268 1570 3277 ·

348 3354 428 3412 aliud
446 3354 639 3432 significant,
662 3354 780 3430 quando
804 3353 924 3420 dicunt,
941 3351 1103 3410 humanam
1120 3353 1150 3410 in
1170 3352 1296 3411 Christo
1314 3363 1452 3412 naturam
1465 3358 1524 3406 eote

347 3463 535 3530 deificatam,
553 3463 571 3519 i.
591 3481 616 3520 e.
634 3480 691 3520 non
710 3461 912 3530 divinitatem,
931 3463 984 3519 sed
1002 3461 1072 3519 Filii
1087 3462 1147 3519 Dei
1163 3463 1321 3537 propriam
1340 3466 1479 3521 effectam.

453 3565 483 3628 9.
502 3570 640 3627 Tandem
666 3589 755 3647 quum
781 3570 923 3643 Synodus
946 3571 985 3629 V.
1019 3570 1076 3637 ait,
1102 3571 1338 3630 subsistentiam
1363 3574 1394 3630 in
1419 3568 1529 3630 christo

349 3697 420 3737 esse
453 3677 667 3752 compositam:
693 3680 814 3736 nonnisi
833 3679 862 3736 id
886 3679 1008 3738 edicere
1031 3680 1111 3749 vult,
1134 3681 1234 3755 ipsum
1256 3681 1287 3738 in
1310 3682 1426 3740 duabus
1442 3671 1529 3737 subii·

350 3795 433 3844 stere
451 3785 586 3856 naturis,
604 3787 727 3846 minime
745 3798 845 3846 autem
864 3788 1014 3863 duplicem
1033 3807 1102 3846 esse
1121 3807 1297 3865 personam.

457 3916 584 3974 Adnot.
610 3917 643 3972 ln
661 3917 808 3990 mysterio
825 3917 1050 3974 lucarnaticnis
1068 3916 1198 3976 mirifice
1217 3917 1335 3977 elucet:

458 4043 488 4082 a.
505 4024 617 4082 Divina
649 4027 925 4101 omnipotentia.
952 4027 1088 4084 Naturae
1122 4027 1200 4084 enim
1226 4027 1303 4085 adeo
1338 4034 1527 4085 externum

352 4131 499 4189 distantes
511 4133 615 4191 intime
631 4134 875 4210 conjunguntur,
892 4135 958 4192 sine
977 4120 1077 4193 tamen
1097 4136 1279 4194 confusione
1298 4145 1352 4194 aut
1369 4131 1517 4212 permittit·

352 4260 400 4308 ne,
412 4243 544 4300 servatis
556 4243 718 4318 unicuique
730 4244 801 4300 suis
819 4245 1033 4303 allectionibus
1052 4264 1088 4304 ac
1104 4246 1363 4321 proprietatibus,
1376 4255 1425 4324 ut,
1442 4257 1518 4321 quent·

352 4350 508 4407 admodum
527 4352 570 4408 ait
585 4354 657 4408 Leo
673 4353 732 4422 M„
750 4370 808 4409 nec
824 4353 1016 4422 inferiorem
1032 4364 1233 4414 correctoteret
1259 4356 1467 4432 plurificatio,
1480 4361 1519 4408 nti

353 4462 551 4535 superiorem
561 4463 719 4519 minueret
734 4464 898 4523 aesanctia.
910 4496 951 4504 —
961 4461 1066 4522 Salva
1082 4465 1184 4539 iqitur
1198 4467 1404 4541 proprietate
1418 4462 1518 4524 otrtoc·

354 4585 414 4641 que
436 4569 644 4645 substantiae,
667 4578 701 4628 et
721 4571 756 4627 in
773 4587 869 4627 orcam
885 4576 1020 4632 coeunte
1033 4591 1189 4652 persona,
1208 4576 1395 4651 suscipitur
1410 4593 1430 4632 a
1443 4568 1517 4645 ιιιιιι·

354 4684 435 4735 etate
451 4677 631 4754 humilitas,
648 4698 668 4737 a
684 4682 804 4738 virtute
819 4681 1003 4760 infirmitas,
1023 4686 1061 4742 ab
1078 4686 1271 4744 aeternitate
1286 4677 1500 4749 mortatttoc’l·

415 4932 417 4937 .
465 4879 488 4958 ¹)
507 4878 543 4936 L.
562 4899 585 4936 c.
603 4912 646 4920 -
666 4877 691 4953 ²)
709 4877 1042 4944 ternicositatis.
1061 4887 1089 4944 1.
1107 4903 1131 4944 c.
1149 4887 1178 4943 2.
1197 4882 1279 4966 Opp.
1297 4907 1329 4967 p.
1348 4883 1399 4949 70.
