3775 5625
433 599 562 669 nonnisi
581 599 811 668 convenienter
826 597 916 667 Deus
932 594 965 667 iir
981 597 1147 689 largienda
1163 595 1268 688 gratia
1284 595 1368 685 agit,
1384 613 1481 687 atque
1497 611 1557 686 pro
1573 611 1617 667 s'ua

435 712 561 779 infinita
577 713 733 797 sapientia
749 732 849 799 agere
867 723 986 796 potest,
1003 711 1289 775 adcommodatum.
1305 712 1394 775 llaec
1410 711 1496 775 euim
1513 724 1563 776 est
1575 733 1616 777 ua·

436 833 527 887 turae
543 834 677 887 nostrae
693 821 869 906 spiritualis
885 820 1021 896 indoles,
1038 842 1118 906 quae
1134 841 1192 905 per
1208 820 1345 907 gratiam
1362 820 1502 885 divinam
1518 841 1616 907 nequa·

436 952 532 1017 quam
554 930 748 1005 destruitur,
772 931 829 995 sed
847 942 953 995 tamen
970 929 1135 1014 perficitur
1151 951 1190 994 ae
1206 929 1361 1004 evehitur,
1376 942 1412 994 ut
1428 930 1616 995 solummodo

432 1061 483 1114 ea,
501 1061 582 1126 quae
599 1053 758 1126 tamquam
776 1043 861 1106 bona
878 1041 1068 1128 cognoverit
1085 1052 1117 1105 et
1133 1061 1243 1104 amore
1261 1041 1443 1124 amplexata
1457 1039 1568 1114 buerit,
1580 1040 1593 1103 s
1606 1077 1614 1090 ·

432 1148 496 1213 ciat
512 1163 544 1214 et
560 1162 764 1234 exsequatur.

854 1476 1107 1548 Articulus
1126 1475 1202 1547 111.

708 1670 772 1744 De
805 1670 1137 1747 distributione
1160 1672 1354 1771 praliae,

851 2001 877 2083 ξ.
896 1996 993 2067 110.
1011 1998 1209 2070 Summa.

537 2180 649 2239 Gratia
681 2178 769 2252 haec,
803 2184 892 2257 cujus
923 2186 1055 2243 indolem
1084 2185 1113 2242 in
1136 2183 1396 2261 praecedentibus
1428 2182 1617 2260 exposuimus

432 2297 494 2347 tam
513 2290 643 2349 aetualis
661 2308 749 2367 quam
773 2291 957 2363 habitualis,
976 2296 1077 2353 aDeo
1094 2294 1318 2372 benignissimo
1340 2293 1429 2352 nobis
1448 2288 1616 2352 conceditur

430 2399 468 2457 ob
491 2399 732 2466 redemtionem,
765 2420 841 2477 quae
864 2404 960 2462 estin
979 2404 1104 2462 Christo
1120 2403 1216 2483 desa,
1234 2403 1349 2480 gratis,
1367 2403 1434 2460 sine
1452 2403 1572 2461 meritis
1586 2420 1617 2460 er

429 2516 517 2583 parte
550 2515 673 2576 nostra,
697 2517 729 2567 et
755 2511 873 2588 quidem
891 2513 958 2581 ita,
991 2522 1025 2572 ut
1050 2513 1153 2597 gratia
1171 2512 1349 2587 justificans
1372 2531 1409 2571 ac
1427 2512 1618 2572 sanctificam

430 2615 469 2674 lis
501 2610 605 2686 detur,
638 2618 689 2692 qui
722 2618 758 2677 ad
794 2639 860 2679 eam
893 2623 1102 2699 recipiendam
1120 2630 1193 2681 sunt
1210 2621 1350 2698 dispositi
1374 2640 1410 2681 ac
1441 2621 1618 2698 praeparati,

431 2724 539 2801 gratia
556 2724 687 2783 actualis
705 2706 806 2786 autem
824 2731 979 2800 omnibus,
999 2732 1094 2805 justis
1112 2741 1144 2789 et
1166 2730 1258 2789 etiam
1281 2729 1405 2804 injustis
1427 2748 1485 2788 seu
1501 2728 1618 2788 infideli·

433 2834 490 2892 bus
508 2853 544 2894 ac
561 2837 794 2910 peccatoribus,
813 2843 931 2916 quando
949 2850 1045 2920 urget
1061 2842 1195 2900 divinum
1206 2850 1417 2917 praeceptum,
1435 2841 1618 2899 conseratur»

432 2943 590 3020 omnisque
624 2951 725 3003 tamet't
748 2947 874 3026 largitio
895 2952 1018 3029 gratiae
1045 2961 1096 3010 aut
1120 2950 1186 3026 ejus
1208 2949 1373 3027 denegatio
1391 2951 1561 3009 secuudum
1577 2967 1616 3006 sa·

432 3052 626 3127 pientissima
643 3054 770 3114 decreta
787 3057 888 3118 diviua
904 3060 967 3120 liat.

537 3157 588 3221 En
606 3178 761 3224 summam
779 3183 906 3239 eorum,
922 3185 1003 3251 quae
1019 3165 1051 3229 in
1068 3164 1203 3230 articulo
1220 3163 1283 3229 isto
1301 3163 1485 3249 exposituri
1508 3185 1616 3237 sumus,

433 3278 568 3353 agentes

541 3377 570 3439 1.
589 3376 628 3439 de
645 3379 791 3462 subjecto
808 3383 945 3469 gratiae,
964 3397 994 3448 et

540 3484 571 3547 2.
590 3486 628 3548 de
645 3491 945 3569 praedestinatione.

1009 3876 1057 3945 A.

782 4039 850 4113 De
878 4036 1066 4137 subjecto
1091 4041 1285 4138 pontiae.

944 4253 1049 4266 ’-

670 4351 695 4432 §-
715 4347 811 4417 111.
828 4346 989 4416 Gratia
1006 4342 1159 4414 omnis
1184 4344 1402 4431 gratuita.

532 4547 684 4623 Primum,
702 4549 787 4634 quod
803 4547 854 4612 hic
871 4546 1122 4611 consideratium
1138 4548 1328 4622 readiness,
1345 4547 1487 4636 gratiam
1501 4568 1621 4618 omnem,

441 4681 505 4723 non
517 4671 639 4723 tantum
655 4658 821 4732 actualem,
838 4658 944 4721 sedet
961 4655 1164 4732 habitualem,
1181 4657 1276 4721 nobis
1294 4658 1335 4721 ob
1353 4671 1497 4724 mortem
1510 4656 1621 4727 Christi,

440 4790 502 4854 qua
517 4767 612 4832 nobis
628 4766 744 4831 meruit
754 4765 937 4851 justificari,
953 4765 1066 4852 gratis,
1083 4765 1115 4829 id
1131 4779 1193 4842 est,
1210 4766 1303 4832 nullis
1321 4770 1528 4836 exstantibus
1543 4766 1620 4835 meri·

441 4877 482 4943 tis
498 4898 541 4942 ex
555 4888 647 4963 parte
663 4875 767 4942 nostri
784 4875 927 4941 concedi.
