3775 5625
1497 420 1560 508 m

394 583 542 650 humanum
557 604 745 668 perunum
761 582 923 648 Christum
939 583 1071 659 saltari,
1088 586 1353 670 quemadmodum
1373 608 1432 671 per
1448 610 1523 653 unu
1533 612 1562 653 m

393 696 474 760 Adam
487 691 636 780 perierat.
660 693 749 758 Unde
766 706 798 759 ct
814 693 1053 779 corruptionem
1075 695 1158 760 lrartc
1179 695 1391 762 universalem
1412 719 1470 783 per
1494 698 1559 784 pri·

394 825 461 868 ιιιιιιι
477 802 638 869 bominem
659 802 842 869 adcuratins
865 803 1033 877 describit,
1056 804 1100 870 ita
1121 818 1156 869 ut
1171 804 1298 870 dubium
1315 808 1433 872 nullum
1450 829 1561 893 super-

395 933 453 978 esse
474 912 592 998 possit,
610 914 705 999 juxta
731 917 765 977 S.
792 916 984 1000 Apostolum
1006 935 1070 978 non
1087 928 1207 980 tantum
1223 928 1360 981 mortem
1377 929 1409 981 et
1424 916 1563 1004 reliquas

395 1023 459 1088 ritae
471 1043 650 1098 aerumnas,
666 1022 780 1109 quibus
802 1024 1007 1109 subjicimur,
1028 1026 1086 1088 sed
1102 1036 1135 1089 et
1150 1028 1305 1091 maculam
1321 1025 1479 1092 internam
1496 1028 1561 1093 ani·

395 1155 449 1199 mae
475 1155 494 1199 s
521 1132 804 1220 protoparentibus
836 1147 971 1220 propter
1002 1147 1137 1200 tractam
1169 1137 1207 1201 ab
1238 1135 1319 1221 ipsis
1345 1135 1502 1225 originem
1530 1137 1562 1202 in

397 1265 443 1310 nos
457 1243 640 1310 transfundi.
672 1243 758 1309 Dicit
773 1244 857 1309 enim

478 1378 507 1419 s.
542 1353 575 1418 in
602 1352 704 1439 priori
732 1355 823 1427 loco,
858 1376 919 1436 per
951 1376 1052 1418 unum
1080 1361 1254 1432 bominem,
1290 1355 1310 1421 i.
1343 1377 1371 1421 c.
1408 1359 1507 1422 Adam
1526 1360 1562 1438 ¹),

396 1472 536 1543 puratum
560 1471 596 1528 in
611 1468 766 1527 mundum
781 1471 972 1545 intravisse,
990 1474 1024 1528 el
1033 1488 1094 1547 per
1106 1475 1275 1547 peccalum
1291 1476 1447 1550 mortem,
1465 1478 1498 1532 st
1514 1476 1562 1532 ila

397 1579 532 1638 isomm
546 1581 695 1638 bominss
710 1583 846 1637 mortem
859 1583 1106 1656 pertransiisse,
1124 1584 1201 1660 quia
1217 1583 1252 1640 r‘n
1266 1580 1337 1657 illo,
1357 1599 1420 1642 uno
1437 1576 1562 1643 scilicet

399 1680 507 1760 bomine,
523 1685 713 1765 (alvertunt
726 1707 777 1764 eo,
796 1688 893 1767 quod,
908 1706 935 1749 s.
948 1690 1040 1767 quia)
1058 1707 1168 1748 orrrner
1180 1696 1371 1767 peccarunt,
1388 1707 1446 1751 seu
1464 1699 1498 1750 nt
1513 1686 1559 1751 in-

373 1815 379 1830 ¹
400 1789 473 1857 larius
486 1792 609 1873 dicit2),
622 1803 815 1876 peccatores
831 1801 1000 1858 constituti
1015 1804 1106 1876 sunt,
1125 1794 1144 1860 i.
1162 1816 1189 1860 e.
1206 1816 1264 1880 per
1280 1817 1376 1862 unum
1387 1795 1560 1872 bominem,

403 1901 539 1979 Μιιιιιιιιι,
560 1916 727 1989 peccatum
750 1904 869 1968 illatum
886 1925 960 1970 esse
977 1903 1008 1968 in
1025 1925 1129 1991 genus
1146 1907 1332 1982 humanum,
1349 1919 1382 1971 et
1398 1928 1470 1971 curn
1486 1926 1559 1990 pec·

400 2021 450 2075 stu
475 2012 591 2078 illatam
623 2034 698 2080 esse
722 2027 875 2089 mortem,
906 2013 991 2079 illius
1014 2013 1162 2079 effectum
1186 2036 1243 2080 seu
1266 2036 1420 2102 poenam,
1437 2027 1470 2079 et
1487 2014 1560 2079 binc

398 2115 459 2197 ieri,
485 2135 519 2188 ut
549 2144 662 2189 omnes
688 2124 834 2189 homines
860 2125 955 2189 morti
977 2124 1041 2189 sint
1058 2124 1201 2201 obnoxii,
1218 2124 1291 2211 quia
1306 2146 1419 2190 omnes
1435 2123 1560 2210 pcccati

329 2313 333 2318 ι
398 2230 539 2318 participes
555 2233 588 2298 in
605 2234 659 2298 illo
681 2254 745 2298 uno
762 2245 836 2298 sunt
852 2232 967 2299 effecti.
992 2234 1097 2299 Docet
1112 2232 1210 2321 igitur
1225 2236 1413 2321 Apostolus,
1430 2254 1559 2299 causam

396 2340 482 2407 nortis
497 2364 573 2409 esse
589 2357 766 2428 peccatum,
782 2343 803 2409 i.
820 2365 848 2409 e.
866 2345 989 2429 culpam
1006 2343 1146 2428 peccati,
1168 2366 1233 2410 non
1254 2346 1324 2429 ejus
1341 2342 1490 2410 effectum
1506 2356 1560 2408 aut

396 2455 539 2535 oquetsm,
551 2474 631 2539 quae
642 2452 747 2538 potius
760 2475 849 2518 mors
862 2466 922 2528 est,
940 2475 997 2538 per
1010 2453 1084 2517 illud
1101 2455 1246 2529 adducta,
1259 2466 1291 2517 et
1306 2452 1380 2518 hinc
1395 2453 1449 2518 ubi
1458 2474 1559 2528 mors,

394 2552 534 2628 bedam
567 2575 618 2627 est
649 2576 825 2649 peccatum.
866 2564 968 2642 Qunam
989 2577 1095 2630 autem
1115 2564 1211 2628 etiam
1227 2563 1366 2628 infantes
1382 2563 1447 2627 sint
1463 2561 1559 2627 morti

394 2665 513 2748 obnoxii,
545 2685 580 2738 et
607 2694 704 2758 saepe
727 2675 919 2750 moriantur,
953 2687 1120 2760 antequam
1141 2674 1300 2760 quidpiam
1321 2672 1397 2739 boni
1418 2674 1468 2737 vel
1484 2671 1558 2738 mali

392 2781 495 2866 popm
517 2784 681 2848 voluntate
697 2796 824 2868 patrare
840 2783 981 2868 possint,
998 2795 1031 2848 et
1056 2804 1137 2870 quos
1153 2782 1225 2869 ipsa
1246 2785 1280 2849 S.
1298 2780 1467 2868 Scriptura
1483 2780 1557 2847 nibil

390 2886 475 2972 egissa
489 2893 566 2957 boni
582 2895 632 2957 vel
648 2893 722 2958 mali
737 2906 873 2958 testatur
883 2899 926 2973 ⁴);
943 2915 1003 2958 seu
1019 2906 1054 2958 nt
1070 2905 1312 2980 argumentatur
1328 2893 1397 2978 ipse
1413 2896 1553 2978 Aposto-

390 2990 436 3075 Νι,
462 3025 531 3069 cum
557 3016 630 3068 ante
652 3005 758 3091 legem
774 3017 908 3089 peccata
922 3026 988 3069 non
1004 3004 1254 3089 imputarentur,
1272 3003 1396 3069 scilicet
1411 3004 1453 3067 ad
1468 3024 1553 3069 mor·

389 3112 444 3185 bn,
458 3112 527 3199 quia
542 3114 628 3177 nulla
640 3114 787 3194 exstabat
803 3115 865 3188 lex,
883 3115 974 3198 cujus
992 3113 1155 3179 violationi
1175 3113 1290 3179 mortis
1312 3134 1418 3198 poena
1433 3134 1553 3197 propo·

388 3210 433 3283 'lla
449 3234 547 3298 esset,
579 3235 612 3287 et
642 3222 739 3287 nihilo
767 3222 875 3288 secians
898 3232 1055 3302 regnaret
1083 3245 1174 3285 mors
1196 3225 1367 3287 redddam
1388 3226 1557 3304 usquead

387 3322 519 3411 Moysen,
552 3341 650 3397 etiam
675 3341 710 3396 in
730 3356 802 3410 eos,
834 3343 889 3417 qui
913 3357 980 3397 reon
1007 3341 1226 3415 peccaverunt
1249 3340 1285 3395 in
1309 3335 1553 3395 similitudinem

384 3451 657 3511 rauarteasonts
679 3445 824 3523 Adoe⁵):
864 3466 927 3508 nnn
950 3465 1124 3528 possmnus
1147 3454 1337 3527 peccatores
1360 3462 1418 3526 per
1438 3461 1552 3525 pecca-

387 3550 436 3612 lun
452 3553 563 3618 Adami
584 3552 748 3618 constituti
772 3573 862 3628 esse,
895 3553 968 3639 qnia
989 3553 1095 3638 ipsum
1112 3563 1285 3636 peccantes
1301 3548 1477 3625 imitamur,
1495 3550 1553 3614 sed

385 3658 482 3726 butum
498 3661 648 3749 quoniam
663 3664 702 3727 ab
718 3661 790 3747 ipso
809 3675 915 3726 ortum
931 3662 1097 3726 trahimus.
1122 3660 1244 3726 Deinde
1260 3659 1293 3724 id
1308 3659 1414 3744 ipsum
1425 3661 1494 3744 jam
1511 3679 1553 3724 ex

383 3767 486 3838 Verbis:
525 3776 576 3837 Et
596 3781 644 3837 ita
670 3782 706 3836 r‘n
728 3796 839 3837 omnes
853 3781 1001 3836 homines
1017 3795 1108 3834 mors
1125 3778 1182 3851 (ex
1198 3771 1319 3850 Adam)
1340 3774 1550 3851 pertransiit,

381 3868 426 3937 teu
437 3883 590 3967 pervenit,
602 3882 735 3962 διῆλθεν,
753 3883 929 3970 colligitur3
948 3881 1062 3968 quibus
1078 3881 1246 3955 indicatur,
1264 3900 1376 3943 omnes
1388 3880 1477 3943 Adae
1494 3899 1550 3962 po·

375 3987 468 4059 sillos
491 4016 564 4060 cum
586 4015 641 4069 eo,
666 3996 749 4080 quod
766 3993 879 4058 attinet
895 3994 934 4057 ad
951 4004 1103 4065 mortem,
1122 3992 1317 4075 conjunctos
1335 4009 1409 4053 esse
1427 4000 1459 4052 et
1475 4008 1551 4051 con·

369 4100 482 4179 neltos,
513 4102 711 4190 praepositio
745 4102 796 4162 dio
832 4102 915 4167 enim
948 4100 1117 4166 transitum
1149 4099 1283 4172 indicat;
1317 4110 1490 4184 quaproter
1520 4108 1553 4160 et

359 4184 498 4280 Paulus
529 4213 561 4279 in
595 4213 800 4299 sequentibus
833 4212 962 4286 scribit,
993 4219 1093 4274 onius
1117 4213 1233 4273 delicto
1256 4211 1378 4271 multos
1400 4215 1550 4271 mortuos

353 4314 446 4402 ΨΘ,
463 4336 556 4410 atque
572 4332 672 4388 unius
689 4327 805 4386 delicto
823 4332 961 4385 mortem
978 4343 1135 4401 reparasse
1147 4343 1215 4402 per¹
1229 4317 1375 4397 unorn⁶).
1417 4318 1507 4397 Quod
1523 4314 1551 4380 si

345 4418 465 4498 mem
495 4434 626 4521 quisque
659 4433 718 4499 sibi
750 4434 891 4519 peccatis
912 4431 1137 4517 personalibus
1160 4441 1297 4492 mortem
1314 4440 1459 4512 pararet,
1476 4425 1549 4491 talis

340 4555 574 4603 M-

466 4658 492 4739 ¹)
510 4659 554 4720 cf.
571 4680 600 4725 v.
619 4656 671 4721 14.
697 4694 738 4701 -
757 4662 787 4731 ²)
803 4658 841 4719 V.
860 4654 912 4718 19.
935 4691 977 4699 -
1002 4649 1029 4737 ³)
1046 4652 1092 4717 Of.
1109 4674 1136 4713 v.
1156 4649 1207 4714 16.
1223 4649 1468 4729 Namjudiciom
1485 4621 1550 4724 pui-

339 4722 430 4805 dem
444 4770 479 4811 w
492 4772 552 4811 uno
567 4750 605 4809 in
621 4748 969 4809 condemnationem.
986 4746 1028 4805 Et
1046 4742 1074 4806 1.
1092 4742 1163 4803 Cor.
1174 4737 1226 4813 15,
1244 4738 1297 4804 56.
1315 4777 1355 4786 -
1375 4739 1480 4817 ⁴)VV.
1497 4736 1549 4800 13.

343 4812 1078 4924 Qnmwm-wmmn

1334 4939 1380 5002 9*
