3775 5625
1470 442 1536 512 eoa

345 651 462 697 omues
477 643 591 719 gentes
607 642 700 715 atquae
718 650 832 694 omnes
848 616 1085 718 generaliones.
1126 629 1199 713 lpse
1215 626 1300 692 enim
1317 629 1356 692 ad
1372 628 1434 692 hoc
1451 628 1539 692 venit

344 741 378 805 in
395 742 559 816 mundum,
576 753 611 805 ut
625 740 844 805 testimonium
859 739 1042 824 perhiberet
1058 736 1229 816 veritati1).
1246 736 1402 802 Doctrina
1419 736 1540 806 Christi

344 871 451 935 porro
467 863 518 915 est
534 850 774 924 certissima,
791 861 900 933 utpote
918 870 982 913 non
998 850 1144 923 hnmana,
1161 849 1219 912 sed
1236 846 1351 921 divina,
1368 859 1462 932 atque
1480 867 1540 911 ceu

345 958 423 1023 talis
450 959 640 1041 certissimis
655 958 849 1024 testimoniis
865 958 995 1033 divinis,
1012 957 1174 1022 miraculis
1199 970 1291 1043 atque
1309 955 1483 1031 vaticiniis,
1501 957 1540 1020 ah

345 1068 422 1153 ipso
455 1069 682 1134 demonstrata.
721 1071 763 1134 Et
794 1069 868 1133 hinc
899 1090 1024 1155 quoquc
1057 1067 1203 1132 doctrina
1226 1069 1305 1132 haec
1322 1080 1372 1132 est
1394 1066 1542 1130 homini

347 1178 744 1254 convenientissima,
761 1191 854 1264 atque
871 1179 943 1243 ideo
962 1178 1057 1243 etiam
1082 1176 1375 1243 efficacissima.
1400 1178 1474 1262 lpsa
1495 1188 1540 1240 te·

347 1288 470 1352 nehras
486 1288 608 1353 erroris
625 1288 773 1374 dispellit,
790 1289 829 1354 ad
845 1309 955 1352 veram
970 1287 1266 1376 Deieognitionem
1278 1285 1434 1373 perducit,
1452 1286 1543 1349 timo-

348 1398 693 1474 nenecessitatem,
727 1399 830 1465 omnis
852 1400 947 1464 studii
972 1399 1151 1463 honestatis
1177 1398 1268 1484 quasi
1295 1397 1543 1469 fundamentum,

350 1506 483 1582 excitat,
500 1509 540 1571 ad
550 1508 815 1594 justificationem
835 1522 1024 1595 praeparat,
1048 1509 1126 1574 etin
1144 1530 1181 1573 ea
1199 1520 1379 1573 conservat.
1419 1504 1545 1569 lnitium

350 1616 438 1681 enim
465 1616 708 1701 justificationis
731 1632 862 1684 nostrae
888 1643 960 1685 curn
992 1621 1061 1683 Deo
1086 1633 1136 1684 est
1156 1608 1226 1704 ejus
1244 1617 1441 1706 segnitior),
1464 1634 1544 1700 quae

350 1746 411 1810 per
428 1725 591 1791 Christum
608 1728 793 1813 plenissima
809 1729 903 1793 nohis
920 1730 1005 1795 facta
1021 1742 1071 1794 est
1082 1731 1129 1807 3),
1161 1728 1213 1814 qui
1234 1750 1298 1793 nna
1323 1749 1359 1792 se
1381 1725 1546 1811 perfectae

352 1834 535 1901 sanctitatis
561 1840 725 1923 exemplar
742 1840 836 1903 nohis
854 1839 1013 1915 exhihuit,
1035 1853 1069 1904 ut
1092 1839 1357 1925 quemadmodum
1374 1836 1443 1921 ipse
1460 1832 1547 1906 fecit,

352 1945 398 2010 ita
415 1958 448 2010 et
464 1968 525 2011 nos
541 1946 697 2013 faciamus
705 1947 742 2036 ⁴).

464 2061 595 2122 Adnot.
636 2062 733 2137 Quum
756 2083 834 2142 ergo
853 2064 997 2123 Christus
1016 2073 1123 2123 noster
1140 2064 1292 2142 magister
1309 2062 1350 2121 sit
1366 2079 1402 2122 ae
1419 2058 1547 2138 legisla-

354 2179 426 2228 tor:
466 2170 637 2230 doctrinam
671 2174 738 2246 ejus
771 2174 859 2232 lirma
880 2175 938 2232 fide
963 2176 1202 2250 amplectamur,
1224 2173 1386 2251 legemque
1409 2178 1558 2228 sanctam.-

355 2296 454 2355 prono
472 2280 572 2339 auimo
589 2299 767 2358 sequamur,
784 2301 907 2358 semper
918 2301 992 2359 prae
1010 2284 1108 2343 oculis
1126 2283 1192 2357 eJ'us
1209 2283 1303 2342 vitam
1321 2279 1550 2341 sanctissimam

356 2386 528 2457 habentes,
542 2369 584 2447 ut
604 2390 670 2467 lpse
688 2391 870 2462 ambulavit,
898 2403 929 2451 et
945 2410 1002 2451 nos
1020 2394 1220 2455 ambulemus.
1264 2389 1345 2450 Toto
1363 2390 1473 2449 cordis
1490 2362 1550 2465 αἰ-

351 2498 461 2574 Ῑοσίιι,
480 2498 523 2556 ait
541 2501 613 2557 Leo
630 2502 684 2571 lde,
701 2503 908 2577 conformari
924 2499 1112 2562 Redemtora'
1127 2508 1244 2561 nostro
1257 2519 1317 2579 per
1334 2498 1427 2560 illiue
1442 2515 1550 2558 emem-

350 2605 414 2685 pla
429 2610 585 2668 vetamur.
619 2608 716 2667 Nihil
735 2614 819 2668 enim
836 2630 902 2670 non
915 2612 965 2669 od
982 2616 1132 2693 nostram
1149 2609 1290 2670 salutem
1313 2615 1374 2668 aut
1391 2612 1467 2685 cyil,
1493 2610 1554 2665 aut

350 2716 513 2794 pertulit:
553 2723 591 2777 ut
619 2722 726 2777 virtue
737 2763 749 2796 ,
775 2739 861 2800 quae
883 2725 995 2781 inerat
1017 2724 1133 2799 copiti,
1159 2725 1284 2781 inesset
1303 2725 1403 2780 ctiam
1427 2723 1460 2777 el
1474 2733 1553 2774 eor·

307 2924 311 2931 ,
351 2821 482 2910 poan-

1177 3013 1183 3042 l

779 3233 1037 3307 Articulus
1066 3230 1141 3305 111.

639 3433 703 3507 De
730 3456 908 3506 munere
945 3427 1116 3506 Christi
1143 3431 1274 3528 reqio.

745 3755 771 3837 ξ.
791 3751 854 3821 to.
873 3749 1181 3821 Prooemium.

307 3768 312 3845 l.

307 3870 336 4047 l
467 3937 689 3997 Verumtamen
722 3939 862 4015 quamvis
895 3938 1042 3997 Christus
1067 3937 1218 3996 Dominus
1245 3946 1278 3996 ut
1301 3934 1456 4013 Propheta
1473 3935 1553 3994 viam

307 4062 313 4095 =·.
357 4046 473 4106 salutis
489 4067 545 4125 per
562 4049 734 4108 doctrinam
751 4068 837 4107 suam
855 4058 944 4125 atque
963 4049 1056 4107 vitam
1070 4047 1298 4108 sanctissimam
1316 4046 1553 4105 monstraverit:

307 4098 315 4191 l
357 4157 453 4216 etiam
470 4156 566 4218 hocce
583 4159 714 4217 nondum
732 4159 858 4220 suflicit.

307 4192 313 4381 l
465 4267 587 4325 Etenim
620 4257 710 4344 quum
732 4269 814 4326 omni
836 4278 974 4344 tempore
992 4268 1130 4326 homines
1149 4267 1315 4333 exsistant,
1339 4266 1390 4344 qui
1414 4265 1554 4327 doctrina

307 4375 483 4451 Christi
499 4377 627 4453 primum
644 4379 798 4437 imbuendi
815 4377 892 4448 sint,
918 4378 1047 4456 reliquis
1070 4387 1170 4437 autem
1187 4376 1264 4436 haec
1282 4376 1425 4484 continuo
1442 4376 1472 4434 in
1491 4393 1553 4432 me·

490 4611 625 4691 ¹.)Joan
646 4610 698 4684 18,
716 4611 770 4677 37.
803 4650 844 4659 -
878 4613 1013 4694 ².)Joan
1032 4607 1553 4686 17,3.-³)J0a111,1l-—18

307 4666 314 4743 l
307 4701 561 4785 Augustin
598 4708 647 4765 lh
681 4708 729 4766 96.
757 4704 790 4763 in
810 4708 903 4764 Joan
925 4726 955 4767 n
982 4709 1011 4765 4.
1046 4702 1126 4784 opp.
1149 4705 1186 4764 Τ
1210 4701 1240 4765 3.
1263 4704 1300 4768 P
1321 4702 1351 4765 2.
1375 4723 1400 4766 c
1419 4699 1494 4766 735.
1512 4739 1552 4745 -

307 4789 642 4973 220932231133
653 4792 1110 4968 10542οᾒ1ρ51231ἵ1Ρ96
1128 4793 1158 4870 2,
1176 4793 1431 4876 21-230--5
1456 4791 1552 4856 Seruo.

1293 4984 1338 5061 24
