3775 5625
1460 416 1503 483 tt

311 584 420 657 hebet,
447 581 591 669 quamvis
611 602 670 667 per
694 601 731 646 se
751 581 821 646 sola
837 580 999 646 exsistere
1015 579 1138 664 possit,
1154 600 1257 667 neque
1272 580 1368 646 etiam
1384 604 1506 668 corpus

310 714 423 758 verum
440 692 565 767 mimal,
581 703 693 776 utpote
709 689 842 775 proprio
859 688 943 754 vitae
959 688 1130 774 principio,
1146 702 1182 753 ut
1197 690 1294 774 ajunt,
1310 691 1396 755 baud
1412 712 1503 777 prae·

309 802 420 867 ditum
452 803 529 867 ldeo
545 812 651 867 eutem
666 799 795 865 minime
811 799 907 864 statui
922 811 1045 884 potest,
1067 820 1189 884 corpus
1203 800 1374 865 humanum
1391 822 1503 887 capro·

308 923 382 996 pter
407 910 541 976 inferius
566 922 620 975 ant
642 908 735 974 vilius
756 929 831 973 esse
854 908 1048 993 corporibus
1064 906 1262 993 reliquorum
1282 909 1504 985 animantium

308 1042 384 1086 nam
407 1022 493 1107 quod
516 1019 579 1105 ipsi
599 1016 714 1084 naturai
735 1019 840 1092 deest,
865 1039 924 1103 per
944 1016 1081 1082 animam
1102 1016 1291 1084 rationalem
1313 1021 1410 1107 longe
1427 1020 1503 1086 emi·

308 1129 492 1195 nentiorem
508 1149 547 1194 ac
562 1128 830 1213 praestantiorem
847 1128 1022 1212 suppletur.

418 1238 542 1303 Deinde
557 1237 661 1303 anima
677 1236 842 1302 rationalis
859 1234 999 1321 quidem,
1021 1248 1176 1322 quatenus
1194 1258 1313 1323 corpus
1330 1239 1504 1306 animatae

306 1347 460 1421 vivificat,
472 1368 492 1412 a
502 1368 641 1432 corpore
659 1346 787 1412 minime
804 1358 855 1411 est
870 1345 1017 1428 sejuncta
1033 1357 1088 1409 aut
1103 1358 1268 1430 separata;
1286 1359 1425 1413 attamen
1441 1351 1505 1415 boc

308 1478 375 1522 non
399 1450 552 1522 obstante
570 1474 612 1521 ex
631 1456 732 1521 altera
753 1467 844 1540 parte
869 1477 933 1519 non
950 1467 1012 1530 est,
1028 1466 1125 1540 prout
1141 1454 1264 1521 formae
1279 1477 1387 1522 rerum
1404 1458 1503 1524 inani·

307 1578 467 1631 matarum
483 1578 516 1631 et
532 1564 627 1630 etiam
643 1564 749 1629 anima
764 1562 946 1629 animalium
963 1585 1005 1629 ex
1019 1563 1154 1628 materia
1169 1565 1294 1640 educta,
1319 1586 1338 1630 a
1364 1588 1504 1653 corpore

307 1695 447 1759 prorsus
461 1673 656 1749 indistincta,
673 1675 731 1739 sed
745 1672 818 1759 ipsa
832 1674 1009 1738 secundum
1025 1694 1061 1737 se
1078 1694 1204 1759 qnoque
1221 1658 1397 1761 estoliduid
1408 1678 1502 1743 abso·

307 1785 419 1860 lutum,
436 1797 469 1851 et
483 1785 619 1870 proinde
634 1783 729 1848 etiam
745 1796 888 1868 potesta
904 1804 1043 1869 corpore
1060 1782 1205 1869 separari
1220 1795 1253 1848 et
1268 1784 1337 1848 sine
1354 1805 1503 1871 corpore,

308 1899 402 1983 cujus
422 1896 526 1959 forma
542 1905 601 1968 est,
634 1891 803 1967 exsistere,
835 1890 979 1979 quamvis
995 1893 1076 1958 baec
1092 1894 1161 1978 ejus
1178 1892 1367 1959 exsistentia
1381 1894 1502 1961 incom-

281 2000 283 2006 ’
306 2010 395 2095 plets
415 2017 448 2070 et
467 2015 599 2069 eatenus
619 2002 807 2087 imperfecta
822 2001 873 2067 sit.
890 2001 979 2067 Unde
996 2014 1029 2066 et
1043 2004 1265 2087 Apostolus
1282 2002 1409 2069 scribit:
1437 2007 1504 2084 oei

307 2136 433 2189 umes,
450 2112 504 2187 ait,
512 2118 549 2175 irs
563 2115 625 2176 boo
641 2117 862 2184 tabernaculo,
878 2117 1118 2190 inremiscimus
1132 2119 1274 2191 precati,
1291 2136 1328 2177 eo
1346 2124 1433 2194 quod
1445 2137 1502 2182 no·

308 2232 418 2288 tumre
432 2226 629 2302 exspoliari,
647 2228 705 2283 red
717 2226 944 2301 supervestiri,
961 2234 1000 2284 et
1018 2227 1248 2300 absorbeatur,
1266 2233 1353 2304 quod
1366 2234 1504 2291 mortale

307 2346 370 2415 est,
388 2355 410 2395 a
424 2336 499 2395 vite.

420 2437 503 2504 Tum
519 2438 783 2525 quemadmodum
799 2436 904 2503 anima
920 2437 1087 2505 rationalis
1105 2438 1267 2525 propriam
1278 2442 1382 2519 babet,
1394 2464 1501 2528 quam·

309 2550 359 2615 vis
383 2570 450 2614 uon
471 2547 680 2632 completam,
696 2545 918 2611 exsistentiam
934 2567 993 2631 per
1009 2568 1063 2623 se,
1079 2560 1111 2612 et
1131 2561 1182 2613 est
1201 2549 1378 2615 substantia
1394 2572 1413 2617 a
1429 2572 1501 2617 cor·

307 2679 390 2744 pore
415 2656 575 2731 distincta,
599 2676 672 2719 cum
694 2676 735 2721 eo
757 2666 863 2718 tamen
886 2654 996 2719 intime
1013 2658 1170 2741 copulata,
1189 2657 1234 2722 ita
1253 2658 1349 2723 etiam
1374 2673 1503 2745 praeter

307 2767 421 2842 vitam,
453 2786 547 2852 quam
568 2786 640 2830 cum
663 2784 805 2849 corpore
825 2764 1054 2841 communicet,
1076 2777 1108 2830 et
1129 2786 1223 2852 quam
1248 2766 1281 2831 in
1298 2768 1502 2855 oppositione

308 2874 485 2962 spiritualis
501 2875 552 2941 vel
566 2874 699 2940 moralis
710 2873 875 2960 physicam
891 2876 1051 2961 adpellare
1068 2876 1152 2951 licet,
1167 2877 1200 2940 in
1216 2877 1334 2942 virtute
1348 2881 1502 2965 operandi

307 3002 349 3050 ex
364 3005 403 3050 se
419 2997 451 3049 et
466 2984 624 3050 sentiendi
639 2983 744 3059 sitam,
752 2983 847 3051 aliam
862 2985 966 3050 adhuc
982 2984 1044 3049 sibi
1059 2985 1223 3070 propriam
1238 2985 1336 3052 vitem
1352 2988 1500 3074 spiritua·

305 3094 368 3159 lem
388 3094 500 3168 babet,
527 3114 587 3178 pro
611 3113 673 3177 qua
700 3091 873 3179 cognoscit
898 3104 931 3157 et
955 3091 1055 3158 libere
1080 3094 1200 3179 appetit
1221 3115 1280 3160 scu
1299 3097 1380 3173 vult,
1408 3110 1503 3184 atque

304 3202 404 3268 etism
422 3201 553 3286 corpori
568 3202 761 3277 dominatur,
778 3221 880 3287 eoque
895 3201 998 3266 instar
1013 3202 1216 3268 instrumenti
1232 3205 1283 3269 sui
1297 3205 1396 3271 utitur
1404 3208 1440 3288 ¹).

416 3309 560 3397 Denique
581 3309 645 3375 vita
666 3296 816 3395 corporis
838 3310 982 3395 quamvis
1004 3309 1048 3374 sit
1068 3312 1106 3376 ab
1128 3312 1234 3377 anima
1249 3313 1398 3381 rationali
1413 3317 1500 3382 exci-

299 3431 370 3487 tata
386 3430 421 3483 et
436 3418 466 3483 ei
481 3418 684 3504 participata:
709 3430 815 3484 tamen
831 3440 895 3483 non
912 3431 963 3484 est
979 3432 1071 3484 extra
1087 3441 1221 3506 corpus,
1238 3423 1345 3487 sedin
1361 3445 1502 3510 corpore

289 3528 494 3603 inhaerens,
526 3530 659 3615 ejusque
682 3528 829 3614 propria,
851 3530 963 3613 utpote
983 3531 1068 3614 quod
1088 3551 1148 3615 pro
1172 3551 1231 3596 sua
1251 3530 1358 3598 indole
1375 3533 1501 3619 qttidem

290 3635 367 3704 vitia
383 3633 468 3722 ipsi,
483 3658 547 3701 non
564 3649 671 3702 antem
686 3634 829 3722 potentii
845 3657 903 3702 seu
918 3637 1068 3702 facultate
1078 3638 1206 3704 vivendi
1217 3639 1408 3707 destituitur.
1425 3643 1501 3708 lude

287 3745 578 3832 eutem,quoniam
593 3745 659 3810 vita
674 3746 714 3810 ab
731 3745 835 3810 anima
849 3744 997 3810 rationali
1014 3747 1145 3832 corpori
1161 3748 1351 3834 participata
1366 3763 1417 3815 est
1427 3771 1499 3816 cor·

282 3855 395 3941 poris
411 3854 554 3940 propria,
569 3866 663 3940 atque
679 3854 812 3940 insuper
828 3867 878 3919 est
894 3854 1023 3920 nonnisi
1038 3855 1386 3946 physice,intelligitur‚
1403 3881 1501 3946 quare

280 3966 364 4030 vita
377 3962 530 4048 corporis
543 3963 627 4028 vitae
638 3962 762 4028 animae
777 3961 934 4048 spirituali
950 3984 1009 4028 seu
1020 3963 1169 4028 rationali
1179 3978 1360 4051 opponatur
1365 3991 1374 4041 ;
1392 3989 1498 4055 quam·

279 4074 475 4141 admotum
494 4073 583 4149 inde,
605 4073 755 4161 quoniam
771 4094 870 4138 causa
890 4093 949 4136 seu
965 4071 1157 4158 principium
1172 4073 1257 4139 vitae
1278 4077 1428 4160 corporis
1450 4091 1500 4144 est
1568 4155 1571 4159 ἱ

279 4184 409 4249 anima
440 4181 617 4260 rationalis,
647 4182 834 4270 percipitur,
866 4202 964 4268 qnare
996 4181 1102 4247 anima
1132 4181 1164 4246 in
1192 4182 1260 4248 suis
1283 4184 1499 4252 bructionibus

272 4299 356 4357 'seu
382 4288 564 4369 actionibus
586 4291 801 4376 spiritualibus
823 4311 842 4355 a
864 4310 1003 4375 corpore
1023 4312 1148 4377 quoque
1168 4293 1314 4376 pendeat,
1338 4307 1370 4358 et
1385 4293 1499 4360 iisdem

280 4395 450 4465 vicissim
465 4397 498 4462 in
515 4420 634 4485 corpus
649 4399 769 4464 induat.

415 4672 445 4748 ¹)
461 4672 551 4733 Unde
568 4683 598 4734 at
615 4672 824 4752 Gregorius
840 4675 927 4739 Nae.
944 4695 1061 4755 corpus.
1079 4675 1193 4737 animae
1210 4670 1361 4754 συνεργόν,
1379 4680 1498 4757 adjmo-

299 4778 373 4836 rem,
391 4759 523 4840 συγγενὲς
541 4761 592 4820 rel
607 4757 784 4839 ὁμόδουλον,
800 4755 974 4839 ebriosior,
992 4771 1150 4842 coponium
1167 4776 1195 4827 et
1209 4785 1390 4844 conservum,
1407 4778 1499 4852 atque

307 4841 557 5025 ppypgqpqprdpop,
571 4853 792 5007 pppaeredem
817 4852 961 4932 adpellet.
981 4857 1032 4916 Or.
1056 4859 1105 4922 14.
1125 4878 1157 4922 m
1179 4861 1227 4918 67.
1254 4850 1344 4937 Opp,
1360 4859 1407 4924 ed.
1424 4860 1497 4925 Per.
