3775 5625
337 404 380 472 62

334 576 396 635 lus
426 568 554 634 scribit:
589 572 739 631 Videmus
763 588 849 631 nune
870 589 931 647 per
953 572 1174 647 speculantia
1204 575 1403 651 aenigmate.-
1437 585 1524 638 tunc

333 693 464 746 autem
500 683 609 755 facie
636 681 875 753 adfaciem.
916 679 1015 741 Nune
1044 688 1203 758 capnoseo
1229 702 1273 744 aa
1297 694 1410 760 parte:
1444 694 1526 748 tuae

333 802 459 855 autem
497 808 741 869 copnoaeam,
790 792 893 851 sicot
932 800 975 851 et
1012 795 1199 868 seqnitur
1229 795 1359 872 saw).
1401 792 1468 856 lmo
1499 804 1527 857 et

332 898 438 984 ipsum
455 919 574 983 corpus
592 918 651 962 sua
665 895 834 961 illustratio
852 917 890 960 ac
906 895 1042 960 beatitas
1059 903 1211 978 manet2).

441 1013 589 1074 Attamen
607 1008 680 1093 quid
695 1029 776 1092 opus
784 1019 835 1070 est
851 1006 1067 1071 testimoniis?
1085 1028 1192 1071 aunon
1202 1010 1272 1093 jam
1285 1008 1356 1096 ipsa
1368 1009 1528 1086 revelatio,

334 1099 413 1205 iprae
430 1118 558 1183 nonnisi
573 1116 762 1182 veritatibus
779 1115 869 1190 fidei,
885 1098 1069 1202 praeceptis
1086 1138 1213 1181 morum
1230 1130 1323 1205 atque
1340 1119 1527 1205 promissio-

333 1229 427 1294 nibus
444 1242 510 1293 tnm
526 1227 650 1315 gratiae
672 1225 795 1290 divinae
820 1238 885 1289 tum
908 1224 1068 1290 felicitatis
1091 1239 1240 1293 aeternae
1265 1241 1410 1306 constat,
1434 1251 1528 1317 porro

333 1338 490 1403 redemtio
514 1358 572 1423 per
595 1335 774 1410 Christum,
806 1355 867 1419 qna
888 1355 946 1420 per
975 1348 1142 1419 peccatum
1164 1358 1182 1400 a
1203 1338 1273 1402 Deo
1303 1338 1474 1404 abalienati
1504 1338 1529 1404 ei

333 1468 447 1511 rursus
469 1444 731 1518 reconciliamur,
755 1457 848 1530 atque
871 1443 1013 1508 fundatio
1035 1445 1218 1520 Ecclesiae,
1244 1468 1323 1531 quae
1346 1447 1443 1513 nobis
1465 1447 1529 1513 illas

332 1555 487 1619 veritates
518 1554 610 1630 fidei,
649 1555 780 1642 regulas
817 1575 943 1617 morum
975 1573 1013 1616 ac
1044 1552 1149 1618 divina
1177 1569 1351 1642 praecepta
1380 1557 1529 1622 continuo

333 1678 508 1751 proponat,
540 1664 677 1753 gratiam
705 1664 765 1728 llai
794 1662 1014 1728 necessariam
1036 1662 1186 1747 impetret
1214 1685 1252 1729 ac
1280 1665 1384 1751 ipsius
1407 1667 1530 1732 nomine

333 1775 513 1860 dispenset,
538 1788 631 1861 atque
655 1797 716 1839 nos
740 1774 788 1839 sic
810 1773 862 1838 ria
883 1795 962 1838 vera
978 1775 1018 1837 ad
1034 1775 1170 1838 salutem
1193 1774 1326 1863 dirigat,
1358 1777 1530 1842 luculenter

333 1888 443 1961 docet,
468 1909 528 1951 nos
553 1909 617 1950 non
641 1906 716 1950 esse
740 1884 834 1949 alium
856 1884 888 1947 in
911 1883 1009 1948 finem
1026 1897 1172 1959 creatos,
1195 1905 1289 1970 quam
1305 1898 1340 1949 ut
1361 1906 1421 1971 per
1440 1884 1529 1950 fidem

331 2009 464 2082 propter
494 1995 742 2069 redemtionem,
773 2015 852 2080 qnae
884 2006 933 2058 est
964 1993 996 2057 in
1028 1993 1158 2060 Christo
1189 1996 1282 2070 Jesu,
1318 1994 1530 2079 justificati³),

333 2119 426 2191 atque
447 2105 571 2169 divinae
595 2117 768 2170 consortes
792 2117 924 2167 naturae
947 2103 1053 2169 effecti
1063 2109 1106 2183 ⁴),
1140 2104 1308 2169 veritatem
1330 2104 1529 2170 facientesin

333 2213 502 2289 charitate,
526 2235 711 2279 crescamns
728 2213 761 2276 in
777 2213 830 2276 illo
847 2194 1045 2298 peremnia,
1064 2214 1121 2299 qni
1144 2227 1194 2279 est
1217 2227 1312 2300 eaput
1337 2214 1487 2280 Christus
1496 2219 1529 2294 ⁵),

332 2336 365 2389 et
380 2324 428 2388 sic
443 2324 640 2389 introeamus
657 2323 689 2387 in
706 2336 871 2388 aeternnm
887 2344 1024 2411 regnum
1040 2323 1160 2408 ipsius,
1184 2336 1217 2387 nt
1234 2323 1286 2409 qui
1309 2324 1529 2409 compatimur,

332 2447 364 2498 et
381 2432 712 2521 conglorificemurt).
730 2434 823 2497 Hunc
839 2431 936 2495 linem
952 2431 1091 2496 bominis
1108 2452 1198 2507 esse,

421 2546 462 2607 B.
480 2541 585 2606 ratio
603 2563 642 2607 eo
660 2540 784 2606 facilius
802 2562 840 2605 ac
855 2540 1016 2605 lubentius
1034 2540 1171 2604 admittit
1178 2564 1187 2614 ;
1206 2563 1302 2627 quum
1319 2553 1351 2606 et
1367 2540 1442 2626 ipsa
1457 2561 1531 2608 sana

333 2673 371 2716 ac
394 2651 519 2726 sobria,
551 2651 579 2715 si
601 2650 763 2715 hominem
785 2672 851 2714 non
881 2671 924 2714 ex
946 2670 1009 2713 nna
1032 2650 1170 2713 alterave
1194 2663 1302 2735 parte,
1332 2651 1391 2715 sed
1422 2670 1530 2715 omnes

332 2763 401 2848 ejus
425 2761 588 2837 stimulos,
610 2760 698 2825 vires
724 2781 761 2825 ac
784 2759 953 2824 facultates
977 2758 1179 2834 considerat,
1209 2782 1270 2826 nec
1299 2781 1364 2825 oon
1387 2772 1533 2826 naturam

330 2872 415 2947 veri,
453 2871 581 2936 bonesti
618 2894 676 2936 seu
713 2870 790 2934 boni
822 2891 860 2934 ac
892 2869 1026 2955 jucundi
1064 2870 1240 2957 recogitat,
1263 2870 1295 2933 id
1331 2861 1438 2957 ipsum
1470 2883 1531 2935 sta·

330 2995 420 3047 tuere
438 2995 591 3069 cogatur,
614 2980 725 3046 utalia
742 2979 915 3044 occasione
932 2980 1193 3045 monstravimus.
1215 2981 1376 3046 Perfectio
1399 2980 1532 3046 moralis

330 3092 414 3156 enim
432 3114 504 3157 cum
519 3092 738 3177 respondente
756 3088 906 3153 felicitate
924 3101 975 3152 est
991 3089 1151 3174 ejusmodi
1168 3089 1355 3165 destinatio,
1379 3112 1461 3177 qnae
1478 3111 1530 3156 na·

331 3215 420 3267 turae
444 3203 600 3266 humanae
625 3192 811 3265 commensa
836 3210 902 3270 est;
927 3219 985 3283 per
1002 3198 1086 3263 illam
1109 3199 1256 3265 omnibus
1284 3201 1532 3266 necessitatibus

329 3310 522 3385 consulitur;
548 3310 680 3397 ipsaque
699 3308 839 3373 omnium
856 3309 1040 3372 facultatum
1059 3330 1253 3374 coneursum
1270 3310 1382 3398 exigit.

372 3405 376 3412 ⁶
433 3421 493 3486 Hic
509 3434 560 3485 est
576 3420 681 3506 itaque
698 3418 771 3483 finis
796 3431 925 3492 noster,
950 3419 991 3481 ob
1009 3440 1101 3503 quem
1119 3419 1247 3484 nonnisi
1265 3419 1385 3485 conditi
1409 3441 1531 3495 sumus,

328 3532 408 3595 haec
432 3543 547 3595 nostra
570 3528 758 3602 destinatio,
788 3529 851 3591 boe
874 3540 1022 3591 nostrum
1050 3549 1209 3593 summum
1230 3530 1367 3605 bonum,
1390 3531 1477 3617 quod
1498 3541 1533 3592 ut

327 3660 547 3726 assequamur,
564 3638 596 3701 in
613 3637 706 3702 nobis
724 3649 756 3700 et
771 3636 803 3699 in
821 3635 891 3699 aliis
908 3657 1167 3720 promoveamus,
1186 3660 1281 3723 quum
1297 3660 1393 3704 unam
1406 3639 1469 3705 Dei
1486 3640 1529 3705 fa·

328 3748 446 3813 miliam
469 3761 501 3812 et
517 3770 613 3812 unum
632 3747 722 3834 quasi
739 3768 858 3831 corpus
874 3745 1116 3823 constituamus,
1134 3748 1281 3813 omnibns
1297 3749 1419 3814 viribus
1436 3749 1530 3815 nobis

329 3857 511 3923 enitendum
543 3871 603 3923 est.
636 3859 717 3921 Nam
734 3855 870 3942 quodvis
888 3877 945 3920 ens
970 3857 1124 3921 duntaxat
1149 3871 1270 3923 tantum
1291 3859 1386 3945 pretii
1409 3872 1463 3925 aut
1485 3859 1529 3924 di·

328 3967 461 4056 gnitatis
477 3969 583 4042 habet,
600 3979 751 4054 quantum
765 3965 821 4030 fini
838 3987 898 4030 suo
909 3964 1084 4039 satisfaciu
1103 3976 1428 4053 atqueomoisarbor,
1447 3991 1530 4050 puae

327 4100 394 4142 non
408 4083 494 4155 facit
507 4083 657 4155 fructum
673 4086 807 4151 bonum,
831 4081 1017 4151 ercidetur,
1041 4089 1073 4140 et
1088 4083 1122 4141 in
1139 4084 1244 4157 tynam
1265 4087 1412 4144 mittetur
1419 4084 1455 4159 ⁷).
1488 4080 1530 4142 Et

328 4208 406 4252 sane
424 4200 492 4252 tota
507 4209 616 4253 rernm
632 4187 826 4257 universitas
859 4187 1065 4258 destinationi
1087 4209 1145 4252 seu
1173 4188 1229 4253 fini
1255 4211 1315 4254 suo
1338 4202 1454 4254 exacte
1478 4210 1528 4255 sa·

329 4323 607 4339 *a

436 4393 463 4469 ¹)
483 4389 511 4454 1.
530 4391 602 4454 (lor.
622 4391 675 4467 13,
695 4391 746 4457 12.
765 4424 807 4440 ⁴-
830 4387 1159 4474 2)01.«Ῑοειη.5,4.28
1181 4392 1245 4466 sb,
1263 4391 1315 4456 39.
1331 4389 1383 4464 11,
1397 4390 1527 4455 241401.

328 4479 444 4558 24,15.
463 4480 569 4546 1.(101.
588 4481 640 4558 15,
659 4483 801 4550 12-58.
819 4485 849 4549 2.
868 4487 937 4548 (lor.
955 4483 986 4559 4,
1006 4481 1057 4547 14.
1073 4482 1207 4565 Philipp.
1224 4481 1315 4558 3,21.
1333 4481 1480 4557 ΟοΙ.3,4.
1500 4481 1528 4545 l.

328 4571 437 4638 Thess.
465 4571 662 4647 4,13-16.
685 4614 727 4622 -
750 4581 777 4656 ³)
804 4580 892 4640 Rom.
915 4574 946 4650 3,
970 4574 1012 4638 14
1035 4597 1059 4638 s.
1082 4613 1125 4621 -
1148 4577 1176 4652 ⁴)
1210 4574 1240 4639 2.
1262 4577 1346 4637 Petr.
1381 4572 1410 4648 1,
1432 4572 1463 4637 4.
1487 4610 1528 4621 -

329 4668 354 4746 ⁵)
370 4667 483 4746 Ephes.
500 4662 533 4740 4,
552 4663 603 4730 15.
622 4667 667 4731 ef.
685 4664 748 4730 Tit.
765 4666 797 4740 2,
817 4665 867 4729 14.
887 4665 915 4730 l.
934 4667 1004 4731 Oor.
1024 4666 1053 4742 l,
1071 4666 1101 4729 3.
1117 4669 1232 4749 Ephes.
1253 4666 1281 4740 1,
1297 4664 1329 4729 4.
1349 4664 1378 4729 1.
1394 4667 1478 4728 Patr.
1497 4663 1528 4738 2,

327 4753 358 4819 9.
376 4753 407 4818 2.
423 4759 506 4821 Patr.
527 4758 555 4832 l,
571 4755 593 4818 4
610 4779 648 4822 ss.
667 4795 709 4804 —
733 4767 763 4835 ⁶)
783 4761 871 4822 Rom.
889 4755 920 4833 8,
943 4756 995 4824 17.
1019 4758 1047 4824 1.
1071 4759 1139 4823 Pet.
1162 4757 1194 4834 5,
1217 4757 1268 4823 10.
1292 4758 1337 4822 ef.
1364 4757 1392 4822 l.
1417 4753 1528 4820 Thess.

326 4846 360 4923 2,
379 4845 430 4911 12.
448 4885 490 4895 --
506 4853 533 4931 ⁷)
550 4850 657 4915 Matth.
674 4848 706 4928 3,
725 4848 776 4916 10.
1299 4869 1303 4874 '

244 4928 356 5042 ἱ
