3775 5625
381 421 447 485 262

373 583 511 648 disertis
527 583 635 647 verbis
652 585 730 650 dnus
757 584 937 648 voluntates
954 595 987 647 et
1002 585 1081 647 duos
1107 583 1312 668 operationes
1327 583 1360 648 in
1378 585 1509 651 Christo
1524 608 1570 651 ue·

382 704 546 765 severant,
569 703 662 775 etque
691 691 880 755 sententiam
901 713 991 756 suam
1013 705 1066 756 aut
1090 713 1132 755 ex
1156 692 1264 755 verbis
1280 694 1462 758 Salvatoris
1479 716 1573 779 supra

382 801 534 870 laudatis:
559 803 663 865 Pater
687 806 744 881 mi,
771 807 800 863 ei
824 808 979 879 possibile
1003 814 1071 881 est,
1096 814 1157 864 etc.
1175 800 1343 888 eolligunt,
1360 813 1415 866 aut
1431 802 1506 867 inde
1524 804 1574 867 de·

382 920 577 983 monstrant,
599 910 683 993 quod
704 908 919 991 proprietates
945 922 1130 973 naturarum
1151 930 1215 971 non
1239 909 1368 993 possint
1385 910 1576 975 commutari

384 1030 439 1083 aut
454 1016 570 1102 perire,
587 1037 688 1101 neque
704 1017 743 1079 ab
760 1018 861 1081 attera
876 1029 990 1081 nutura
1007 1017 1233 1101 comprehendi
1251 1038 1309 1082 seu
1324 1017 1460 1103 suscipi.
1484 1018 1577 1083 Prius

382 1126 504 1194 faciunt
526 1124 819 1203 Athanasius¹),
841 1124 1252 1211 GregoriusNysss),
1283 1126 1576 1206 Ambrosium,

382 1233 682 1321 Augustinus⁴);
707 1233 870 1317 posterius
898 1234 1122 1321 Gregorius
1153 1235 1316 1319 Nyss.⁵),
1348 1233 1616 1313 Basilius&

381 1343 453 1427 Hip
460 1343 652 1427 polytus⁷)
669 1353 701 1405 et
717 1342 793 1405 Leo
810 1342 868 1415 M..
884 1341 935 1426 qui
952 1341 1081 1405 scribit:
1099 1343 1198 1407 Siout
1211 1349 1297 1405 enim
1311 1345 1403 1406 Deus
1419 1365 1490 1406 non
1504 1365 1648 1409 mus

382 1464 471 1517 tatur·
486 1457 710 1523 miseratione,
727 1456 774 1514 ita
789 1454 883 1515 tremo
899 1472 968 1513 non
983 1456 1185 1514 consentitur
1200 1457 1366 1530 dipnitate.
1391 1452 1481 1531 Apu
1494 1458 1651 1533 enia-

487 1664 1581 1747 poemenem.Ariana.21.T.1.P.2.p.887.ubiverbaohrisu
1629 1711 1646 1750 :

381 1764 477 1821 Pater
483 1760 526 1820 mi
535 1759 564 1818 si
565 1757 714 1833 possibile
721 1766 771 1829 est,
779 1766 831 1818 ete.
839 1760 1011 1839 expendens
1022 1761 1078 1818 ait:
1088 1763 1193 1819 Duas
1204 1762 1413 1818 voluntates
1424 1758 1472 1819 ibi
1479 1766 1611 1826 ostert.
1621 1812 1646 1827 .

382 1852 443 1913 dit:
460 1853 586 1909 alteram
601 1852 806 1919 humanam,
825 1869 900 1924 quae
916 1857 960 1909 est
975 1850 1087 1919 carnis,
1104 1852 1231 1908 alteram
1248 1849 1425 1924 diuinam,
1442 1870 1522 1925 quae
1536 1870 1651 1929 εει

382 1940 453 2003 Dei.
476 1939 635 2015 Siquidem
651 1942 784 1999 humana
799 1942 835 1997 ob
850 1939 1055 2013 infirmitatem
1071 1940 1183 2010 earnis,
1195 1940 1647 2029 depreeatarpassionenz,3

383 2032 490 2092 divina
505 2038 603 2089 autem
625 2032 690 2107 ejus
709 2032 847 2089 voluntas
869 2038 913 2089 est
921 2038 1053 2104 promto.
1079 2030 1168 2105 Quod
1184 2030 1445 2108 expressissimum
1460 2039 1512 2091 est
1525 2051 1647 2102 vn.

382 2122 506 2183 luntatis
530 2120 655 2200 duplicis
679 2120 710 2178 in
736 2119 855 2179 Christo
887 2122 1095 2182 testimonium.
1112 2156 1156 2167 -
1174 2120 1198 2200 ¹)
1214 2120 1316 2195 Epist.
1342 2123 1384 2179 ad
1399 2123 1516 2195 Imper.
1540 2120 1643 2196 In

385 2213 469 2291 Syn.
486 2212 541 2272 VI.
558 2217 614 2270 aot.
632 2214 664 2275 4.
680 2210 713 2269 M
719 2212 814 2285 ansi,
833 2210 909 2274 oou.
927 2213 1019 2271 Cone.
1036 2214 1075 2272 T.
1094 2208 1145 2273 11.
1164 2232 1189 2271 o.
1206 2207 1282 2275 258.
1307 2210 1460 2280 Quoniam
1480 2210 1642 2287 ipit-ur

384 2306 504 2363 altera
525 2304 681 2360 humana
703 2303 887 2371 uoluntas,
906 2304 1048 2361 etaltera
1072 2301 1202 2360 divina
1218 2308 1277 2374 est‚·
1303 2301 1439 2377 loquitur
1454 2302 1637 2377 quidem

384 2400 418 2451 ut
431 2395 531 2461 homo,
556 2395 636 2465 quod
656 2390 828 2465 infirmitati
853 2391 958 2451 earnis
974 2392 1125 2468 oonqrnit,
1144 2391 1197 2466 qui
1212 2398 1333 2450 nostras
1346 2391 1511 2465 passiones
1525 2413 1633 2457 su.

384 2482 488 2557 saepit.
506 2515 551 2525 -
569 2479 595 2558 ³)
613 2484 653 2539 Iu
669 2483 742 2541 Duo.
760 2483 780 2541 l.
798 2484 847 2541 lo.
864 2502 895 2545 n.
913 2484 962 2542 60.
989 2482 1070 2560 Opp.
1088 2478 1127 2546 T.
1146 2478 1174 2541 1.
1193 2503 1219 2540 o.
1240 2478 1335 2541 1517.
1364 2480 1455 2550 Quod
1478 2488 1630 2546 autem

384 2574 444 2633 ait:
471 2573 562 2646 „Non
588 2590 653 2629 mea
667 2574 819 2642 uoluntas,
842 2576 895 2630 sed
910 2572 1070 2647 tuafiat“.·
1088 2592 1189 2631 suam
1204 2575 1251 2630 ad
1265 2571 1441 2631 hominem
1457 2574 1628 2633 retulit.-

383 2661 516 2723 Patris
532 2663 578 2719 ad
594 2659 847 2734 diuinitatem·
863 2665 1003 2722 uoluntas
1018 2662 1097 2722 enim
1112 2662 1245 2722 hominis
1261 2662 1451 2736 temporalis,
1470 2664 1623 2721 volun·

384 2762 431 2814 tao
448 2751 555 2813 divina
579 2757 711 2816 aeterna.
737 2750 783 2812 of.
807 2754 855 2811 De
871 2752 929 2828 pu.
948 2754 967 2813 l.
985 2757 1015 2816 2.
1033 2773 1058 2814 o.
1077 2756 1103 2814 7.
1120 2774 1150 2814 n.
1167 2755 1208 2812 52
1223 2772 1249 2814 s.
1265 2753 1304 2816 T.
1321 2750 1352 2815 2.
1371 2773 1397 2813 a.
1413 2750 1491 2815 480.
1508 2754 1542 2817 l.
1577 2755 1620 2814 2.

384 2866 408 2907 o.
425 2845 521 2906 5—6.
539 2862 563 2901 o.
581 2838 645 2902 477
665 2862 704 2902 ss.
723 2877 764 2886 -
782 2842 1089 2923 peonitentiam.
1107 2847 1126 2905 t.
1145 2849 1175 2908 2.
1192 2865 1217 2904 a.
1234 2848 1284 2904 20.
1293 2864 1322 2904 u.
1335 2847 1366 2907 2.
1384 2841 1467 2924 Opp.
1485 2840 1534 2904 T.
1574 2837 1618 2900 8.

384 2956 409 2996 c.
428 2930 502 2994 720.
521 2931 650 2991 Homine
665 2952 726 2990 non
741 2939 888 3006 assumto,
920 2935 1105 2993 nullomodo
1121 2933 1343 2993 Patridioeret
1361 2933 1485 2993 unicum
1504 2933 1616 2994 Ver-

328 3078 331 3085 .
386 3029 470 3084 tum:
487 3025 556 3082 Non
572 3025 653 3097 quod
668 3042 720 3097 eqo
735 3024 809 3082 uolo.
834 3024 999 3097 Nunquam
1015 3023 1094 3082 enim
1110 3031 1216 3098 posset
1230 3023 1429 3084 immutabitis
1449 3023 1505 3082 itia
1528 3034 1614 3078 πα·

387 3124 457 3175 tara
473 3113 638 3190 quidquam
647 3113 733 3171 aliud
747 3114 829 3183 aelle,
843 3132 933 3187 quam
943 3115 1047 3173 Pater.
1064 3115 1106 3172 Et
1121 3115 1161 3174 al.
1177 3115 1280 3174 Inerat
1295 3115 1402 3193 itaquo
1420 3134 1459 3173 ox
1474 3114 1612 3174 mente

384 3207 415 3268 S.
441 3205 602 3283 Augustini
628 3202 747 3262 Christo
773 3212 893 3282 praeter
909 3203 1093 3262 voluntatem
1110 3202 1254 3285 divinam,
1272 3224 1329 3284 qua
1344 3204 1424 3263 idem
1439 3201 1610 3263 volebat.

385 3295 466 3378 quod
481 3297 589 3367 Pater,
612 3294 702 3353 etiam
726 3294 798 3364 ulia,
822 3314 883 3373 qua
898 3294 981 3353 aliud
995 3294 1075 3353 velle
1090 3303 1220 3373 poterat.
1242 3329 1279 3339 -
1298 3289 1325 3377 ὅ)
1343 3295 1429 3354 Oont.
1446 3296 1611 3353 Eunom-

388 3388 441 3447 Or.
457 3390 487 3445 4.
505 3382 585 3465 Opp.
603 3385 642 3444 T.
660 3383 690 3444 2.
707 3406 737 3462 p.
754 3381 830 3447 532.
849 3383 884 3443 O·
900 3384 941 3447 D.
968 3387 1128 3442 Humanae
1152 3391 1180 3443 et
1205 3384 1334 3442 diuinae>
1351 3391 1482 3443 naturae
1496 3379 1609 3442 667*ὶο

286 3512 288 3517 .
386 3479 594 3553 quaedameet
617 3474 801 3543 immixta,
825 3473 1077 3534 insociabilis
1103 3474 1476 3534 etinoommutabilis
1492 3479 1606 3549 ΝΟ·

380 3567 544 3643 pristas:
572 3566 625 3623 sed
640 3563 739 3622 modis
755 3563 893 3623 omnibus
918 3564 1066 3642 ejusmodi
1084 3564 1351 3639 proprietates,
1368 3565 1478 3639 quibus
1493 3567 1604 3623 utra·

385 3677 440 3733 que
455 3662 567 3714 nutura
583 3653 795 3728 distinqnitnr,
812 3661 838 3711 et
853 3674 872 3712 a
888 3655 1061 3713 seinvicem
1077 3654 1271 3732 discernitur,
1288 3657 1375 3730 lonpo
1399 3655 1554 3714 interna
1567 3638 1604 3698 ἶ·

386 3750 421 3806 lo
437 3745 594 3823 dietant,
610 3750 644 3802 ut
658 3763 767 3818 neque
788 3746 853 3802 hae
866 3744 906 3802 in
921 3744 1005 3815 illa,
1022 3765 1135 3819 neque
1149 3763 1258 3803 rursus
1272 3745 1336 3803 uiae
1350 3765 1441 3804 uersa
1457 3745 1496 3804 in
1510 3746 1564 3804 lta
1578 3742 1605 3783 ⁶

386 3837 479 3895 illae
510 3837 872 3908 comprehendantur.
895 3871 937 3879 —
963 3835 1106 3913 ⁶)·Epist
1139 3838 1210 3896 189.
1242 3838 1283 3894 ad
1311 3837 1458 3897 Eustaot.
1488 3855 1519 3896 n.
1542 3823 1606 3888 θ’

387 3925 469 4006 Opp.
487 3927 524 3985 T.
542 3923 574 3988 3.
590 3945 620 4003 p.
636 3920 712 3985 280.
745 3926 847 3998 Neque
878 3925 957 3984 enim
986 3925 1054 3997 pieri
1079 3932 1187 3999 potest,
1219 3933 1253 3984 ut
1282 3945 1359 4000 quae
1379 3933 1511 3985 naturae
1523 3931 1611 3981 τιν’

385 4017 465 4076 tione
481 4015 662 4089 discrepant,
681 4015 713 4073 in
724 4015 832 4092 forma
848 4016 1056 4088 operationum
1071 4015 1150 4074 inter
1165 4035 1198 4074 ee
1212 4015 1410 4076 consentiunt.
1427 4015 1474 4078 Of.
1492 4007 1618 4076 Gon&

386 4109 519 4168 Eunom.
536 4109 554 4167 l.
571 4109 600 4166 4.
617 4126 648 4168 n.
667 4109 697 4164 2.
715 4106 753 4169 T.
772 4104 801 4165 1.
817 4127 847 4184 p.
864 4103 1034 4182 282.-⁷)
1049 4107 1086 4166 In
1104 4106 1225 4168 Oolleot.
1240 4105 1416 4166 Anastas.
1433 4105 1520 4168 saer.
1533 4107 1623 4165 tes

386 4196 466 4257 stim
484 4200 513 4255 1.
537 4195 713 4255 Galland.
734 4199 774 4254 B.
791 4198 857 4255 ΡΡ.
877 4198 916 4257 T.
940 4193 992 4257 13.
1008 4217 1039 4274 p.
1058 4192 1109 4258 79.
1141 4199 1272 4270 Utraque
1292 4199 1452 4255 ostendens
1475 4216 1507 4256 se
1520 4197 1632 4278 (eos

386 4285 469 4365 osee)
487 4305 545 4360 per
561 4287 640 4366 (ea),
657 4306 732 4361 quae
753 4285 976 4360 dupliciter,
1000 4286 1128 4345 divine
1152 4285 1268 4346 scilieet
1281 4292 1310 4345 et
1323 4289 1496 4362 humane,
1510 4307 1567 4364 ope·

385 4384 486 4436 ratum
502 4383 546 4435 eet
560 4380 722 4435 seeundum
742 4380 878 4447 eandem,
896 4396 972 4451 quae
986 4376 1132 4436 amariter
1146 4395 1218 4439 uera
1233 4383 1285 4450 est,
1300 4384 1329 4436 et
1341 4376 1495 4436 nutriretis
1509 4380 1570 4439 eet-

386 4467 500 4527 stantia
505 4487 516 4540 ;
533 4469 630 4525 Deum
645 4467 823 4527 immensum
838 4466 931 4526 simui
944 4474 973 4525 et
987 4466 1251 4541 circumscriptum
1269 4467 1419 4528 nominem
1434 4467 1571 4530 enirm-

387 4565 443 4617 tem
459 4564 487 4616 et
501 4556 693 4631 intellectum,
709 4557 906 4631 utriusque
925 4557 1198 4634 perfectionem
1220 4559 1424 4628 tabentem,
1442 4577 1512 4618 oum
1526 4579 1572 4620 ea·

389 4651 467 4707 dem
483 4648 581 4727 (ipsa)
599 4646 830 4720 operatione,
845 4647 939 4706 idest
959 4647 1130 4707 naturali
1148 4647 1399 4721 proprietate,
1416 4667 1455 4708 aa
1470 4649 1575 4724 quibus

387 4745 552 4797 manentem
567 4756 684 4811 semper
698 4739 861 4797 secundum
875 4744 1016 4798 naturum
1032 4737 1097 4798 eine
1113 4737 1360 4799 convertibilitate
1375 4758 1478 4800 eorum
1494 4740 1575 4821 dffe-

389 4827 517 4889 rentium
533 4827 654 4888 seimus.
671 4829 712 4888 Et
729 4829 768 4893 al.
786 4849 809 4891 s.
