3775 5625
427 395 494 472 638

429 569 626 659 sequendum
659 580 733 656 apta
752 581 784 636 et
813 568 1020 646 sufficientia,
1040 568 1090 639 ille
1114 568 1299 637 necessario
1315 567 1414 637 finem
1429 569 1517 639 hunc
1531 572 1613 652 velte,

429 693 523 771 atque
540 684 610 768 ejus
627 681 821 748 contrarium
837 682 965 748 minime
981 682 1146 748 intendere
1161 702 1260 766 posse
1277 684 1461 748 censendus
1479 697 1540 751 est.

534 792 804 879 Reprobationem
820 792 925 879 itaque
941 791 1111 878 positivam
1128 791 1380 858 conditionatum
1398 806 1524 862 tantum
1540 818 1614 873 esse,

429 902 504 968 nulli
521 904 655 968 subesse
677 915 787 987 potest
803 902 908 969 dubio.
939 906 1087 968 Attamen
1108 900 1203 966 etiam
1219 903 1484 988 reprobationem
1501 907 1612 996 negati·

428 1033 516 1088 vam,
533 1032 593 1077 seu
609 1013 649 1077 ad
664 1032 802 1096 poenam
819 1011 938 1087 damni,
956 1023 989 1075 ut
1005 1014 1101 1097 ajunt,
1117 1011 1354 1096 hypotheticam
1371 1033 1463 1090 esse,
1483 1014 1611 1080 defendi-

428 1143 510 1187 mus.
548 1123 630 1188 Nam
661 1133 863 1209 argumenta,
894 1142 936 1186 ex
957 1120 1070 1207 quibus
1092 1119 1282 1186 sententiam
1298 1120 1383 1186 illam
1400 1122 1573 1200 evicimus,
1586 1138 1612 1189 et

429 1252 508 1317 quae
524 1231 642 1295 adhoc
658 1244 862 1304 revocantur,
879 1232 938 1295 sub
955 1231 1024 1294 Deo
1040 1228 1174 1316 provido
1191 1230 1351 1295 neminem
1360 1253 1438 1297 vere
1456 1234 1611 1306 miserum,

427 1336 489 1405 nisi
504 1336 562 1404 sui
572 1337 674 1424 culpi,
689 1341 879 1426 quumDens
890 1338 1016 1405 sincere
1030 1360 1069 1403 ac
1080 1360 1157 1405 vere
1166 1338 1252 1414 velit,
1269 1352 1426 1406 utomnes
1438 1344 1611 1408 adsalutem

426 1447 629 1535 perveniant,
653 1462 745 1535 atque
768 1471 862 1536 quum
885 1447 1031 1514 Christus
1046 1448 1202 1513 Dominus
1218 1470 1277 1533 pro
1312 1449 1461 1516 omnibus
1479 1465 1613 1518 mortuus

428 1557 483 1635 sit,
497 1558 616 1643 pariter
633 1558 822 1622 sententiam
834 1558 916 1623 hanc
933 1577 1041 1622 veram
1063 1577 1138 1622 esse
1160 1558 1393 1634 demonstrant,
1416 1560 1523 1626 Deum
1543 1583 1610 1626 non·

427 1666 489 1732 nisi
510 1666 599 1743 illos,
620 1689 700 1753 quos
717 1666 858 1753 praescit
873 1677 1008 1752 peccato
1027 1664 1162 1753 originis
1180 1679 1316 1731 onustos
1333 1688 1407 1734 esse
1424 1689 1467 1733 ex
1483 1671 1544 1735 hac
1557 1672 1612 1736 vita

428 1775 648 1852 discessuros,
670 1798 689 1841 a
709 1775 858 1841 felicitate
875 1788 1007 1840 aeterna
1022 1775 1193 1840 excludere
1209 1776 1307 1851 velle,
1324 1798 1388 1841 non
1406 1789 1516 1844 autern
1532 1781 1612 1846 alios.

429 1886 520 1965 Quod
540 1886 666 1972 quidem
682 1906 722 1950 eo
739 1884 842 1974 magis
859 1885 1088 1949 adstruendum
1109 1905 1183 1949 esse
1209 1896 1375 1969 putamus3
1409 1908 1508 1972 quum
1529 1888 1613 1955 etiam

427 1995 676 2081 praedestinatio
712 1996 752 2058 ad
773 1994 919 2081 gloriam,
952 2006 985 2057 ut
1016 1992 1224 2069 ostendimus,
1257 1993 1464 2079 hypothetica
1497 1996 1553 2072 sit3
1588 2011 1615 2064 et

335 2171 337 2178 ,
427 2124 522 2189 quum
538 2126 602 2168 non
618 2104 724 2190 possit
738 2103 923 2191 reprobatio
940 2103 1090 2192 negativa
1106 2103 1253 2167 absoluta
1269 2103 1410 2179 defendi,
1431 2106 1508 2191 quin
1530 2129 1613 2194 prae·

427 2214 611 2289 destinatio,
632 2214 705 2299 quin
722 2213 787 2278 imo
803 2211 874 2297 ipsa
889 2212 1074 2297 reprobatio
1091 2212 1244 2297 positiva,
1266 2233 1359 2298 quarn
1383 2213 1615 2300 hypotheticam

429 2344 514 2401 esse,
529 2336 564 2388 ut
578 2344 656 2387 mox
671 2323 817 2397 vidimus,
834 2322 1015 2409 dogmatice
1034 2335 1171 2397 constat,
1187 2322 1332 2388 absoluta
1348 2334 1519 2389 statuatur.
1543 2326 1616 2389 Nam

429 2433 613 2519 reprobatio
631 2454 690 2498 seu
705 2431 840 2518 rejectio
857 2430 953 2495 etiam
974 2413 1125 2519 negativa¹
1139 2432 1209 2496 sine
1226 2432 1384 2519 denegato
1402 2433 1490 2496 dono
1512 2454 1614 2518 perse·

427 2542 589 2608 venantiae
609 2541 712 2606 finalis
729 2540 866 2629 cogitari
882 2541 1005 2627 nequit;
1028 2552 1184 2628 quotquot
1204 2552 1310 2606 autem
1327 2539 1444 2605 adultis
1461 2542 1551 2609 Deus
1566 2544 1614 2608 ab·

429 2652 549 2727 solute,
568 2651 589 2716 i.
611 2673 638 2715 e.
662 2650 731 2715 sine
746 2650 894 2736 praevisa
908 2650 1054 2736 ipsorum
1074 2650 1280 2739 indignitate,
1297 2649 1415 2713 donum
1431 2649 1509 2715 ittud
1526 2653 1614 2717 dene·

429 2781 509 2850 gare
540 2762 744 2837 decerneret,
765 2772 815 2825 tot
837 2761 983 2827 absolute
1009 2760 1173 2846 reprobati
1204 2769 1331 2833 essent;
1357 2778 1455 2844 quum
1487 2759 1615 2827 rationis

427 2892 520 2936 usum
542 2870 648 2956 adepti
667 2871 707 2934 ad
723 2892 860 2957 poenam
877 2870 981 2937 damni
998 2883 1118 2936 tanturn
1135 2868 1287 2935 destinari
1312 2889 1376 2931 non
1400 2870 1547 2952 possint,
1563 2873 1614 2937 sed

427 2978 613 3045 necessario
630 2992 684 3044 aut
698 2979 849 3044 felicitate
865 2992 995 3045 aeterna
1011 2978 1146 3054 fruituri,
1162 2990 1217 3043 aut
1230 2999 1377 3065 poenam,
1391 3000 1488 3064 quam
1504 3002 1613 3046 sensus

426 3101 555 3164 vocant,
572 3088 674 3154 daturi
690 3088 763 3154 sint.

845 3619 1101 3697 Articulus
1130 3619 1201 3693 1v.

418 3912 436 3925 .,
471 3826 539 3907 De
563 3826 796 3924 fructibus
821 3828 1005 3927 gratioe
1034 3822 1239 3919 divinoe,
1267 3852 1343 3900 seo
1372 3825 1423 3902 de
1453 3828 1575 3902 bonis

907 3952 1128 4052 operibus.

908 4152 1120 4166 *a—

422 4267 451 4350 t.
470 4261 563 4334 tat.
585 4263 721 4334 Notio
743 4263 853 4334 bont
880 4261 1203 4351 oporteatque
1234 4277 1417 4333 summa
1443 4259 1604 4333 doctri·

825 4389 914 4443 nae
932 4372 1212 4443 catholicae.

528 4551 631 4617 Homo
648 4571 705 4635 per
720 4548 908 4614 interiorem
924 4548 1061 4636 gratiam
1079 4547 1139 4612 sibi
1148 4547 1366 4613 inhaerentem
1382 4547 1601 4617 sanctificatus,

313 4696 315 4703 ι
359 4639 361 4642 ’
423 4681 487 4726 non
503 4660 606 4725 solum
622 4659 659 4723 fit
673 4661 788 4724 haeres
803 4659 887 4723 vitae
904 4671 1063 4732 aeternae,
1080 4658 1137 4722 sed
1154 4656 1282 4722 Christo
1300 4658 1390 4730 iesu,
1408 4656 1466 4720 viti
1482 4658 1599 4742 palmes,

308 4786 311 4791 ·
421 4766 563 4833 insertus
579 4766 827 4833 fructificatDeo
843 4789 901 4853 per
918 4787 1019 4851 opera
1034 4766 1129 4840 bona,
1147 4787 1247 4851 opera
1261 4778 1383 4833 sancta
1397 4765 1508 4832 Gratia
1518 4761 1596 4849 justi·

422 4874 524 4943 ficana
541 4899 601 4944 seu
617 4875 823 4946 sanctificans
844 4890 894 4944 est
910 4876 1001 4964 quasi
1017 4896 1128 4945 semen
1143 4897 1183 4942 ac
1197 4895 1330 4965 germen
1351 4875 1439 4943 vitae
1454 4887 1595 4947 auteme-
