3775 5625
1428 444 1492 513 lto

294 612 408 677 velata
422 609 504 674 haud
520 620 585 681 eat,
612 607 665 694 qui
688 620 784 694 prout
798 607 830 671 in
846 608 943 673 rebus
969 607 1164 674 naturalibus
1190 610 1300 674 harum
1327 610 1493 678 veritatem

291 740 357 785 scu
382 717 578 791 realitatem,
606 736 802 804 nequaquam
827 729 932 782 autem
956 716 1114 782 internam
1129 717 1286 783 rationem
1303 717 1432 784 cuilibet
1446 718 1492 785 ia·

292 826 361 891 cilc
388 827 651 915 cognoscendam
677 825 822 899 exhibet,
848 825 893 890 ita
913 826 1009 891 etium
1024 825 1055 890 in
1072 827 1169 891 rebus
1186 827 1492 912 supernaturalibus,

291 936 401 1019 quod,
418 948 451 1001 et
467 934 541 1021 quid
557 935 637 1007 sint,
663 933 842 1020 expressit,
867 947 899 999 at
915 937 1076 1022 quomodo
1093 948 1125 1000 et
1141 956 1239 1023 quare
1254 935 1298 1002 ite
1314 936 1393 1010 sint,
1410 939 1493 1003 haud

293 1042 425 1119 docuit3
450 1065 544 1132 quam
560 1044 718 1128 ejusmodi
733 1065 841 1109 rerum
857 1044 982 1110 interne
1004 1044 1215 1133 intelligentia
1230 1066 1268 1112 ec
1284 1048 1492 1131 comprehen-

293 1149 355 1216 sio
370 1156 409 1219 ed
423 1173 517 1219 usum
539 1165 686 1219 nostrum
710 1152 877 1238 physicum
900 1174 938 1218 ac
963 1155 1115 1219 moralem
1139 1156 1221 1220 haud
1237 1154 1280 1221 sit
1296 1156 1493 1222 necessarie.

292 1255 391 1329 Unde
415 1274 448 1327 ct
470 1260 724 1349 Augustinus,
747 1261 800 1325 cui
824 1263 862 1327 dc
886 1274 1021 1347 peccato
1047 1262 1193 1350 originali
1218 1263 1366 1329 divinitus
1390 1264 1491 1331 disse·

291 1386 378 1436 rere
392 1373 499 1437 datum
515 1383 599 1445 eret,
616 1369 742 1436 iuliano
759 1372 889 1436 modum
904 1373 988 1437 hunc
1003 1372 1199 1445 sciscitanti,
1220 1385 1341 1438 tantum
1356 1394 1491 1459 respon-

288 1476 381 1546 d'erc
402 1480 521 1567 potuit:
545 1484 613 1545 Aut
634 1494 807 1561 utramque
831 1480 951 1562 (anima
967 1494 999 1546 et
1015 1487 1106 1563 caro)
1131 1489 1279 1547 vitiatum
1303 1504 1348 1546 ea
1363 1488 1492 1548 homino

285 1595 459 1673 truditur,
484 1604 544 1654 aut
564 1598 702 1655 altorum
718 1598 753 1654 in
769 1599 873 1655 altero
891 1604 1050 1672 tamquam
1067 1598 1102 1655 ia
1118 1599 1231 1657 uitiato
1248 1614 1324 1656 oute
1339 1614 1492 1657 corrum-

278 1706 404 1783 pianr,
429 1707 487 1764 ubi
514 1708 639 1765 occuito
660 1706 796 1782 justitia
810 1708 938 1765 diuinae
957 1708 1036 1781 lepis
1053 1708 1239 1766 includitur.
1275 1702 1364 1779 Ouid
1385 1716 1493 1768 autem

278 1808 419 1874 luorum
434 1816 479 1873 ait
493 1831 618 1891 aarum,
641 1817 794 1874 libentius
815 1817 902 1874 diaco
927 1832 1024 1891 quam
1046 1817 1132 1893 dico,
1158 1833 1200 1874 ue
1214 1820 1348 1876 audeam
1363 1819 1491 1893 docere,

275 1928 390 1998 quod
402 1924 511 1983 nescio
522 1923 559 1999 ¹).
583 1920 626 1984 Et
652 1918 724 1984 tlibi
745 1918 848 1984 facete
870 1919 927 1984 aits
951 1922 1131 2000 Eleganter
1146 1926 1266 1983 dictum
1280 1942 1354 1984 etse
1368 1944 1492 1985 narra·

274 2036 371 2110 tur,
395 2036 482 2108 quod
502 2032 578 2091 huic
592 2034 642 2091 rei
657 2034 737 2093 satio
753 2040 826 2109 apte
842 2036 999 2093 convenit.
1035 2031 1117 2093 Cum
1146 2036 1277 2110 quidam
1307 2036 1428 2095 ruisset
1457 2037 1494 2096 im

269 2150 448 2212 putarim:
465 2174 505 2186 -
524 2144 661 2202 acceadt
674 2144 772 2220 atius,
791 2152 825 2202 et
837 2159 874 2203 co
891 2145 962 2202 oioo
979 2145 1144 2202 adoniram
1159 2146 1223 2204 ait:
1243 2139 1412 2216 Quomodo
1429 2144 1493 2206 huc

270 2244 470 2310 cecidisti?
492 2249 537 2310 At
557 2253 629 2311 iila:
654 2247 808 2329 Obsecro,
834 2254 952 2329 iuquit,
977 2254 1095 2330 capita,
1115 2256 1273 2328 quomodo
1290 2253 1366 2313 hinc
1380 2271 1430 2314 mo
1447 2256 1491 2314 li-

269 2356 404 2437 beres,
420 2377 489 2420 moa
503 2364 661 2436 quomodo
677 2359 741 2419 huc
757 2362 938 2439 ceciderim,
957 2378 1105 2437 quaeras.
1123 2362 1177 2421 Ita
1192 2379 1319 2438 auoque
1331 2362 1490 2441 fatemur,
1599 2351 1609 2369 ⁸

267 2472 323 2524 at
355 2468 412 2541 tide
434 2466 607 2529 catholica
628 2477 785 2548 memus,
807 2474 847 2529 de
866 2478 961 2530 reatu
978 2474 1116 2550 peccati,
1139 2479 1301 2547 tamquam
1320 2477 1359 2531 de
1377 2481 1489 2549 puteo,
1544 2497 1550 2516 ⁴

266 2576 396 2638 etiam
408 2581 543 2654 paruuli
566 2578 708 2652 infautia
730 2581 870 2639 animam
886 2598 948 2655 per
967 2576 1096 2639 Christi
1115 2583 1258 2655 gratiam
1274 2580 1470 2642 liberandam
1475 2601 1490 2657 ;

266 2688 384 2746 meis
402 2697 453 2747 eat
471 2690 514 2765 ei,
542 2691 629 2764 quod
648 2692 787 2767 modum,
812 2694 970 2764 quomodo
991 2693 1083 2748 tutuo
1096 2689 1167 2768 fiat,
1185 2692 1347 2770 nouimus,
1365 2693 1492 2752 enahin·

265 2800 465 2874 *unquam
490 2803 648 2873 quomodo
665 2799 701 2857 ia
715 2802 834 2858 matum
856 2801 940 2859 iliud
963 2801 1137 2878 devenerit,
1164 2800 1401 2878 novertmw).
1424 2797 1491 2863 Ex·

266 2901 461 2989 nogium
483 2915 558 2968 sunt
582 2913 687 2968 tamen
709 2903 803 2969 etiam
827 2905 966 2989 desuper
985 2903 1093 2970 variae
1116 2905 1327 2989 hypotheses,
1359 2927 1492 2992 quarum

266 3006 530 3077 celebratiores
556 3034 627 3079 cum
651 3013 775 3098 adjecta
806 3013 896 3077 brevi
928 3033 1038 3077 earum
1062 3012 1287 3098 dijudicatione
1304 3014 1337 3080 in
1353 3015 1492 3081 modium

265 3119 445 3189 erotem
457 3121 564 3205 juvet,
579 3121 673 3209 idque
689 3140 729 3186 eo
745 3120 864 3208 magis,
881 3141 976 3207 quum
993 3121 1087 3187 nohis
1104 3144 1169 3187 non
1185 3135 1307 3188 tantum
1323 3122 1492 3190 infidelitas

267 3228 318 3282 οἳ
349 3227 503 3305 haeresis,
519 3231 576 3295 sed
593 3243 626 3295 et
640 3229 755 3318 genius
772 3230 842 3294 aeni
857 3230 962 3295 nostri
977 3230 1128 3318 loquendi
1143 3232 1370 3298 necessitatem
1385 3233 1491 3299 iaciat

406 3339 533 3404 Prima
558 3339 627 3425 jam
660 3339 791 3424 opinio
817 3351 1012 3416 esteorum,
1034 3340 1086 3427 qui
1108 3362 1180 3406 cum
1212 3340 1385 3430 Origene
1416 3355 1493 3430 post

269 3433 517 3522 Platonem,
548 3448 851 3535 praeexsistentiem
881 3448 1057 3514 animarum
1081 3463 1280 3526 asserentes,
1301 3451 1492 3529 statuebant,

273 3557 429 3621 eiisdem
439 3559 480 3621 ob
491 3570 633 3642 peccata,
647 3577 726 3645 quae
735 3557 767 3622 in
777 3557 879 3644 priori
894 3570 979 3623 statu
994 3559 1233 3637 commiserunt,
1250 3581 1268 3625 a
1283 3561 1353 3626 Deo
1368 3559 1401 3625 in
1419 3581 1491 3627 cor·

275 3670 383 3736 Poro
400 3665 584 3752 praesentia
604 3666 691 3731 velut
713 3666 745 3730 in
770 3687 919 3732 carceres
942 3666 1078 3733 immitti.
1095 3706 1139 3716 -
1155 3673 1302 3736 Attamen
1334 3670 1493 3736 sententia

278 3759 394 3848 llaec,
413 3787 449 3839 ut
469 3794 568 3860 supra
588 3775 738 3851 vidimus,
761 3775 800 3839 ab
821 3775 970 3850 Ecclesia
989 3797 1147 3861 expresse
1163 3781 1286 3864 rejecta
1306 3792 1374 3854 est;
1398 3791 1492 3867 atquc

234 3962 235 3967 ἵ
282 3890 467 3955 PPaeterea
486 3884 558 3970 ipsa
578 3897 746 3971 peccatum
767 3883 924 3971 originale
945 3885 978 3950 in
998 3900 1166 3973 peccatum
1197 3890 1367 3973 personale
1387 3901 1491 3955 nans·

287 3999 412 4071 munt,
427 4007 461 4060 et
475 3993 550 4058 ideo
566 3993 694 4058 minime
710 3993 786 4058 illud
802 3994 954 4080 explicet,
972 3997 1030 4060 sed
1046 3995 1137 4061 tollit.

408 4106 540 4171 Altera
564 4103 762 4168 sententia
778 4116 830 4169 est
846 4105 1175 4171 Tradutianorum
1191 4126 1249 4171 seu
1266 4105 1490 4171 Generatia-

297 4216 449 4288 ¹1orum,
466 4211 519 4299 qui
536 4213 742 4289 contendunt,
758 4213 879 4279 animas
897 4236 939 4280 ex
955 4217 1088 4281 traduce
1104 4236 1161 4280 seu
1175 4236 1234 4302 por
1249 4214 1492 4302 generationem

300 4322 483 4399 truncari,
506 4333 600 4408 atque
626 4343 725 4407 porro
750 4325 932 4401 adstruunt,
957 4327 1220 4412 quemadmodum
1236 4345 1294 4409 per
1308 4326 1431 4389 hancce
1445 4323 1490 4388 vi-

302 4410 377 4504 tium
400 4430 566 4517 corporis,
586 4429 632 4496 ita
647 4443 680 4496 ct
694 4433 798 4497 lahem
814 4433 938 4499 animae
955 4456 974 4499 a
989 4435 1175 4521 parentibus
1197 4435 1236 4498 ad
1250 4432 1371 4499 liberos
1388 4446 1489 4499 hans·

234 4540 238 4553 ·
302 4515 385 4600 ferri.
415 4540 506 4620 Quae
530 4538 690 4604 sententia
706 4540 767 4605 etsi
787 4541 870 4605 haud
892 4541 1036 4617 indubia,
1069 4554 1172 4606 tamen
1203 4542 1399 4626 probabilior
1428 4540 1491 4627 ipsi

233 4677 236 4715 t
299 4667 574 4709 χ...-

407 4773 434 4859 ι)
453 4779 539 4840 oona
561 4779 680 4840 Julian.
697 4780 762 4841 to.
786 4800 810 4840 c.
828 4784 857 4841 4.
880 4801 911 4843 a.
929 4784 977 4842 17.
995 4781 1033 4843 T.
1052 4779 1103 4844 10.
1122 4802 1147 4844 c.
1164 4778 1228 4845 637
1247 4803 1271 4845 s.
1288 4816 1329 4828 -—
1347 4780 1373 4862 ²)
1389 4780 1490 4861 aptot

292 4840 361 4916 ¹⁶⁷.
383 4871 429 4929 aa
444 4869 621 4948 umam.
637 4890 667 4933 t.
685 4874 714 4937 2.
730 4871 768 4933 n.
785 4867 816 4934 2.
834 4891 858 4934 ο.
874 4868 951 4936 sos.
