3775 5625
1465 416 1533 503 tto

344 619 404 664 coe
415 605 455 681 ¹).
480 599 567 680 Quae
583 589 827 665 exhortationes
844 587 1011 665 irrisoriae
1029 611 1154 675 essent,
1178 589 1238 665 nisi
1255 589 1342 665 Dens
1359 594 1445 666 vices
1461 623 1538 688 qno·

346 730 408 796 qne
431 710 669 794 suppeditasset
688 710 930 795 peccatoribus,
953 710 1070 795 quibus
1096 708 1240 775 converti
1263 709 1399 794 possint.
1439 714 1541 797 Atque

346 818 473 883 Petri:
513 822 686 883 Patienter
709 828 776 899 cpit
807 822 1012 901 (Dominus)
1031 828 1168 902 propter
1188 841 1264 900 coe,
1296 823 1437 883 nolens
1464 824 1540 883 cli-

347 938 612 1012 pnoeperire,
637 933 711 992 ced
734 952 864 993 omnes
880 933 1230 1010 adpoenitcnttnm
1252 930 1449 1009 reverti¹).
1472 929 1542 994 Nec

346 1058 413 1102 non
429 1037 552 1102 Pauli:
567 1085 573 1098 .
601 1042 653 1101 An
668 1042 800 1101 diuitiae
816 1022 973 1100 beatitatis
989 1043 1074 1118 estem
1093 1045 1125 1099 et
1136 1044 1329 1118 patientioe,
1348 1046 1381 1099 et
1395 1040 1540 1116 lonpcni-

345 1154 474 1209 utitatis
490 1149 690 1210 contemnis?
723 1150 881 1226 Ipnorce,
905 1153 1061 1229 quoniam
1082 1150 1263 1224 tenipnitae
1284 1148 1344 1207 Dei
1362 1150 1408 1207 ad
1422 1155 1541 1227 poeni·

343 1263 483 1318 tentiam
500 1265 531 1318 te
548 1259 702 1318 adducit?
718 1255 909 1318 Secuttdum
925 1263 1035 1317 entem
1051 1259 1208 1317 duritiam
1220 1263 1324 1337 lunen,
1342 1264 1376 1318 et
1387 1263 1541 1337 impoeni·

349 1372 424 1427 tene
440 1386 519 1446 cor,
542 1372 752 1427 thesaurizas
773 1368 831 1427 titt
847 1372 932 1426 tram
949 1371 982 1427 in
999 1368 1050 1425 elie
1065 1372 1157 1446 trae,
1181 1373 1214 1426 et
1232 1368 1441 1427 revelationis
1452 1371 1542 1444 juon·

339 1478 466 1553 judicii
480 1474 589 1556 Μ’).
614 1473 735 1552 Quibus
751 1473 948 1548 declaratur,
972 1473 1074 1537 Deum
1095 1486 1275 1558 temperare
1291 1473 1488 1558 punitionem
1504 1494 1542 1537 ae

344 1582 510 1667 patienter
527 1604 637 1670 agere,
653 1595 688 1647 ut
703 1595 895 1667 peccatores
911 1582 1017 1657 etiam,
1035 1582 1148 1668 quibus
1166 1596 1217 1647 est
1233 1604 1291 1648 cot·
1307 1584 1420 1647 ductim
1437 1595 1469 1648 et
1484 1583 1541 1647 im·

343 1690 534 1776 poenitens,
555 1705 716 1757 mutentur
734 1713 752 1756 a
768 1691 900 1777 propria
914 1690 1048 1765 malitia,
1070 1704 1102 1755 ot
1123 1712 1235 1756 omnes
1257 1690 1327 1757 sine
1349 1691 1541 1777 exceptione

344 1802 409 1866 ulla
426 1803 466 1865 ad
482 1801 710 1887 poenitentiam
726 1814 939 1867 revertantur.

454 1913 496 1975 B.
520 1913 555 1976 ld
575 1912 680 1996 ipsum
701 1913 829 1975 tradunt
845 1916 904 1977 SS.
921 1913 1079 1986 Patres,
1100 1923 1134 1974 ut
1150 1910 1335 1975 nominatim
1352 1911 1541 1999 Angusti-

344 2025 474 2099 nus⁴),
497 2022 769 2105 etProspec⁵)‚
793 2033 826 2084 et
842 2019 995 2084 definiunt
1012 2019 1199 2085 concilia.
1239 2018 1295 2084 Sic
1317 2019 1542 2085 Concilium

343 2129 586 2193 Valentinum
622 2130 673 2193 iii.
706 2151 733 2193 a.
766 2128 841 2194 855.
875 2130 1031 2203 declarat,
1067 2152 1127 2192 nec
1154 2132 1271 2192 'enatos
1309 2133 1380 2192 ideo
1413 2136 1540 2211 perire,

344 2246 426 2322 quic
458 2242 533 2301 bont
565 2260 637 2300 esse
662 2259 736 2301 non
764 2247 1005 2319 potueram
1031 2242 1093 2301 sed
1116 2246 1193 2322 puta
1215 2242 1291 2301 toni
1313 2242 1540 2302 eaecnelne-

346 2347 492 2426 runt‘).
523 2348 636 2412 Cone.
659 2348 839 2411 Lateran.
865 2349 932 2410 tv.:
974 2349 1014 2410 Si
1031 2357 1109 2429 poet
1122 2357 1361 2430 conceptionem
1377 2351 1542 2430 Bapttsint

344 2465 521 2545 quiequam
533 2460 715 2539 prolapsus
729 2463 838 2533 fcerit
855 2465 889 2519 in
903 2467 1085 2538 peccatum,
1099 2480 1169 2539 per
1184 2480 1318 2521 oerum
1330 2480 1377 2539 ρο
1387 2466 1539 2521 enitcn·
1559 2529 1566 2548 ι

345 2575 767 2649 tiamecmperpoteet
791 2570 1024 2650 reparart²).
1064 2570 1167 2652 Atque
1200 2565 1421 2632 Concilium
1454 2566 1538 2631 'l'ri-

344 2675 558 2740 tientittum:
580 2675 644 2750 Qui
659 2698 736 2738 cero
754 2680 795 2737 ab
812 2684 946 2757 accepta
953 2680 1205 2757 justificationis
1220 2683 1331 2755 qratia
1344 2698 1405 2757 per
1418 2699 1542 2758 pecca·

345 2794 416 2849 tum
439 2790 654 2865 eccidemmt,
679 2808 800 2849 retrone
822 2790 1065 2867 justificari
1091 2795 1300 2868 poterunt,
1335 2811 1407 2849 cnm
1431 2795 1541 2851 ezeci-

344 2903 461 2958 tante
492 2897 593 2975 Deo,
623 2918 684 2977 per
716 2900 944 2959 Poenitentiae
976 2897 1231 2958 Sacramentum
1269 2903 1384 2958 merito
1416 2897 1540 2958 otrico

345 3012 506 3067 amissam
524 3013 667 3082 pretium
687 3026 885 3085 recuperare
902 3004 1204 3085 procemooertnt⁸]¹
1245 3006 1357 3067 Potest
1374 3024 1455 3091 ergo
1472 3004 1539 3090 quin

344 3113 396 3178 sis
417 3113 562 3197 reparari
586 3126 618 3177 et
640 3135 753 3178 numus
769 3111 959 3198 justificari,
983 3126 1015 3177 et
1033 3113 1110 3177 hinc
1131 3125 1238 3198 potest
1260 3113 1355 3177 etiam
1377 3112 1479 3198 quivis
1497 3116 1537 3177 ad

343 3221 584 3308 poenitentiam,
600 3220 705 3309 gratini
721 3220 826 3287 divini
841 3223 979 3306 adjutus,
997 3223 1152 3298 convecti,
1169 3235 1262 3309 atque
1283 3243 1392 3286 veram
1409 3243 1539 3306 semper

343 3352 447 3418 egere
462 3331 699 3418 poenitentiam,
715 3332 759 3397 ita
775 3331 876 3417 utqui
892 3332 986 3416 perit,
1003 3353 1061 3397 sua
1078 3330 1169 3417 enipi
1185 3331 1312 3396 nonnisi
1328 3344 1448 3417 pereat.

456 3442 493 3505 0.
509 3441 653 3527 Denique
668 3463 763 3527 quum
781 3442 868 3505 Deus
885 3462 997 3506 omnes
1013 3441 1159 3506 homines
1175 3441 1250 3506 velit
1266 3443 1375 3506 salvos
1392 3440 1473 3515 lieri,
1492 3454 1536 3506 at·

454 3662 480 3742 ¹)
496 3662 603 3722 Mattio.
622 3659 748 3742 ll,28.
782 3697 823 3708 -
860 3659 885 3748 ²)
903 3661 934 3724 2.
952 3659 1136 3737 Petr.3‚9.
1170 3698 1214 3709 -
1248 3662 1272 3743 ⁸)
1287 3665 1374 3726 Rom.
1392 3661 1423 3738 2,
1439 3659 1538 3724 4-5.

343 3753 395 3815 Oi.
412 3753 485 3833 Sap.
504 3751 556 3827 11,
571 3751 626 3815 24.
644 3750 695 3824 12,
713 3751 857 3816 20-21.
887 3756 929 3815 Is.
946 3752 978 3826 5,
994 3753 1025 3817 4.
1042 3755 1149 3817 Metth.
1167 3752 1220 3828 23,
1237 3752 1291 3816 31.
1322 3755 1419 3835 Apoc.
1436 3752 1468 3828 3,
1484 3751 1538 3817 20.

347 3849 379 3926 ⁴)
397 3846 439 3905 In
453 3845 509 3903 Pe.
526 3846 576 3905 58.
593 3863 682 3906 emm.
700 3848 729 3904 2.
746 3865 776 3904 n.
795 3848 844 3910 11.
854 3842 934 3928 Opp.
952 3847 989 3906 T.
1008 3845 1040 3909 4.
1058 3867 1085 3908 c.
1101 3842 1178 3909 515.
1194 3843 1323 3906 Sinolis
1336 3845 1450 3918 curari,
1468 3848 1538 3904 onl-

344 3955 422 3995 nne
445 3942 543 3995 tetum
559 3938 739 4005 admonet,
764 3942 802 3994 ut
817 3935 978 3996 cureris:
995 3943 1023 3994 et
1037 3956 1203 3996 aversum
1218 3943 1382 4007 revocat,
1399 3943 1427 3995 et
1441 3935 1538 4014 refu·

343 4026 506 4105 pientem
532 4028 751 4102 quodammodo
776 4028 822 4085 ecl
843 4047 880 4088 ec
900 4027 1026 4086 recline
1047 4026 1236 4105 compellit
1256 4032 1288 4085 ct
1306 4026 1474 4085 attrahit.
1499 4029 1539 4085 In

343 4116 488 4178 omniltm
512 4115 628 4198 implet,
651 4119 732 4193 qnod
747 4115 860 4177 dictum
876 4126 935 4179 est:
964 4117 1201 4179 „Misem‘conolia
1221 4119 1285 4196 q'ne
1299 4116 1470 4195 praeveniet
1482 4137 1537 4177 me.

345 4207 397 4272 Cf.
411 4210 461 4268 Dc
475 4215 538 4273 net.
555 4216 583 4268 ct
594 4227 642 4284 pr.
660 4227 684 4267 c.
702 4211 750 4268 67.
767 4230 797 4269 n.
814 4212 863 4269 80.
882 4210 920 4268 Τ.
941 4206 991 4270 10.
1009 4229 1034 4270 c.
1055 4207 1128 4271 162.
1144 4210 1191 4267 De
1207 4208 1257 4268 lib.
1275 4211 1339 4268 cib.
1359 4211 1379 4272 l.
1396 4211 1426 4270 3.
1443 4228 1468 4269 c.
1486 4211 1536 4272 18.

344 4321 378 4362 n.
397 4301 449 4363 60.
466 4300 505 4361 Τ.
525 4297 553 4360 1.
570 4321 596 4358 c.
614 4296 690 4361 630.
708 4307 739 4359 et
755 4299 794 4358 al.
812 4336 853 4344 -
875 4296 900 4384 ⁵)
915 4302 1009 4378 Resp.
1026 4303 1067 4359 ud
1083 4303 1132 4360 15.
1149 4300 1206 4377 obj.
1228 4298 1359 4361 Vincent.
1372 4297 1452 4379 opp.
1468 4299 1538 4360 Au·

346 4390 489 4472 gustin.
507 4390 545 4454 T.
564 4387 615 4454 10.
634 4389 764 4470 append.
782 4410 806 4450 c.
823 4387 899 4451 213.
931 4391 1079 4450 Nemini
1098 4394 1185 4468 Deus
1202 4390 1448 4450 correctionis
1464 4390 1539 4449 adi·

345 4481 540 4554 milvium,
557 4501 619 4540 nec
636 4480 1121 4559 quemqncmpossibilitate
1139 4480 1537 4558 dispoliet.—⁸]Oan.?.

344 4573 483 4644 Menai,
501 4573 578 4634 Oott.
597 4572 687 4633 Oonc.
706 4568 745 4633 Τ.
765 4569 815 4634 15.
834 4593 861 4634 c.
880 4568 910 4633 4.
944 4570 990 4632 cf.
1008 4572 1116 4633 Cone.
1133 4571 1261 4631 Senon.
1281 4593 1309 4636 e.
1329 4568 1425 4632 1528.
1447 4574 1537 4630 Deci.

336 4663 402 4745 fid.
420 4665 472 4727 15.
502 4663 705 4738 Beil‚Sum.
724 4664 814 4724 Oonc.
845 4663 917 4724 Par.
937 4658 1033 4725 1659.
1069 4664 1107 4723 Τ.
1124 4659 1155 4721 2.
1173 4683 1202 4742 p.
1220 4658 1285 4724 469
1302 4683 1327 4724 s.
1346 4661 1539 4725 ConcOo·

341 4758 422 4820 lon.
439 4776 467 4815 a.
487 4750 584 4819 1536.
601 4775 627 4820 c.
643 4757 693 4817 35.
726 4753 772 4815 Ib.
789 4775 818 4834 p.
835 4750 911 4818 488.
945 4790 987 4798 —
1022 4751 1181 4834 ⁷)Defid.
1200 4751 1287 4814 C'atlt.
1304 4774 1329 4813 e.
1347 4757 1375 4817 1.
1407 4753 1538 4830 Menai,

339 4846 427 4916 G'vll.
442 4842 537 4912 eone.
556 4846 595 4911 T.
611 4842 666 4913 22.
683 4865 708 4908 c.
725 4840 802 4911 982.
820 4880 862 4895 -··
881 4841 906 4924 ⁸)
922 4844 1004 4910 Sese.
1023 4847 1050 4911 6.
1068 4866 1092 4909 c.
1110 4847 1159 4909 14.

1255 4951 1322 5021 33*
