3775 5625
357 438 423 507 276

356 604 522 691 hypostasi
539 604 637 668 Verbi
654 602 759 668 divina
775 602 968 676 subsistere,
985 614 1020 666 ut
1034 601 1101 677 itte,
1118 624 1177 686 per
1194 624 1288 688 quem
1304 602 1415 667 omnia
1431 602 1540 668 instau-

355 717 455 780 randa
486 727 577 779 erant
597 726 628 779 et
652 716 790 778 creanda
822 714 942 786 denuo,
966 734 1032 776 non
1048 724 1137 776 esset
1154 712 1233 777 alius
1249 713 1288 776 ah
1306 733 1362 788 eo,
1379 734 1442 798 per
1457 733 1542 798 quem

356 837 463 889 creata
479 823 607 888 fuerunt
622 822 712 887 initio
722 828 759 903 ¹).
771 862 811 870 —
824 822 947 887 Deinde
964 820 1152 897 satisfactio,
1166 843 1394 886 aerumnarum
1410 843 1450 887 ac
1464 844 1542 887 mor·

355 932 397 997 tis
414 932 594 1018 perpessio,
610 954 669 1018 per
685 954 779 1017 quam
796 932 950 995 duntaxat
966 930 1089 1015 expiari
1106 950 1143 994 ac
1167 931 1236 995 Deo
1253 930 1462 996 reconciliari
1474 953 1542 1017 pos·

355 1064 481 1117 sumus,
499 1054 532 1105 ut
548 1063 645 1127 supra
656 1042 725 1125 jam
742 1039 956 1115 ostendimus,
980 1061 1038 1126 per
1055 1053 1199 1105 naturam
1216 1041 1388 1105 humanam
1405 1040 1544 1106 fibertate

354 1150 528 1237 praeditam
545 1150 616 1215 fieri
633 1152 740 1226 dehet,
757 1163 790 1215 et
806 1149 933 1214 nonnisi
950 1149 1045 1214 etiam
1061 1171 1119 1234 per
1136 1171 1205 1214 eam
1222 1149 1292 1214 fieri
1309 1156 1473 1235 potest²);
1503 1163 1542 1216 at·
1586 1204 1588 1212 .

355 1273 459 1325 tamen
476 1259 545 1345 ipsa
561 1281 624 1324 una
643 1260 737 1346 pretii
759 1259 873 1324 infiniti
889 1259 932 1323 sit
948 1280 1084 1323 necesse
1101 1272 1165 1334 est,
1182 1271 1215 1323 ut
1231 1271 1397 1325 aeternam
1413 1281 1542 1346 poenam
1559 1293 1588 1336 ι

353 1369 496 1457 peccatis
529 1369 650 1434 nostris
683 1368 819 1433 debitam
852 1368 1045 1454 aequiparet.
1077 1370 1198 1433 Natura
1228 1381 1334 1433 autem
1357 1370 1495 1434 humana
1514 1370 1588 1447 inq

354 1478 483 1544 Christo
515 1479 548 1543 in
580 1500 616 1544 se
649 1491 793 1564 spectata
813 1480 852 1543 ad
875 1476 1130 1543 satisfactionem
1146 1498 1185 1542 ac
1200 1477 1349 1541 meritum
1381 1477 1588 1556 infinitum..

353 1609 449 1674 quum
466 1610 526 1653 ceu
542 1588 614 1653 tafis
631 1588 751 1673 pariter
768 1586 896 1651 nonnisi
911 1586 1002 1651 finita
1017 1586 1075 1662 sit,
1099 1589 1338 1673 haudquaquam
1356 1586 1485 1651 sufficit
1506 1585 1530 1650 U
1547 1591 1588 1662 ἰ

353 1697 457 1783 itaque
491 1698 638 1763 Christus
663 1699 760 1762 homo
782 1720 842 1762 nos
863 1697 1022 1762 redimere
1046 1699 1179 1772 valeret,
1211 1718 1270 1761 seu
1290 1710 1325 1761 ut
1348 1710 1465 1762 natura
1478 1698 1525 1780 eju
1543 1757 1588 1772 ,-

354 1808 490 1872 humana
521 1806 732 1872 satisfactioni
763 1806 919 1880 infinitae,
951 1828 1030 1894 quae
1052 1829 1110 1891 per
1126 1806 1211 1871 iham
1226 1806 1389 1891 praestari
1404 1806 1588 1879 deheim

352 1918 565 2003 praestandae
581 1938 639 2003 par
655 1928 758 1992 esset,
775 1917 878 2001 ipsam
894 1917 932 1980 ab
954 1916 1121 2001 hypostasi
1138 1915 1235 1979 Verbi
1253 1915 1359 1980 divina
1376 1927 1588 1986 sustenta-

353 2049 393 2092 ac
408 2027 494 2115 regi,
511 2040 543 2092 et
559 2027 632 2091 ideo
649 2040 682 2091 et
697 2048 716 2091 a
732 2028 840 2091 Verho
858 2049 924 2091 riou
947 2039 1143 2111 separatam,
1165 2026 1224 2090 sed
1246 2024 1275 2090 ei
1298 2020 1373 2102 aas?
1388 2015 1588 2090 induraret

354 2139 557 2223 conjunctam
579 2137 739 2201 exsistere
762 2158 845 2222 opus
868 2149 952 2211 erat,
973 2136 1018 2201 ita
1040 2149 1074 2200 ut
1096 2135 1244 2201 Christus
1267 2156 1333 2198 non
1349 2146 1472 2198 tantum
1487 2153 1588 2218 qua

353 2246 452 2320 Deus,
473 2266 585 2309 verum
617 2245 712 2310 etiam
729 2266 790 2330 qua
805 2245 902 2308 homo
917 2244 1018 2309 Filius
1034 2245 1093 2309 Dei
1110 2244 1161 2308 sit
1177 2244 1299 2308 Natura
1313 2244 1451 2306 humana
1467 2262 1581 2329 erg-o

350 2353 383 2418 in
401 2354 547 2430 Christo,
570 2354 645 2419 licet
666 2355 709 2419 sit
729 2354 887 2439 perfecta,
907 2366 1018 2439 utpote
1041 2375 1180 2439 corpore
1201 2366 1233 2418 et
1255 2352 1361 2418 anima
1383 2364 1572 2432 constans,

352 2476 475 2539 tamen,
507 2465 656 2550 quoniam
680 2462 832 2528 adfinem
848 2486 941 2528 suum
958 2485 1068 2549 perse
1087 2465 1189 2528 solam
1221 2462 1390 2527 sufficiens
1405 2484 1470 2526 uon
1485 2478 1561 2540 cst,

352 2574 527 2659 compieta,
559 2593 639 2659 quae
661 2572 711 2637 sui
728 2573 770 2636 sit
781 2573 882 2657 juris,
904 2573 988 2637 haud
1004 2586 1069 2648 est,
1086 2586 1119 2637 et
1134 2573 1401 2659 quemadmodum
1416 2588 1555 2638 nonest

352 2693 485 2766 propter
501 2702 553 2755 se,
569 2680 612 2745 ita
629 2703 754 2767 qumque
771 2703 829 2765 per
845 2702 882 2746 se
898 2683 1059 2772 exsistere
1091 2681 1214 2767 nequit,
1246 2682 1304 2745 sed
1323 2702 1385 2766 per
1406 2681 1543 2746 Verbum

352 2788 508 2865 divitium,
523 2791 756 2877 propterquod
773 2802 839 2865 est,
856 2803 890 2855 ut
906 2791 1031 2856 scilicet
1046 2791 1145 2855 Filius
1161 2790 1221 2855 Dei
1237 2790 1295 2866 sit,
1312 2803 1345 2855 et
1360 2789 1537 2857 terminatur

352 2911 385 2963 et
401 2897 538 2965 exsistit.

457 3010 556 3073 Prout
573 3030 671 3097 ergo,
688 3023 721 3074 ut
738 3022 905 3075 ostensum
922 3024 984 3085 est,
1000 3032 1043 3075 ex
1058 3031 1109 3085 eo,
1126 3012 1210 3096 quod
1227 3023 1360 3075 naturae
1377 3012 1452 3074 duae
1467 3018 1523 3072 sunt

352 3116 385 3182 in
402 3117 532 3183 Christo
549 3119 729 3204 perfectae,
746 3119 937 3205 minimeque
955 3121 1126 3193 confusae,
1143 3121 1181 3184 ah
1199 3120 1248 3184 his
1265 3121 1386 3206 duplex
1401 3117 1519 3184 Christus
1584 3123 1588 3151 ³

353 3249 391 3292 ae
406 3226 555 3314 geminus
572 3227 697 3302 dicitur,
729 3249 793 3291 non
816 3250 912 3291 unum
927 3227 1045 3313 aliquid
1061 3249 1103 3292 ex
1120 3229 1242 3292 duabus
1275 3228 1399 3293 naturis
1429 3223 1515 3291 cond·

354 3349 436 3400 tum:
452 3336 497 3401 ita
513 3337 662 3423 quoniam
679 3337 772 3400 unica
788 3338 820 3400 in
836 3337 951 3400 eodem
967 3335 1098 3401 Christo
1114 3349 1166 3400 est
1180 3337 1382 3422 proprietas,
1398 3355 1469 3422 quae
1480 3334 1514 3415 hy·
1586 3419 1588 3426 Α

355 3445 501 3530 postasin
533 3446 626 3520 facit,
656 3446 804 3510 nimirum
837 3441 936 3523 υἱότης
968 3445 1090 3520 diviua,
1112 3445 1255 3532 quamvis
1273 3448 1354 3510 duae
1371 3446 1401 3510 ci
1416 3455 1513 3508 nannet
1585 3444 1588 3513 Ϊ

355 3555 519 3638 subjectae
542 3554 622 3628 sint,
646 3553 746 3640 eaque
769 3554 1005 3640 quodammodo
1028 3553 1200 3629 formatae,
1224 3554 1355 3619 nonnisi
1369 3575 1430 3619 una
1443 3550 1513 3617 oritu
1566 3544 1579 3622 J

355 3663 540 3747 hypostasis
563 3685 601 3727 ae
623 3683 778 3748 persona,
801 3685 861 3728 nec
883 3664 943 3728 alia
960 3685 1054 3750 quarn
1071 3664 1192 3744 diuina,
1214 3664 1277 3728 hoc
1294 3677 1347 3730 est
1362 3664 1421 3728 Dei
1434 3658 1513 3727 nitu,
1584 3723 1586 3731 .

471 3940 494 4013 ¹)
511 3938 557 4000 Cf.
574 3939 754 3999 Athanas.
775 3941 1207 4005 Or.:>.cont..4riun,n‚69ss.
1224 3929 1512 4021 Opp.T.l.p.53tn
1583 3940 1588 3972 r

360 4030 413 4094 Or,
429 4033 459 4095 3,
475 4051 505 4089 ιι.
522 4034 573 4092 33.
590 4052 621 4111 p.
637 4027 705 4092 582
715 4052 739 4089 s.
757 4030 888 4111 cyrill.
905 4031 1012 4092 Alex.
1032 4032 1214 4110 Gluphpr.
1231 4019 1517 4112 t.1.0pp.T.1.P.f.

357 4142 385 4202 p.
406 4117 456 4182 13.
474 4121 670 4204 Chrysost.
688 4124 728 4181 In
743 4125 835 4182 Joun.
851 4125 929 4186 horn.
948 4127 996 4183 11.
1014 4145 1043 4182 n.
1060 4128 1089 4183 2.
1106 4122 1188 4203 Opp.
1204 4123 1243 4182 Τ.
1261 4119 1292 4184 8.
1309 4143 1342 4202 ρ.
1359 4121 1410 4185 65.
1424 4124 1456 4183 Β.
1468 4118 1515 4177 hu·

356 4213 499 4291 gustis,
534 4215 633 4275 dhoet.
650 4216 700 4273 31.
719 4214 749 4270 in
765 4215 858 4275 Joun.
876 4235 904 4273 ιι.
921 4217 950 4274 5.
974 4211 1054 4294 Ορρ.
1071 4215 1111 4274 T.
1127 4213 1158 4275 3.
1174 4215 1212 4273 P.
1229 4213 1261 4275 2.
1277 4235 1303 4274 c.
1319 4212 1397 4276 522.
1426 4203 1516 4272 Letif-

357 4300 454 4364 Semu,
473 4308 521 4365 Γ).
538 4307 574 4364 de
588 4324 672 4383 poss.
691 4307 779 4365 Dorn.
797 4325 821 4366 e.
839 4309 867 4365 ι).
885 4302 966 4385 Ορρ.
983 4327 1013 4384 p.
1024 4302 1151 4368 135.-
1163 4301 1244 4387 ²)cf.
1262 4303 1420 4386 Gregor.
1435 4304 1510 4381 Nyss-

359 4392 425 4454 (tre.
444 4393 496 4456 Or.
513 4415 538 4455 e.
554 4399 603 4458 Ξῖ.
620 4396 658 4455 Τ.
676 4393 707 4458 3.
723 4416 754 4475 ρ.
772 4393 825 4457 Su.
846 4395 1001 4465 Quaenam
1011 4396 1102 4472 fieret
1116 4404 1236 4455 nostrus
1253 4404 1381 4456 uenturae
1396 4386 1518 4455 correctio

357 4484 386 4543 εἰ
401 4504 468 4545 cum
483 4492 621 4546 hmstre
636 4494 819 4564 ‹reynrtusset
834 4488 963 4555 animal,
979 4488 1107 4562 aliquod
1128 4488 1216 4545 uliud
1230 4508 1269 4546 ea:
1284 4488 1451 4547 coelestidus
1463 4475 1510 4541 diti·
1586 4518 1588 4529 ·

357 4594 428 4636 eum
443 4576 625 4652 suscepisset
645 4581 812 4641 aunuum.
836 4580 905 4637 Xon
919 4586 1017 4656 potest
1030 4578 1108 4636 enirn
1117 4577 1200 4653 fieri,
1218 4587 1251 4637 ut
1265 4587 1395 4653 curetur,
1409 4571 1510 4654 quotu

359 4666 453 4737 doma
470 4666 535 4727 aiei
547 4688 625 4748 pnes
640 4670 783 4729 tuberone
796 4670 957 4749 pnrprhrrr
972 4690 1008 4727 oe
1021 4670 1202 4747 peculiarem
1215 4668 1510 4748 accipiateurattnm·

360 4754 552 4823 Guilbart.
582 4758 745 4841 Negent.
779 4760 866 4825 (het,
897 4761 991 4821 Jud:
1022 4762 1510 4838 n’aeuranuuaattapraeerem
1581 4789 1588 4851 ,2

246 4855 636 5038 H,
645 4868 709 4929 m
724 4854 825 4915 eudem
841 4852 1022 4931 satisfacere
1032 4859 1141 4927 potest.
