3775 5625
1406 462 1471 529 tlt

279 623 300 689 i.
319 646 460 689 enemo
478 625 545 690 lere
561 639 674 711 posset
693 627 800 690 salvus
817 623 902 697 fieri;
920 626 1004 709 quod
1022 648 1115 712 quam
1131 626 1173 691 sit
1188 625 1220 689 in
1238 647 1273 691 sc
1290 629 1473 703 absurdum,

280 747 377 820 atque
393 735 581 826 revelationi
599 735 722 800 divinae
739 755 935 822 repugnans,
951 756 1009 820 per
1026 757 1062 799 se
1078 735 1273 824 intelligitur.

391 848 488 907 Hisce
521 868 578 906 non
612 850 723 907 obsunt
754 849 848 906 verba
872 847 1108 907 Salvatoris:
1132 847 1231 909 Mala
1248 848 1474 909 ardormaloo

277 959 417 1033 fructus
446 958 541 1029 facit.
581 956 659 1017 Non
687 963 797 1035 potest
827 957 928 1015 ordor
952 957 1037 1017 dona
1062 957 1169 1017 nzaloo
1184 959 1320 1030 fructus
1342 962 1473 1036 faeere:

280 1084 386 1145 ireque
402 1066 506 1125 ardor
522 1066 611 1125 mala
635 1066 737 1124 donno
752 1067 888 1139 fructus
903 1067 1020 1139 faeere
1032 1065 1065 1143 ¹).
1083 1067 1203 1126 Etenim
1221 1068 1299 1126 haec
1317 1068 1474 1143 proverbii

280 1193 368 1233 more
390 1175 471 1234 dicta
495 1185 581 1233 sunt:
608 1176 772 1250 proverbia
790 1186 890 1235 autem
908 1176 937 1234 id
955 1177 1147 1252 exprimunt,
1166 1178 1244 1254 quod
1262 1178 1474 1245 communiter,

281 1302 340 1341 non
368 1293 469 1342 autem
494 1276 571 1361 quod
596 1304 717 1361 semper
740 1285 783 1345 fit.
823 1290 922 1361 Atque
952 1285 1096 1343 Christus
1119 1287 1215 1344 verba
1234 1286 1286 1345 illa
1304 1295 1420 1344 tantum
1438 1273 1479 1344 ad'

283 1393 524 1451 confirmandam
553 1394 737 1452 sententiam
764 1411 866 1472 suam,
887 1394 937 1469 qui
954 1412 1104 1469 perverse
1122 1413 1217 1472 agere
1236 1405 1474 1463 consueverunt,

281 1520 341 1559 non
374 1520 466 1579 posse
497 1503 864 1577 esseprobos,prolert.
898 1538 939 1545 —
972 1499 1079 1580 Neque
1098 1505 1221 1563 obstant
1236 1504 1473 1562 verbaPauli:

284 1610 401 1686 Omne,
420 1612 509 1691 quod
523 1629 589 1670 non
604 1616 655 1669 eol
670 1631 715 1671 ea)
727 1612 804 1689 fide,
820 1618 990 1689 peceatum
1007 1613 1103 1685 esti).
1144 1614 1218 1670 llam
1240 1614 1406 1689 Apostolus
1424 1612 1472 1671 hic

282 1739 340 1778 nou
359 1721 396 1778 de
414 1721 471 1779 lide
489 1714 716 1798 loquitur,'qua
734 1721 917 1780 revelationi
934 1721 1055 1780 divinae
1074 1722 1195 1781 ficturum
1212 1732 1408 1797 praestamus
1426 1740 1473 1779 as-

282 1814 429 1898 sensum,
457 1832 510 1888 sed
528 1832 563 1888 de
582 1831 651 1898 fide,
669 1849 728 1906 qua
744 1849 926 1906 persuasum
944 1831 1106 1900 habemus,
1125 1832 1153 1889 id
1171 1832 1249 1909 quod
1267 1832 1398 1910 agimus,
1416 1850 1474 1889 non

281 1958 353 1997 esse
365 1939 515 1998 voluntati
525 1939 645 1997 divinae
662 1940 851 1998 contrarium
864 1922 920 1997 seu
936 1939 1087 1999 illicitum.
1098 1943 1188 1997 -Ilt
1201 1959 1236 1997 eo
1252 1940 1351 1998 minus
1365 1941 1472 1998 verba:

279 2021 401 2107 ¹Omnia
423 2049 544 2107 munda
576 2049 723 2108 mundis:
756 2052 976 2128 coinquinatio
998 2054 1122 2124 autem,
1147 2055 1180 2107 ct
1194 2048 1378 2126 infidelibus
1394 2047 1477 2108 ntttt

269 2163 334 2216 'ert
347 2158 550 2229 mundum).
570 2158 705 2232 Quorum
723 2177 834 2216 sensus
853 2168 916 2218 est:
934 2161 967 2215 ln
985 2159 1079 2217 rebus
1097 2160 1214 2232 creatis
1232 2158 1304 2216 nihil
1323 2167 1370 2215 est
1388 2178 1424 2216 ex
1442 2176 1476 2215 se

280 2267 487 2335 immundum,
510 2268 563 2325 sed
582 2268 682 2326 omnia
699 2267 810 2326 munda
828 2278 899 2326 sunt
917 2269 1051 2335 mundis,
1075 2269 1131 2327 hoc
1149 2276 1208 2335 est,
1225 2269 1302 2326 bene
1321 2278 1351 2327 et
1368 2275 1475 2326 sancte

282 2377 457 2454 utentibus,
475 2376 513 2432 iis
531 2386 649 2444 autem,
674 2376 724 2452 qni
740 2396 796 2451 per
813 2377 1033 2435 immunditiam
1052 2377 1155 2436 cordis
1174 2388 1226 2436 aut
1242 2395 1297 2451 per
1314 2377 1475 2435 infidelita-

282 2494 344 2542 tem
362 2485 422 2542 Dei
439 2485 593 2543 creaturis
612 2487 790 2553 abutuntur,
807 2487 856 2542 vel
867 2487 956 2562 quasi
973 2496 1079 2545 essent
1093 2487 1242 2561 impurae,
1260 2504 1318 2543 non
1336 2495 1475 2555 utuntur,

283 2592 361 2651 niltil
377 2602 426 2650 est
439 2594 591 2660 muudum,
608 2595 662 2651 sed
675 2595 775 2651 omnia
791 2604 862 2652 sunt
877 2595 1040 2653 immunda.
1052 2596 1138 2653 -Si
1151 2605 1252 2653 autem
1262 2595 1376 2663 dicunt,
1394 2595 1475 2653 inter

284 2712 398 2760 statum
410 2702 551 2775 justitiae
569 2711 600 2760 et
616 2712 729 2762 statum
747 2704 869 2779 peccati
885 2705 999 2762 nullum
1018 2723 1088 2762 esse
1110 2705 1255 2763 medium:
1279 2704 1395 2762 admitti
1418 2702 1475 2761 hoe

283 2812 405 2890 quidem
423 2813 523 2878 debet,
542 2823 573 2871 at
590 2814 672 2871 sicut
689 2833 794 2871 eorum
813 2822 923 2890 opera,
950 2815 1000 2892 qui
1024 2816 1054 2872 in
1072 2825 1154 2874 statu
1171 2815 1318 2874 habituali
1332 2814 1475 2888 justitiae

288 2931 381 2989 sunt,
414 2940 472 2979 non
506 2940 627 2998 semper
655 2941 693 2979 ex
720 2923 804 2982 fonte
822 2923 966 2996 justitiae
983 2933 1116 2992 manant,
1132 2924 1175 2982 ita
1193 2933 1223 2981 et
1238 2923 1399 2999 impiorum
1417 2941 1475 2980 non

283 3031 387 3089 omnia
403 3031 497 3106 impia
514 3041 585 3089 sunt
601 3050 704 3108 opera.
726 3066 770 3075 -
796 3033 914 3091 Deinde
931 3042 1129 3109 praeceptum
1146 3035 1245 3091 Deum
1263 3051 1357 3107 super
1376 3031 1475 3088 omnia

283 3139 433 3217 diligendi
451 3141 622 3199 absolutum
641 3141 760 3217 quidem
779 3149 842 3198 est:
868 3150 1002 3199 attamen
1019 3141 1086 3198 ideo
1112 3141 1234 3199 minime
1251 3141 1345 3199 statui
1361 3148 1474 3214 potest,

284 3247 457 3315 hominem,
475 3250 591 3325 quando
609 3269 646 3306 ex
665 3248 817 3307 charitate
835 3249 980 3323 explicita
997 3267 1054 3306 non
1073 3250 1153 3328 agit,
1170 3269 1206 3307 ex
1225 3249 1476 3324 concupiscentia

234 3398 235 3413 t
284 3359 385 3425 mala,
418 3358 552 3434 adeoque
569 3358 705 3434 improbe
723 3376 829 3435 agere.
859 3358 980 3415 Etenim
998 3368 1194 3433 praeceptum
1212 3360 1310 3416 Deum
1328 3358 1476 3435 diligendi

234 3467 240 3505 *v
284 3476 316 3524 et
342 3466 518 3543 negativum
541 3476 572 3524 et
589 3467 806 3525 affirmativum
824 3473 881 3524 est.
923 3464 1081 3538 Quatenus
1100 3476 1148 3524 cst
1165 3468 1363 3545 negativum,
1374 3466 1475 3540 jubet,

285 3585 317 3635 ut
335 3575 409 3633 nihil
426 3594 556 3652 unquam
574 3576 739 3645 faciamus,
763 3575 840 3652 quod
865 3575 905 3633 sit
930 3575 1029 3633 amori
1044 3576 1104 3634 Dei
1121 3576 1246 3653 ejusque
1264 3576 1385 3654 gloriae
1405 3595 1475 3633 oon·

285 3684 427 3753 tranium,
446 3694 536 3762 atque
553 3685 610 3743 hoc
628 3704 722 3743 sensu
739 3704 862 3762 semper
885 3694 916 3743 et
932 3704 987 3760 pro
1006 3687 1140 3762 quolibet
1158 3687 1305 3762 temporis
1323 3694 1475 3744 momento

285 3794 413 3871 obligat.
439 3793 595 3867 Quatenus
613 3804 713 3854 antem
732 3805 780 3853 cst
797 3795 1039 3864 affirmativum,
1058 3813 1246 3871 nequaquam
1264 3796 1425 3870 praecipit,
1443 3803 1476 3851 ut

284 3903 421 3981 quolibet
451 3903 578 3961 instanti
612 3903 749 3962 actiones
782 3904 817 3962 ad
842 3906 939 3961 Deum
965 3903 1142 3963 referantur
1167 3914 1236 3963 actu
1267 3914 1297 3960 et
1320 3904 1474 3977 explicite.

284 4014 386 4072 Porro
404 4011 431 4069 si
448 4012 584 4070 refertur
602 4031 678 4087 opus
696 4014 732 4070 ad
749 4013 858 4071 honum
877 4014 967 4071 linem
984 4014 1171 4088 proximum,
1184 4014 1247 4087 jam
1266 4032 1301 4069 eo
1318 4013 1385 4087 ipso
1403 4013 1474 4070 diri·

286 4123 374 4200 gitur
406 4120 552 4196 implicite
586 4139 641 4178 seu
666 4122 797 4181 mediate
822 4121 852 4179 in
875 4124 974 4180 Deum
996 4132 1029 4181 ut
1052 4123 1081 4180 in
1104 4123 1194 4181 linem
1216 4121 1364 4180 ultimum.
1388 4120 1474 4195 Quae

286 4231 373 4317 actio
403 4230 505 4305 itaque
538 4231 600 4307 legi
627 4232 737 4289 morali
757 4232 944 4291 conveniens
971 4251 1008 4289 ex
1031 4233 1089 4291 fine
1111 4233 1211 4308 aliquo
1237 4230 1399 4289 inhonesto
1417 4250 1474 4288 non

285 4337 467 4414 suscipitur,
484 4357 538 4414 per
560 4358 594 4397 se
615 4341 713 4417 ipsam
740 4340 777 4398 ad
798 4324 897 4400 Deum
914 4341 1068 4410 refertur,
1090 4351 1121 4400 et
1136 4341 1204 4398 ideo
1226 4342 1306 4398 mala
1323 4351 1376 4400 aut
1391 4342 1475 4399 inho·

284 4458 376 4508 nesta
394 4448 548 4506 declarari
565 4451 678 4526 nequit.

285 4581 569 4598 ...nn——

399 4648 423 4728 ¹)
441 4650 547 4712 lllattlr.
567 4645 596 4720 7,
616 4645 655 4710 17
674 4669 698 4710 s.
716 4685 760 4696 -
777 4651 805 4727 ²)
821 4650 908 4714 Rom.
927 4648 979 4725 14,
996 4647 1049 4715 23.
1068 4686 1112 4698 —-
1130 4649 1156 4738 ²)
1173 4653 1234 4712 Tit.
1253 4650 1283 4724 l,
1303 4647 1352 4712 15.

781 4917 993 4936 μ-..η-ι-ι-
