3775 5625
1480 393 1543 460 127

373 553 510 631 coredtit,
535 557 596 621 aed
618 575 662 619 ex
682 576 722 619 eo
739 566 899 640 tamquam
920 574 963 617 ex
983 553 1104 618 semine
1122 566 1155 618 et
1171 575 1270 620 causa
1286 557 1325 619 ad
1343 578 1470 623 omnem
1486 579 1542 643 po·

371 660 528 728 nodatam
548 661 748 748 permanavit
756 668 794 742 ¹).
829 663 963 736 Omnes,
985 660 1162 747 quicunque
1185 663 1323 748 aprimo
1340 665 1469 731 homine
1486 685 1544 749 per

372 772 510 838 carnalem
525 771 771 862 generationem
787 784 895 835 ortum
911 769 1070 845 ducimus,
1082 771 1150 855 jam
1166 770 1199 835 in
1215 786 1329 839 nostra
1352 773 1478 861 origine
1498 773 1543 838 vi·

370 878 463 955 tillia
477 894 593 947 namra
607 880 663 946 lilii
677 881 747 946 irae
764 902 887 955 sumus,
904 892 1074 966 peccatum
1089 880 1303 946 Adamiticum
1320 883 1410 969 quasi
1431 884 1542 948 baere-

372 987 446 1054 ditate
461 988 667 1075 accipientes.
691 990 878 1074 Adpellatur
896 1000 1070 1073 eapropter
1085 1001 1254 1073 peccatum
1270 992 1369 1066 Adae,
1387 1003 1543 1077 quatenus

372 1095 497 1163 bnobia
517 1097 618 1173 ineat,
631 1107 802 1180 peccalum
819 1099 957 1176 originia
981 1118 1040 1161 scu
1052 1107 1223 1178 peccatum
1239 1103 1419 1180 originale,
1443 1120 1542 1185 porro

372 1214 513 1284 peecatum
527 1209 702 1288 naturale,
736 1227 816 1291 quae
848 1205 1088 1293 cognominatio
1121 1219 1193 1271 ante
1218 1211 1252 1272 S.
1279 1208 1542 1296 augustinum

375 1314 508 1380 ommuni
522 1314 555 1379 in
573 1336 634 1380 ueu
650 1321 1009 1397 erat2),seupeccatum
1025 1324 1176 1392 naturae,
1184 1318 1450 1401 quemadmodum
1465 1318 1542 1381 illud

376 1420 399 1484 S.
411 1421 603 1503 l'bomaa‘)
620 1436 727 1499 vocat,
748 1425 799 1488 vel
819 1445 898 1488 vero
911 1433 1084 1506 peccatum
1104 1429 1365 1488 haereditarium
1388 1428 1447 1507 (bie
1464 1428 1541 1493 (itis

377 1525 458 1608 little).
495 1530 673 1596 Ostendere
706 1543 811 1597 autem
832 1534 871 1597 de
899 1544 1034 1616 peccato
1058 1533 1122 1596 boc
1146 1545 1291 1616 oportet:
1319 1533 1347 1598 1.
1371 1533 1467 1597 illud
1482 1555 1537 1598 re-

376 1654 444 1702 vera
458 1637 672 1714 exsistere3
689 1640 720 1707 2.
737 1640 833 1704 illud
848 1662 939 1705 esse
956 1641 1197 1712 universale:
1230 1641 1261 1705 3.
1279 1662 1467 1727 quaenam
1490 1643 1542 1707 ait

376 1743 437 1826 qur
456 1759 592 1813 natura
615 1769 686 1815 seu
709 1749 905 1823 aasentia3
929 1763 1023 1836 atquc
1045 1750 1076 1815 4.
1094 1751 1251 1835 quinam
1267 1750 1348 1815 sint
1364 1752 1540 1835 ejusdem

377 1851 520 1922 allectus
532 1861 572 1937 ⁴).

480 2124 515 2218 ξ.
532 2125 602 2198 zi).
625 2128 817 2198 Peccatl
840 2126 1088 2215 originalis
1104 2127 1404 2201 exsistentia.

453 2314 806 2391 llxeietentiampeooati
820 2315 983 2394 originalia
1000 2316 1130 2396 quidem,
1147 2317 1257 2375 saltem
1275 2327 1414 2387 catenus,
1432 2327 1537 2393 quate·

373 2428 415 2473 tue
435 2421 468 2480 ab
490 2423 607 2482 Adamo
629 2423 782 2502 originem
800 2424 911 2493 trabit,
929 2435 1020 2501 atque
1036 2425 1230 2485 indirecte
1248 2444 1355 2483 omnes
1372 2434 1538 2503 negarunt,

372 2522 409 2596 lli
425 2530 571 2609 originem
605 2532 676 2590 mali
697 2543 750 2592 aut
772 2551 789 2592 a
809 2534 960 2611 principio
979 2535 1057 2592 malo
1074 2534 1266 2609 repetebant,
1299 2544 1332 2593 ut
1358 2534 1539 2594 Gnostici

371 2639 439 2711 tique
453 2639 681 2710 Manichaei,
699 2652 752 2701 aut
768 2661 806 2700 ex
822 2645 962 2719 peccatis
981 2661 1038 2701 nou
1058 2643 1191 2718 expiatio
1209 2643 1392 2711 actualibus,
1410 2661 1487 2720 quae
1505 2644 1536 2701 in

369 2738 416 2802 lita
435 2759 575 2811 anteacta
597 2750 857 2822 commiserimus,
880 2752 1086 2821 deducebant,
1109 2760 1142 2809 ut
1161 2751 1361 2830 Origenes
1379 2760 1409 2808 et
1426 2750 1538 2827 reliqui

367 2845 711 2923 Praeexiatentiant.
737 2895 781 2904 -—
801 2861 965 2920 Directe
989 2870 1090 2919 tamen
1109 2869 1199 2937 atque
1217 2880 1255 2918 en
1271 2861 1414 2920 instituto
1432 2859 1537 2919 ortho-

365 2953 451 3025 doxum
466 2968 578 3047 dogma
595 2969 632 3027 dc
649 2967 814 3048 originalia
832 2969 957 3045 culpae,
974 2969 1121 3046 cujusque
1138 2970 1294 3051 propriae,
1311 2970 1423 3029 delicto
1440 2969 1536 3045 impu·

362 3081 486 3158 annunt,
503 3087 574 3153 poet
598 3077 834 3136 Theodorum
851 3079 1201 3153 Mopsueatenum⁴]
1220 3087 1310 3155 atque
1327 3079 1538 3148 Bullinum,

360 3187 467 3246 'locuto
479 3187 520 3248 V.
530 3187 655 3246 ineunte
671 3187 872 3265 Pelagine,
890 3206 928 3244 ex
944 3187 1106 3246 Britannia
1117 3186 1296 3255 monachus,
1315 3197 1346 3246 et
1361 3186 1429 3262 ejue
1445 3187 1537 3247 dioci-

355 3285 416 3364 tub,
435 3294 517 3355 iuter
544 3314 621 3373 quoe
645 3295 780 3354 eminent
796 3295 1019 3353 coelestius
1037 3305 1126 3371 atque
1143 3296 1166 3352 J
1172 3295 1336 3358 ulianna.
1374 3296 1538 3355 Docebant

353 3403 443 3461 tutem
473 3403 654 3483 Pelagiani,
686 3412 847 3480 peccatum
872 3403 956 3460 Adae
980 3402 1040 3477 ipsi
1055 3403 1114 3460 soli
1131 3402 1286 3470 obfuisse,
1304 3412 1334 3461 et
1351 3421 1410 3462 non
1427 3403 1538 3481 generi

350 3491 490 3584 ¹¹ullarum,
507 3512 568 3572 niel
596 3515 754 3589 exemplo,
775 3512 819 3571 ita
836 3521 941 3570 atnoe
959 3512 1056 3569 simus
1074 3520 1190 3570 tantum
1206 3521 1391 3588 peccatores
1401 3488 1536 3589 'propter

346 3605 503 3691 idamum,
525 3621 667 3698 quoniam
690 3630 871 3698 peccantem
896 3620 1069 3690 imitamur,
1090 3629 1268 3679 nouantem
1286 3621 1427 3698 quoniam
1446 3622 1537 3679 abeo

345 3726 409 3784 ⁰¹¹ti
430 3747 545 3790 eumue.
587 3729 672 3804 Quod
701 3740 803 3789 autem
827 3748 950 3798 omnes,
975 3731 1026 3806 qui
1042 3749 1081 3787 ex
1097 3730 1211 3787 Adamo
1229 3730 1383 3808 originem
1401 3728 1536 3798 trabunt,

345 3836 529 3908 uariantur,
562 3839 635 3898 lieri
657 3840 860 3908 naturaliter3
883 3858 951 3897 nam
970 3839 1061 3897 ctiam
1078 3840 1224 3897 Adamum
1241 3839 1402 3897 mortalem
1420 3838 1536 3896 lactum

346 3948 419 4000 ⁰⁸⁸⁴}
446 3950 643 4016 statuebant,
676 3949 726 4026 qui
749 3948 815 4006 eive
841 3958 989 4024 peccaret
1012 3948 1078 4006 eive
1101 3966 1160 4006 non
1181 3956 1345 4023 peccaret,
1364 3947 1534 4005 moriturus

349 4081 560 4111 M

448 4167 475 4244 ¹)
493 4163 539 4227 of.
558 4164 676 4224 Ooteob.
693 4165 782 4226 Rom.
799 4163 839 4234 ed
853 4163 941 4229 Vien.
960 4160 1057 4226 1833.
1074 4184 1146 4243 pag.
1163 4161 1218 4229 26.
1241 4200 1282 4208 -
1309 4158 1336 4248 ²)
1354 4162 1401 4228 Of.
1417 4162 1450 4225 S.
1466 4161 1535 4224 Au-

352 4253 442 4315 gust.
469 4256 559 4334 Oper.
577 4255 700 4331 imperf.
718 4260 793 4316 cont.
810 4253 929 4316 Julian.
948 4257 967 4316 l.
985 4257 1014 4316 5.
1031 4275 1055 4315 c.
1074 4256 1103 4314 9.
1122 4253 1201 4335 Opp.
1218 4255 1257 4319 Τ.
1274 4251 1326 4317 10.
1345 4274 1372 4315 c.
1391 4250 1477 4315 1227
1496 4275 1536 4314 es.

352 4326 398 4390 lbi
427 4343 550 4406 Juliano
573 4365 683 4404 novam
704 4344 977 4406 denominationem
999 4346 1150 4423 objicienti
1164 4343 1343 4424 respondet:
1378 4343 1537 4420 originale

351 4430 494 4516 plicatum
508 4442 669 4514 propterea
690 4435 914 4512 significantius
931 4456 1022 4510 quam
1043 4438 1184 4495 naturale
1200 4435 1344 4507 dicimur,
1364 4442 1398 4494 ut
1411 4455 1473 4494 ooo
1488 4435 1535 4492 di-

351 4513 407 4604 ''fli
425 4527 539 4602 operia,
560 4529 614 4587 aed
632 4528 782 4586 humanae
802 4526 933 4602 originis
949 4526 1156 4602 intelligatur,
1173 4527 1305 4587 mambae
1318 4532 1444 4603 propter
1459 4525 1537 4584 illud

350 4605 594 4688 Wifiwodum,
627 4619 707 4694 quod
736 4636 791 4693 per
815 4636 909 4677 unum
934 4618 1082 4677 bominem
1112 4617 1244 4676 intravit
1265 4617 1300 4675 io
1319 4618 1473 4676 mundum.
1492 4649 1536 4661 -

350 4681 372 4751 ²]
394 4700 430 4764 1.
449 4710 476 4767 2.
503 4728 532 4783 q.
556 4710 606 4768 ar.
624 4714 682 4766 aa
700 4711 729 4771 1.
747 4705 827 4787 opp.
844 4708 886 4770 n.
903 4704 942 4769 n.
960 4705 1014 4770 ao.
1032 4729 1060 4788 p.
1078 4704 1156 4772 420.
1169 4724 1198 4768 a
1216 4704 1248 4769 2.
1281 4741 1326 4755 -
1358 4703 1383 4784 ⁴)
1399 4707 1487 4766 nom.
1504 4701 1535 4779 5,

351 4763 382 4833 ¹2
404 4806 446 4852 a.
463 4833 502 4843 -
522 4798 547 4876 5)
564 4799 656 4878 apua
671 4798 773 4858 Phoc.
792 4797 865 4858 coa
887 4795 962 4865 177.
