3775 5625
1471 439 1537 506 323

326 607 616 692 quemadmodum
638 613 799 669 statutum
819 614 872 668 eet
889 609 1075 669 torntnttus
1097 608 1201 668 semet
1214 610 1298 667 mort
1315 601 1451 684 (multis,
1474 602 1493 669 i.
1510 625 1537 668 e.

326 713 493 783 omnibus
514 726 647 800 propter
672 724 838 797 peccatum
857 712 977 791 unius),
989 723 1069 795 poet
1081 721 1143 777 boe
1159 723 1267 777 antem
1278 715 1468 791 judicium
1490 719 1539 775 ste

326 830 376 892 ot
394 824 552 886 C'ttrtstne
567 826 691 885 semel
705 824 869 885 oblatus
884 830 947 886 est
962 826 1013 884 nd
1026 825 1241 886 multorum
1257 826 1539 886 oetanrtenda

326 939 390 1016 [ε.
413 933 567 1010 tollenda)
597 940 790 1014 peccota:
823 934 967 993 secundo
989 938 1060 994 stne
1077 940 1247 1013 peccato
1275 928 1452 1012 (sacrificio
1478 952 1538 1016 pro

326 1041 505 1132 peccatis)
523 1045 697 1123 apparebit
710 1044 979 1123 exspectentttns
993 1064 1043 1118 ee,
1062 1048 1097 1103 in
1119 1044 1260 1104 satutem
1278 1049 1331 1118 (ut
1345 1039 1386 1105 iis
1403 1040 1539 1104 salutem

327 1150 445 1218 t’uturi
475 1149 596 1215 saeculi
627 1149 797 1236 largiatur)
821 1156 845 1229 ).
870 1185 910 1198 -
942 1150 1048 1212 Porro
1076 1149 1233 1213 Petrus:
1271 1150 1335 1224 om
1359 1148 1541 1231 (Christus)

326 1285 352 1326 ν
374 1269 516 1322 ereata
532 1268 676 1323 nostra
692 1264 830 1343 (poenas
846 1258 988 1343 peccatis
1007 1258 1128 1323 uostris
1145 1257 1302 1338 debitas),
1326 1257 1444 1344 inquit,
1460 1265 1544 1339 ipse

326 1394 359 1436 ν
377 1372 525 1432 ertnttt
538 1376 578 1431 in
593 1390 762 1449 corpore
778 1390 850 1431 sno
867 1389 989 1451 snper
1006 1371 1152 1447 tipnnm
1169 1367 1203 1455 (i.
1222 1388 1249 1431 e.
1265 1366 1297 1430 iu
1315 1388 1351 1431 se
1363 1365 1487 1449 recepit
1503 1387 1541 1430 ac

326 1477 538 1564 persolvi&
567 1488 615 1542 nt
629 1486 814 1559 peccetis
837 1485 987 1541 mortui
997 1524 1009 1557 ,
1028 1483 1185 1554 justitiae
1204 1485 1351 1540 emamus
1368 1476 1410 1557 (i.
1428 1496 1456 1539 e.
1474 1487 1509 1539 ut
1525 1494 1543 1537 e

326 1600 660 1670 peccator-ommam
671 1609 709 1652 ac
726 1587 867 1652 dominio
883 1588 990 1662 soluti,
1002 1590 1133 1673 Jamque
1149 1586 1224 1650 nihii
1241 1608 1313 1651 cum
1330 1585 1473 1671 peccatis
1490 1586 1542 1648 ba·

326 1710 464 1762 senus
482 1696 677 1771 commercii,
694 1718 793 1781 opera
819 1696 963 1781 justitiae
995 1701 1240 1776 exerceamus):
1273 1701 1390 1775 enjus
1419 1698 1546 1757 livore

326 1806 472 1882 [morte
489 1815 640 1884 cruenta)
655 1815 794 1870 sanati
810 1816 910 1870 estis
927 1807 1034 1885 (salus
1051 1806 1144 1871 vobis
1162 1818 1272 1891 parata
1287 1811 1400 1886 eant).
1424 1803 1544 1883 Quibus

326 1916 461 1981 rerbis
481 1918 659 2000 Apostolus
684 1915 813 1980 definite
835 1915 947 1992 tradit,
965 1889 1126 1981 Christum
1143 1936 1265 2000 poenas
1281 1914 1375 1979 nobis
1392 1935 1451 1999 pro
1469 1934 1542 1998 pec·

326 2024 434 2089 :atis
465 2027 649 2090 subeundas
681 2025 713 2089 iu
745 2047 781 2090 se
813 2026 1019 2111 suscepisse,
1054 2039 1148 2112 atque
1193 2038 1307 2090 nostro
1339 2027 1413 2089 loco
1447 2021 1543 2088 susti-

326 2132 476 2209 munisse,
493 2147 526 2199 et
543 2134 592 2200 sic
608 2137 742 2199 salutem
759 2135 853 2199 uobis
869 2156 1019 2220 parasse,
1043 2157 1105 2221 quo
1123 2135 1312 2210 excitemur,
1327 2147 1362 2199 ut
1376 2132 1451 2198 huic
1468 2152 1543 2217 ope·

326 2252 425 2305 mm
445 2265 572 2308 omnem
595 2265 758 2308 navemus.
798 2245 921 2309 Eadem
941 2244 1100 2310 sententia
1121 2266 1257 2330 prorsus
1281 2244 1366 2309 inest
1388 2242 1441 2308 alii
1462 2244 1546 2316 ioco,

326 2338 383 2409 'tn
409 2373 466 2437 quo
482 2353 526 2417 ita
543 2352 656 2418 scribit
671 2352 755 2417 idem
771 2357 962 2438 Apostolus:
977 2337 1131 2419 ⁸Set‘entes
1147 2359 1237 2438 qnod
1250 2376 1326 2417 non
1341 2359 1547 2435 corrupti·

326 2450 505 2525 bintus
540 2469 602 2544 (sc.
618 2457 767 2541 χρήμασι,
791 2465 910 2539 rebus,
926 2468 974 2547 ut)
992 2487 1108 2544 anre,
1126 2467 1191 2528 eet
1205 2473 1366 2542 arpenta
1384 2466 1549 2525 redemti

327 2577 458 2634 cette
489 2576 532 2634 de
555 2594 659 2635 vana
690 2583 829 2637 vestro
861 2581 1174 2637 conversatione
1194 2581 1392 2655 paternae
1417 2574 1548 2636 tradi-

328 2672 382 2731 t.-
394 2688 479 2743 onts
496 2686 611 2766 (prava
627 2680 710 2746 vitae
727 2682 851 2746 ratione
868 2703 887 2745 a
903 2681 1080 2767 majoribus
1096 2689 1262 2766 accepta),
1285 2685 1355 2744 sed
1364 2672 1548 2764 pretioso

329 2794 546 2868 'anquene
562 2798 658 2875 quaet·
677 2799 750 2871 apnt'
767 2795 970 2856 ttnrnaentatt
995 2794 1137 2873 etrite,
1161 2801 1193 2855 et
1212 2798 1462 2856 incontaminati
1484 2790 1549 2871 (vel

326 2881 447 2966 itum
466 2911 588 2964 textum
610 2921 780 2987 graecum:
797 2905 896 2965 vetuti
913 2909 988 2981 apnt
1009 2905 1211 2966 immaculati
1236 2910 1269 2964 et
1283 2907 1547 2980 incontaminati,

330 2994 501 3089 Onnes)
509 3018 546 3088 ³).
570 3009 691 3088 Quibus
722 3011 861 3096 pretium
882 3010 979 3074 morti
1008 3011 1127 3077 Christi
1150 3011 1275 3086 inesse,
1292 3011 1387 3076 itaut
1403 3031 1461 3095 per
1477 3028 1548 3074 cam

327 3115 507 3183 Pecuniae
530 3130 714 3181 numeratae
730 3117 832 3183 instar
849 3139 866 3181 e
883 3118 1038 3182 servitute
1055 3119 1179 3203 peccati
1203 3119 1327 3184 liberati
1344 3104 1462 3192 simus,
1485 3130 1548 3183 tam

327 3226 464 3300 *perte
481 3227 678 3303 declaratur,
701 3240 813 3291 utnon
831 3227 935 3313 possit
952 3227 1103 3312 apertius.
1143 3229 1212 3294 Nec
1233 3250 1297 3292 non
1313 3228 1346 3292 id
1362 3227 1468 3313 ipsum
1484 3226 1548 3291 edi·

327 3337 432 3396 eum
445 3335 590 3418 ejusdem
605 3337 721 3401 verba:
765 3337 852 3411 Onia
869 3346 903 3399 et
920 3339 1113 3400 Christus
1134 3340 1260 3399 seruet
1279 3343 1551 3419 propeccatis

327 3447 360 3489 ἢ
374 3452 514 3506 ostris
536 3443 573 3520 (i.
597 3466 624 3509 e.
646 3458 780 3530 propter
796 3458 930 3530 peccata
947 3459 1074 3521 nostra,
1090 3445 1157 3521 περὶ
1181 3443 1349 3527 ἁμαρτιῶν)
1367 3456 1551 3510 mortuus

330 3556 587 3631 eeajnnue
599 3578 671 3636 pro
691 3553 784 3643 (περὶ)
801 3562 970 3635 th'uetts
987 3555 1022 3637 (i.
1040 3577 1066 3620 e.
1084 3556 1277 3640 injustorum
1294 3559 1402 3636 loco),
1418 3565 1465 3620 nt
1478 3578 1551 3619 nos

332 3663 632 3741 ‘’fferretDeo
650 3664 685 3745 (i.
709 3686 735 3728 e.
757 3666 826 3729 Deo
848 3667 998 3741 adducat,
1020 3666 1124 3750 ipsum
1141 3645 1328 3752 propitium,
1361 3689 1422 3732 nos
1444 3678 1549 3731 autem

333 3755 557 3835 similitudine
579 3771 752 3838 affectuum
779 3796 967 3860 morumque
991 3775 1021 3838 ci
1037 3775 1236 3861 propinquos
1253 3778 1436 3858 reddendo)
1447 3781 1485 3856 ⁴).
1503 3813 1544 3822 -

337 3863 458 3963 Atque
475 3882 494 3943 J
502 3902 665 3946 oannes:
693 3883 870 3963 Sanpnte
888 3885 990 3948 Jesu
1010 3886 1184 3965 ourtett,
1204 3889 1302 3948 Feles
1318 3893 1407 3964 ejus
1425 3886 1546 3964 (Det),

340 3984 544 4054 emundat
573 3992 707 4077 (expiat,
738 3988 913 4070 καθαρίζει,
946 4015 1009 4079 quo
1044 3995 1086 4058 to
1117 3994 1311 4079 interpretes
1328 3995 1549 4058 Hebraeorum

344 4084 455 4197 RQH
477 4113 509 4164 et
529 4107 615 4182 Um
640 4103 790 4183 reddunt)
801 4106 827 4186 ⁵)
849 4124 922 4164 nos
947 4106 992 4165 nb
1014 4110 1116 4165 omni
1136 4113 1309 4184 peceato.
1341 4104 1398 4166 Et:
1417 4110 1549 4184 etipse

349 4268 484 4346 (Jecur
502 4283 676 4363 Christus)
693 4290 755 4343 est
763 4287 1007 4363 propitiatio
1024 4273 1179 4364 (tioeopic,
1199 4289 1348 4404 Πζᾷφῡ)
1362 4304 1435 4363 pro
1454 4302 1548 4362 peo-

354 4499 572 4534 N...—

469 4609 495 4689 1)
510 4607 605 4668 Hebr.
625 4604 659 4687 9,
677 4603 822 4670 25—28.
855 4605 900 4668 Of.
916 4606 1003 4669 Rom.
1024 4604 1074 4682 14,
1094 4605 1145 4670 15.
1166 4607 1194 4670 1.
1226 4607 1297 4670 Oor.
1317 4606 1368 4684 15,
1385 4607 1414 4670 3.
1432 4609 1546 4689 pros.

352 4671 389 4755 2,
414 4691 451 4756 13
467 4718 491 4758 s.
525 4697 594 4758 car.
613 4696 643 4772 3,
662 4694 713 4758 13.
733 4696 763 4772 1,
779 4695 810 4759 4.
830 4695 858 4759 1.
892 4694 971 4759 mm.
988 4695 1021 4772 2,
1038 4697 1068 4761 o.
1101 4735 1145 4745 -
1177 4699 1203 4779 ν)
1222 4699 1251 4762 1.
1268 4701 1350 4763 reo.
1368 4697 1399 4771 2,
1417 4696 1470 4761 24.
1505 4736 1546 4746 -

353 4763 387 4854 ⁸)
413 4782 438 4845 1.
454 4789 537 4849 retr.
559 4787 748 4864 1,18-19.
782 4825 823 4834 -
857 4789 884 4870 4)
903 4788 931 4850 1.
949 4791 1032 4851 reo.
1049 4787 1081 4864 3,
1101 4787 1151 4853 1s.
1179 4787 1422 4864 orarent,
1443 4788 1471 4853 1.
1505 4825 1546 4838 .-

352 4850 382 4942 ‘)
406 4874 500 4942 uma.
516 4877 569 4957 29,
587 4877 639 4945 ao.
657 4877 710 4944 st.
727 4883 804 4944 mv.
822 4877 853 4955 8,
872 4876 923 4944 15.
940 4881 982 4944 ιε.
1005 4879 1103 4957 1,16,
1171 4924 1177 4933 .

1267 4989 1330 5057 21*
