3775 5625
415 637 417 641 '
499 630 655 705 objiciunt
672 641 773 691 autem
791 631 980 689 adversarii:

501 740 529 803 l.
548 742 683 817 Quodvis
706 742 843 799 animans
866 741 896 798 in
918 759 1024 799 rerum
1047 750 1159 799 natura
1175 742 1302 817 propria
1318 742 1383 801 vita
1399 753 1448 802 est
1464 743 1585 820 praedi·

390 865 469 926 tum3
492 855 571 914 unde
597 862 628 911 et
649 853 752 931 bomo,
773 870 878 909 rerum
900 860 1077 910 creatarum
1095 851 1254 921 dominus,
1270 853 1352 911 inter
1369 871 1476 912 omues
1492 856 1586 933 louge

390 964 548 1033 eminens,
572 962 808 1029 nobilissimum,
826 960 904 1037 quod
921 961 958 1018 ad
976 978 1089 1035 eorpus
1108 960 1231 1040 attinet,
1248 970 1377 1020 naturae
1394 962 1587 1045 figmentum,

391 1075 454 1134 vita
470 1073 596 1151 propria
613 1090 669 1129 seu
686 1072 786 1129 anima
804 1071 928 1129 animali
945 1088 1056 1129 earere
1073 1088 1132 1128 non
1149 1079 1270 1145 potest,
1288 1080 1319 1129 et
1340 1072 1460 1147 quidem
1477 1092 1516 1132 eo
1532 1073 1586 1132 mi·

391 1204 457 1265 uus,
474 1184 614 1261 quoniam
634 1183 670 1241 ad
687 1182 830 1241 unionem
855 1200 923 1240 eum
948 1181 1060 1256 spiritu
1083 1200 1137 1239 seu
1165 1182 1265 1239 animo
1281 1181 1443 1240 ineundam
1466 1183 1588 1242 nonnisi

390 1313 503 1371 eorpus
534 1294 652 1360 vivum,
684 1291 893 1369 intelligentia
917 1291 1109 1367 praeditum,
1142 1310 1200 1367 qua
1233 1295 1301 1352 sola
1334 1295 1388 1353 illa
1412 1292 1586 1368 perficitur,

389 1412 491 1479 aptum
515 1400 610 1477 est¹).
635 1434 679 1443 -
705 1401 825 1458 Verum
847 1398 936 1457 bomo
954 1400 1072 1475 quidem
1090 1410 1220 1460 naturae
1238 1402 1377 1461 dominus
1400 1414 1465 1473 est,
1488 1411 1521 1462 et
1537 1421 1585 1462 ea·

389 1522 517 1587 propter
534 1511 627 1570 etiam
646 1529 740 1586 super
757 1528 863 1568 omnes
874 1527 927 1567 res
937 1519 1061 1569 creatas
1071 1510 1200 1581 eminet3
1212 1520 1345 1571 attamen
1355 1531 1414 1571 non
1424 1522 1587 1572 estrerunt

390 1606 566 1680 creatarum
584 1619 723 1678 dominus
741 1619 821 1687 ideo,
839 1619 980 1695 quoniam
999 1628 1047 1677 est
1064 1618 1175 1677 animal
1192 1621 1426 1691 nobilissimum,
1444 1623 1500 1681 sed
1517 1622 1588 1699 quia

389 1729 478 1787 bomo
496 1748 552 1788 seu
569 1729 682 1787 animal
697 1729 848 1787 rationale
866 1729 1002 1799 exsistit,
1020 1738 1110 1804 atque
1128 1729 1242 1788 eminet
1257 1731 1339 1790 inter
1351 1749 1457 1790 omnes
1473 1732 1587 1790 iterum

388 1858 447 1898 nun
469 1838 607 1908 animali,
631 1840 685 1898 sed
703 1838 833 1897 humaui
850 1857 905 1897 soa
928 1838 1055 1907 naturai,
1073 1856 1149 1915 quae
1166 1858 1204 1897 ex
1222 1858 1353 1917 eorpore
1371 1850 1402 1900 et
1418 1842 1522 1899 anima
1538 1858 1586 1898 ra·

388 1948 496 2008 tionali
513 1958 562 2008 est
578 1936 757 2009 constituta.
775 1950 904 2008 SiDeus
918 1948 1508 2030 eorpusbumanumnonhominem,sed
1525 1968 1586 2009 tne-

388 2076 456 2115 rum
465 2057 586 2127 animal,
597 2068 756 2116 externam
765 2056 1125 2133 speeiembominisprae
1134 2076 1169 2115 se
1177 2058 1294 2127 lenens,
1304 2075 1416 2117 oreore
1435 2068 1528 2136 atque
1544 2060 1588 2118 illi

388 2166 520 2241 primum
544 2167 626 2224 inter
650 2166 816 2225 animantia
833 2168 944 2235 locum,
967 2176 1000 2225 ut
1018 2186 1044 2225 e.
1062 2186 1093 2245 g.
1111 2167 1231 2243 aquilae
1247 2167 1331 2225 inter
1349 2185 1439 2237 aves,
1458 2176 1489 2226 et
1506 2168 1586 2227 leoni

388 2277 472 2335 iuter
489 2275 714 2351 quadrupedes,
732 2274 897 2352 assignare
914 2273 1080 2333 voluisset:
1102 2284 1175 2335 tune
1192 2275 1295 2351 utique
1313 2292 1428 2351 eorpus
1445 2286 1587 2335 nostrum

390 2386 490 2444 anima
507 2384 679 2457 animali,et
696 2384 815 2460 quidem
832 2384 980 2442 nobiliori·
992 2402 1067 2459 prae
1083 2385 1213 2461 reliquis
1231 2384 1437 2443 animantibus
1449 2386 1587 2445 animare

388 2494 556 2554 debuisset.
582 2494 619 2551 Si
636 2502 738 2552 autem
754 2494 841 2550 Deus
858 2492 1009 2551 hominem
1026 2512 1102 2551 vere
1113 2494 1266 2552 dominum
1283 2512 1388 2552 rerum
1407 2504 1587 2554 creatarum

388 2603 580 2663 constituere
598 2602 705 2672 voluit,
723 2603 774 2678 qui
791 2603 837 2661 eis
858 2602 997 2678 praesit,
1022 2603 1128 2678 eisque
1146 2604 1230 2661 velut
1245 2604 1341 2661 rebus
1358 2604 1418 2662 sibi
1435 2604 1587 2678 subjectis

388 2722 503 2782 utatur,
516 2721 607 2788 atque
624 2712 723 2787 ipsum
740 2720 907 2787 propterea
924 2710 1017 2768 etiam
1035 2710 1187 2785 suijuris,
1205 2712 1225 2773 i.
1242 2730 1269 2775 e.
1287 2730 1413 2770 suarum
1430 2712 1588 2771 actionum

387 2822 540 2881 dominum
567 2821 773 2890 constituere3
801 2820 852 2896 qui
869 2819 950 2877 enim
972 2819 1020 2877 sui
1037 2820 1176 2879 dominus
1193 2839 1252 2878 non
1271 2830 1335 2891 est,
1360 2821 1517 2880 eominus
1535 2823 1586 2880 do·

386 2931 486 2989 minus
505 2930 634 2989 aliarum
652 2948 757 2987 rerum
776 2947 847 2986 esse
864 2937 981 3004 poteste
999 2928 1150 2986 hominem
1167 2928 1351 2987 rationalem
1369 2930 1516 2999 condere,
1530 2929 1551 2989 i.
1559 2948 1586 2994 s.

387 3058 501 3116 eorpus
529 3057 597 3099 eum
621 3037 723 3097 anima
749 3037 895 3124 rationpli
920 3037 1017 3113 quoad
1041 3037 1228 3095 subtantiam
1252 3037 1445 3116 conjungere
1469 3039 1586 3108 debuit,

385 3166 476 3226 quum
492 3149 566 3207 illud
584 3166 652 3207 euru
668 3146 727 3206 bae
743 3148 821 3205 alius
838 3145 1063 3220 eonjunetionis
1074 3147 1225 3205 ineundae
1235 3164 1332 3222 eapax
1343 3165 1401 3205 non
1414 3147 1456 3205 sit
1462 3169 1472 3218 3
1491 3148 1537 3206 ita
1553 3157 1587 3207 ot

385 3276 463 3335 ergo
482 3257 574 3316 etiam
592 3266 735 3315 neutrum
752 3274 808 3331 per
826 3271 860 3312 se
878 3254 1029 3322 exsistat,
1052 3255 1073 3316 i.
1090 3273 1117 3316 e.
1134 3255 1176 3312 sit
1192 3255 1312 3330 quidem
1329 3255 1431 3313 anima
1446 3257 1586 3316 rationa-

384 3366 423 3424 lis
450 3367 641 3435 substantia,
664 3374 798 3424 attamen
820 3364 1026 3439 incompleta,
1043 3372 1149 3438 utpote
1167 3363 1322 3422 destinata
1338 3364 1460 3423 domina
1477 3384 1585 3425 rerum

382 3475 559 3555 visibilium,
575 3470 609 3538 od
631 3494 703 3533 esse
719 3474 842 3533 visibile
866 3492 884 3532 a
901 3490 1033 3548 corpore
1049 3473 1222 3548 recipiens,
1240 3490 1353 3549 eorpus
1370 3482 1475 3532 autem
1495 3490 1585 3534 erea-

382 3592 449 3642 tom
466 3584 502 3642 od
520 3581 755 3641 subsistentiam
773 3581 893 3640 animae
909 3580 1071 3638 rationalis
1085 3582 1305 3657 complendam,
1322 3571 1356 3636 td
1372 3600 1463 3641 suum
1474 3601 1586 3643 verum

383 3710 465 3762 esse,
482 3692 503 3754 i.
521 3711 547 3751 e.
564 3691 680 3758 vitam,
698 3690 735 3748 ab
753 3689 810 3749 bae
828 3689 928 3747 anima
945 3689 1100 3759 rationali,
1117 3700 1244 3766 propter
1261 3708 1366 3767 quam,
1389 3700 1421 3748 et
1437 3691 1513 3752 bine
1531 3712 1587 3770 per

383 3819 473 3878 quam
494 3809 612 3858 tautum
636 3798 778 3877 exsistit,
796 3797 940 3873 arripiat.
981 3797 1066 3872 Quod
1085 3807 1185 3856 autem
1203 3799 1358 3872 adjicitur,
1375 3800 1513 3860 animum
1531 3820 1587 3862 seu

382 3909 513 3970 animam
545 3909 730 3968 rationalem
751 3906 874 3964 nonnisi
895 3924 963 3966 oum
992 3925 1122 3983 eorpore
1148 3906 1218 3964 vivo
1241 3908 1325 3966 uniri
1345 3925 1456 3984 posse,
1481 3912 1587 3989 gratis

382 4019 538 4078 asseritur
546 4040 555 4088 ;
588 4036 658 4076 nam
681 4018 718 4075 od
740 4015 884 4074 unionem
905 4016 1024 4074 animae
1045 4016 1208 4074 rationalis
1225 4034 1293 4075 eum
1312 4036 1445 4094 eorpore
1463 4028 1587 4080 tantum

380 4126 568 4204 requiritur,
594 4136 627 4185 ut
651 4127 710 4185 hoe
736 4125 874 4202 potentia
901 4143 956 4184 seu
974 4125 1121 4185 laeultate
1137 4125 1235 4200 vitae,
1254 4126 1377 4184 minime
1394 4137 1501 4187 autem
1518 4129 1589 4207 ipsi

380 4235 447 4295 vitai
464 4237 505 4294 sit
522 4236 720 4295 instructum.
740 4235 775 4294 Si
791 4252 867 4292 vero
884 4233 959 4293 illud
975 4253 1083 4293 verum
1101 4243 1196 4303 esset,
1214 4251 1269 4309 per
1287 4235 1385 4292 solam
1401 4235 1588 4318 intelligen-

380 4347 454 4406 tiam
472 4345 602 4404 animam
620 4344 803 4403 rationalem
822 4362 889 4403 oum
907 4362 1040 4420 eorpore
1057 4342 1204 4421 conjungi
1220 4361 1327 4419 posse:
1352 4346 1478 4420 parvuli
1505 4347 1589 4406 omni

505 4688 536 4764 ²)
558 4687 701 4769 surrigi,
732 4687 792 4752 tite
815 4684 1071 4765 mutuaenutuae
1095 4684 1143 4747 bet
1167 4684 1220 4764 stt.
1246 4683 1361 4748 iliram
1383 4685 1461 4750 aaa.
1485 4686 1589 4752 1850.

378 4803 409 4862 p.
430 4777 503 4843 115.
521 4778 600 4844 stit.
617 4777 776 4858 tintorissi).
793 4774 943 4856 degenti.
963 4770 1060 4839 1854.
1077 4795 1106 4852 p.
1124 4771 1176 4836 29.
1194 4770 1247 4836 30.
1266 4772 1319 4838 80.
1338 4772 1390 4838 85.
1409 4775 1572 4845 bitetten
1579 4825 1589 4862 ,

380 4871 534 4952 &tunitii
567 4869 616 4932 bet
649 4867 787 4949 blittopp.
812 4867 864 4930 Ξῖ.
893 4862 990 4928 1848.
1013 4886 1045 4945 p.
1069 4861 1113 4926 90
1134 4884 1175 4926 ss.
