3775 5625
1490 431 1554 504 tet

343 600 512 669 tribus,
544 594 591 654 uti
621 593 954 669 chrysostomum,
988 596 1336 673 Theophylasw),
1375 598 1553 660 Oeoume·

348 709 479 779 210⁸),
509 702 710 776 litlanton,
741 713 773 763 et
793 704 1062 783 Augustinoll,
1094 706 1219 784 linguae
1248 725 1383 785 graecae
1410 708 1476 767 sine
1502 711 1554 769 du·

351 823 396 884 ito
424 812 640 893 peritissimis,
657 822 706 872 est
721 813 861 889 probata.

468 920 553 986 Esse
569 930 675 984 autem
691 931 869 1005 peccatum,
886 919 970 1005 quod
986 940 1044 1005 per
1060 919 1198 1005 primum
1213 921 1375 989 hominem
1391 946 1486 990 omne
1498 947 1554 1014 ge·

364 1055 421 1102 nus
439 1032 611 1095 humanum
625 1028 751 1103 invasit,
768 1041 936 1114 peccatum
952 1050 1050 1094 sensu
1071 1049 1150 1093 vero
1173 1050 1211 1095 ac
1226 1031 1360 1116 proprio
1378 1047 1557 1119 acceptum,

368 1142 528 1233 patctjam
544 1158 588 1204 ex
603 1158 653 1212 eo,
670 1135 819 1223 quoniam
834 1138 874 1201 ub
890 1138 1049 1221 Apostolo
1066 1158 1157 1202 mors
1168 1149 1328 1224 tamquam
1341 1145 1470 1229 sequela
1480 1165 1554 1230 pcc·

373 1250 426 1319 ceti
443 1250 482 1315 ab
497 1248 560 1314 hoc
576 1246 791 1333 distinguitur,
808 1247 892 1332 quod
907 1245 1013 1331 itaque
1036 1245 1179 1311 discsse
1199 1248 1308 1333 nequit
1315 1274 1325 1323 ;
1348 1250 1462 1318 deinde
1483 1253 1557 1339 quis

376 1362 404 1426 rb
424 1358 498 1445 ipso
520 1378 610 1422 mors
633 1368 790 1442 tamquam
812 1355 1063 1442 poenapeccati
1085 1376 1104 1420 a
1126 1356 1195 1420 Deo
1217 1355 1336 1424 inilicta
1353 1361 1555 1440 describitur,

379 1468 418 1558 qui
433 1466 560 1533 nonnisi
575 1478 708 1553 propter
724 1468 848 1553 culpem
860 1465 973 1553 punire
986 1478 1110 1551 potest;
1126 1477 1193 1530 tum
1209 1468 1358 1552 quoniam
1375 1470 1511 1538 dicimur
1521 1473 1553 1538 in

384 1596 634 1677 idampeccaooe,
649 1589 695 1671 ἐφ’
711 1584 735 1671 ᾧ
758 1589 864 1664 πάντες
874 1583 1015 1671 ἥμαρτον,
1032 1606 1124 1679 atque
1140 1593 1215 1660 licet
1230 1590 1361 1673 ἁμαρτία
1377 1619 1475 1664 sensu
1491 1621 1555 1667 me.

386 1703 526 1789 boymico
559 1704 598 1769 de
629 1700 745 1767 effectu
771 1699 894 1785 peccati
914 1700 1048 1787 intelligi
1077 1703 1197 1787 possit,
1225 1707 1357 1771 verbum
1381 1704 1559 1786 ἁμαρτάνειν

315 1847 316 1862 .
390 1824 470 1879 boren
485 1811 582 1878 simili
596 1809 842 1899 significatione,
860 1811 898 1874 de
915 1809 1055 1896 sequclis
1071 1810 1196 1877 scilicet.
1210 1813 1335 1898 pcccati
1352 1814 1556 1880 incurrendis

315 1899 318 1958 3
395 1921 467 2009 tcoipi
487 1942 622 2008 prorsus
644 1918 766 2006 nequit,
798 1919 856 1983 sed
880 1931 1000 1983 tantum
1022 1919 1061 1984 de
1084 1922 1207 1986 macula
1230 1943 1288 1987 seu
1312 1925 1404 2008 culpa
1428 1936 1555 1988 contra·

392 2029 468 2096 lenda
481 2028 614 2117 intelligi
635 2040 753 2114 potest.
784 2028 933 2104 Accedit,
956 2028 1193 2114 expositionem
1218 2042 1363 2096 nostram
1381 2034 1558 2098 vorborum

392 2139 512 2224 Apostoli
534 2139 719 2212 citatorum,
741 2135 893 2201 infallibili
921 2136 1113 2204 auctoritate
1134 2139 1314 2228 Magisterii
1344 2140 1558 2208 ecclesiastici

391 2266 445 2314 esse
470 2249 646 2320 firmatam
678 2267 774 2331 quum
795 2245 942 2311 concil.
964 2246 1284 2330 Milevitanum⁰),
1307 2250 1346 2313 ab
1368 2250 1559 2336 Apostolica

390 2358 453 2425 bede
482 2356 720 2431 confirmatum,
751 2367 784 2421 et
807 2368 883 2441 post
903 2354 979 2419 illud
1002 2355 1224 2422 Concilium
1242 2359 1557 2441 Tridentinum')

388 2461 479 2533 iisdem
493 2466 602 2533 verbis
619 2463 788 2538 definierit,
804 2465 910 2529 locum
926 2464 1087 2529 laudatum
1104 2486 1168 2529 non
1184 2465 1292 2543 aliter,
1316 2488 1409 2553 qoam
1427 2469 1466 2533 de
1483 2490 1557 2554 pcc·

388 2587 443 2641 cato
462 2575 623 2666 originali,
645 2575 730 2662 quod
751 2572 960 2661 generatione
978 2574 1200 2651 contrahatur,
1216 2576 1457 2665 intelligendum
1474 2598 1558 2645 esse.

471 2692 498 2753 b.
515 2687 612 2760 ldem,
629 2683 753 2750 scilicet
768 2704 829 2747 nos
845 2682 1019 2769 participes
1040 2704 1115 2749 esse
1135 2685 1263 2771 peccati
1278 2687 1383 2763 Adae,
1407 2689 1492 2775 quod
1509 2702 1560 2754 est

387 2812 458 2864 mors
471 2795 604 2871 animae,
621 2794 767 2889 qnodque
782 2792 952 2881 unicuique
968 2806 1115 2860 nostrum
1137 2794 1303 2882 proprium
1329 2809 1395 2874 est,
1411 2821 1475 2863 uon
1492 2797 1558 2886 qui·

387 2899 653 2990 improprietate
665 2911 931 2986 perpetrationis,
949 2904 1006 2969 sed
1022 2914 1211 2984 conlapsam
1218 2915 1411 2989 propaginis
1420 2908 1459 2988 ⁸),
1475 2908 1560 2974 sacili

388 3017 499 3101 negotio
516 3037 558 3082 cx
574 3016 675 3081 altero
691 3015 764 3079 loco
781 3034 880 3100 supra
895 3013 990 3079 allato
1013 3013 1201 3081 ostenditur.
1241 3016 1322 3080 Nam
1345 3015 1422 3081 dicit
1441 3017 1560 3082 ibidem

387 3116 493 3201 Paulus,
509 3146 570 3190 uos
585 3145 644 3210 per
659 3123 748 3189 Adae
764 3121 914 3188 delictum
930 3123 1198 3199 condemnari,
1226 3136 1321 3210 atquc
1344 3146 1401 3211 per
1418 3127 1488 3211 ejus
1511 3125 1557 3191 in·

388 3229 582 3302 obedentiam
618 3243 854 3319 peccatores
892 3233 1087 3298 constitui
1122 3235 1239 3298 eodem
1269 3235 1386 3310 modo,
1410 3256 1472 3320 quo
1500 3256 1559 3321 per

389 3334 765 3430 discooperiamus,
781 3355 876 3430 atque
892 3363 951 3428 per
967 3342 1036 3426 ejus
1054 3342 1271 3407 obeditionem
1286 3343 1368 3428 justi
1391 3345 1557 3411 constitui·

388 3464 449 3517 mur.
471 3456 589 3520 Verum
605 3465 739 3539 propter
756 3452 918 3519 Christum
934 3474 999 3517 non
1010 3452 1090 3539 justi
1107 3452 1270 3517 reddimur
1290 3474 1349 3538 per
1369 3455 1473 3519 solam
1489 3456 1559 3542 ejus

315 3568 318 3653 ξ
383 3553 504 3635 iustae
520 3563 741 3637 imitationem,
757 3565 815 3629 sed
830 3563 937 3649 potius
959 3584 1018 3650 per
1041 3565 1199 3629 occultam
1221 3563 1344 3650 gratiae
1366 3563 1491 3629 divim
1511 3565 1557 3630 in·

315 3670 316 3675 ’
385 3668 587 3748 mirationem,
604 3695 662 3740 scu
676 3673 793 3739 indolis
810 3673 933 3739 divinae
951 3672 1286 3749 communicationem,
1303 3685 1458 3760 quatenns
1475 3674 1558 3741 scili·

384 3788 427 3841 cet
439 3785 556 3870 Spiritu
572 3783 679 3850 divino
696 3784 873 3850 animamur
890 3796 922 3848 et
937 3784 1090 3857 vivimus;
1113 3785 1197 3848 unde
1214 3783 1310 3848 etiarn
1325 3796 1460 3869 propter
1475 3787 1557 3850 Ada-

315 3908 317 3985 {
377 3897 454 3998 fnum
466 3907 656 3981 peccatores
673 3894 931 3960 condemnationi
948 3893 1080 3960 obnoxii
1101 3915 1177 3959 esse
1199 3915 1264 3958 non
1280 3915 1471 3979 possumus,
1489 3894 1560 3981 quia

315 4014 316 4025 ¹
374 4002 471 4072 bsun
485 4016 674 4092 peccantem
688 4002 862 4077 imitamur,
879 4005 936 4067 scd
959 4002 1031 4089 quia
1047 4016 1192 4068 naturam
1212 4003 1281 4087 ejus
1299 4015 1485 4087 corruptam
1501 4024 1559 4088 per

372 4119 587 4154 χ...-

315 4237 316 4243 ,
476 4194 504 4269 ¹)
521 4191 611 4251 Hoon.
634 4192 683 4251 10.
705 4189 739 4248 in
763 4208 809 4267 ep.
832 4193 873 4249 acl
903 4193 990 4251 Rom.
1022 4210 1052 4252 n.
1085 4192 1113 4250 1.
1152 4188 1232 4269 Opp.
1255 4189 1293 4248 Τ.
1316 4185 1346 4250 9.
1370 4208 1400 4267 p.
1422 4185 1498 4251 519.
1518 4225 1559 4234 -

369 4255 396 4340 ¹)
422 4277 525 4343 comm.
542 4280 577 4340 in
591 4282 651 4357 Ep.
669 4282 710 4339 od
725 4283 812 4342 Rom.
829 4283 859 4353 5,
877 4283 925 4342 12.
944 4277 1022 4361 Opp.
1040 4281 1078 4340 T.
1095 4277 1125 4342 2.
1142 4301 1173 4362 p.
1190 4276 1243 4341 38.
1276 4313 1318 4324 -
1352 4278 1377 4358 ³)
1396 4279 1561 4342 Commio

363 4354 437 4433 401.
450 4374 555 4452 sipost.
573 4378 625 4434 eto.
642 4371 689 4432 ed.
706 4371 847 4434 Morell.
864 4372 936 4433 Par.
956 4368 1051 4434 1631.
1069 4369 1151 4433 adh.
1168 4371 1243 4434 t-
1256 4369 1280 4450 ⁴)
1298 4368 1343 4432 Oi.
1360 4372 1558 4451 Augustin.

362 4440 501 4526 00111.
519 4484 585 4541 epp.
606 4463 710 4539 Pelaq.
728 4464 794 4524 14.
812 4466 932 4527 o.4.n.
951 4459 980 4524 7.
998 4463 1037 4525 Τ.
1055 4459 1106 4524 10.
1125 4459 1244 4526 stit.
1266 4497 1308 4507 -
1331 4463 1359 4538 5)
1378 4463 1463 4523 Cont.
1482 4464 1560 4521 dnos

357 4546 455 4617 θ13111.
485 4555 591 4630 Pelop.
623 4556 642 4616 1.
676 4575 700 4615 c.
732 4556 781 4613 De
810 4573 889 4631 pecc.
917 4573 990 4616 mer.
1012 4561 1040 4615 et
1063 4574 1134 4616 rem.
1156 4555 1175 4615 1.
1198 4556 1227 4618 1.
1248 4573 1273 4614 o.
1296 4555 1344 4614 10.
1367 4574 1397 4616 n.
1421 4556 1469 4614 11.
1487 4574 1511 4615 c.
1528 4549 1558 4615 8.

355 4616 383 4686 l·
410 4647 436 4708 3.
451 4667 476 4710 e.
495 4649 522 4708 7.
539 4665 569 4707 n.
587 4649 636 4707 14.
653 4666 678 4706 c.
695 4641 748 4708 18.
761 4679 806 4690 -—
818 4645 844 4722 ⁶)
859 4644 933 4707 oon.
952 4649 980 4708 2.
996 4647 1133 4717 Mensi,
1153 4643 1230 4705 0011.
1249 4643 1339 4706 Cotto.
1357 4640 1396 4707 Τ.
1407 4640 1438 4704 4.
1448 4664 1473 4706 c.
1483 4640 1557 4707 321.

353 4738 419 4782 N
434 4737 458 4816 ⁷)
474 4736 557 4800 Sese.
574 4739 602 4798 5.
618 4739 712 4799 Decr.
730 4737 766 4795 de
780 4755 859 4814 pecc.
877 4736 954 4812 erip.
978 4773 1018 4782 —
1039 4733 1066 4814 ⁸)
1079 4735 1123 4799 cf.
1140 4735 1335 4813 Augustis.
1349 4734 1558 4797 GontJnttan.

353 4797 384 4870 ²·
411 4829 435 4892 o.
451 4849 477 4892 ο.
494 4830 523 4892 o.
540 4848 571 4891 n.
587 4831 637 4891 24.
662 4828 700 4890 r.
719 4824 771 4891 10.
788 4847 812 4891 ο.
830 4823 905 4891 oto.
