3775 5625
373 454 416 520 58

372 634 426 687 aut
442 642 522 686 vero
540 620 578 685 ab
595 620 675 706 ipsis
692 642 734 685 ex
750 621 847 686 nihilo
865 621 950 687 ellici
967 644 1024 687 sen
1042 625 1146 690 creari
1163 626 1311 698 deberet;
1336 637 1478 690 attamen
1503 625 1579 690 illud

374 732 455 797 tollit
471 731 594 796 animae
612 730 846 817 simplicitatem
864 754 901 797 ac
918 732 1188 819 spiritualitatem,
1212 736 1275 800 boc
1296 756 1376 800 vero
1394 748 1448 800 est
1464 737 1578 801 absur-

372 837 456 915 dum,
473 840 546 928 quia
558 841 622 906 vim
638 842 768 906 creandi
783 842 937 907 infinitam
955 844 1084 920 homini,
1102 857 1134 908 ct
1149 844 1275 931 quidem
1290 844 1407 921 inscio,
1424 842 1579 910 vindicat.

372 950 592 1026 Substantias,
616 964 713 1037 prout
728 964 850 1016 tantum
872 952 1082 1038 omnipotenti
1098 955 1260 1018 voluntate
1283 966 1425 1039 possunt
1447 968 1578 1020 susten·

370 1060 432 1125 tari
449 1083 508 1126 seu
525 1061 730 1136 conservari,
760 1062 805 1126 ita
821 1085 945 1148 quoquc
963 1076 1084 1128 tautum
1102 1065 1213 1128 eadem
1231 1064 1445 1149 omnipotenti
1463 1064 1578 1129 volun·

371 1182 435 1235 tate
452 1170 556 1236 divina
572 1184 710 1257 possunt
727 1171 807 1236 oriri
824 1194 882 1236 sen
899 1172 1012 1236 creari.
1029 1174 1102 1236 Non
1118 1185 1256 1258 possunt
1271 1172 1377 1259 itaque
1390 1173 1519 1239 animae
1537 1196 1580 1239 ex

370 1280 548 1368 propagine
565 1279 652 1356 lieri,
677 1281 735 1345 sed
753 1293 873 1344 tantum
891 1280 1101 1366 omnipotenti
1117 1281 1177 1345 Dei
1193 1282 1310 1347 virtute
1328 1282 1446 1347 creari.

478 1394 1293 1471 111111.81111111111111)1111111111.Β.
1314 1397 1579 1473 Berlepsch')

371 1505 546 1585 obmovent,
564 1523 601 1562 ex
618 1504 773 1563 sententia
790 1505 1027 1563 Orestianorum
1045 1506 1225 1572 necessario
1243 1506 1348 1582 sequi,
1370 1507 1474 1565 Deum
1493 1506 1579 1565 adul·

371 1614 449 1673 teris
467 1624 498 1672 et
514 1613 693 1673 fornicariis
708 1614 739 1672 in
756 1615 975 1690 procreatione
992 1613 1123 1672 hominis
1141 1614 1318 1691 cooperari,
1336 1632 1373 1675 ac
1396 1633 1471 1674 1111
1489 1616 1579 1675 mini·

371 1718 471 1783 s'trum
489 1733 520 1782 et
536 1724 624 1802 quasi
641 1724 857 1801 pedissequum
880 1724 1015 1783 libidinis
1037 1742 1208 1783 venereae:
1231 1724 1446 1801 opponendum
1465 1735 1533 1795 est,
1550 1725 1580 1785 11

370 1833 575 1893 fornicatione
594 1843 626 1893 et
642 1834 793 1892 adulterio
812 1835 868 1893 duo
891 1834 1107 1912 distinguenda
1125 1852 1211 1903 esse,
1229 1833 1381 1894 actionem
1399 1836 1580 1895 naturalem

370 1944 585 2024 generationis
602 1943 762 2017 humanae,
780 1953 811 2002 et
826 1944 933 2002 vitium
952 1943 1215 2022 transgredientis
1232 1946 1336 2022 legem
1353 1944 1415 2002 Dei
1431 1944 1465 2002 in
1483 1962 1581 2020 opere
1609 1973 1612 1978 ·

371 2054 424 2111 illo
443 2053 652 2129 perficiend03
671 2071 707 2111 ac
723 2052 855 2128 primum
872 2053 983 2111 bonum
1001 2071 1072 2110 1111
1090 2061 1121 2111 11
1138 2053 1167 2111 11
1188 2054 1289 2111 Deum
1312 2054 1501 2129 cooperari,
1528 2072 1580 2112 ne·
1645 2046 1651 2055 ’

373 2182 522 2242 quaquam
541 2173 642 2222 autem
660 2164 811 2244 secundo,
833 2164 911 2241 quod
929 2165 1027 2222 solum
1045 2164 1157 2221 malum
1175 2172 1233 2221 est.
1257 2162 1343 2221 Unde
1355 2161 1422 2237 jam
1441 2162 1579 2222 Hiero·

372 2292 500 2349 nymus
519 2273 555 2332 ad
573 2273 789 2351 argumentum
805 2272 879 2330 illud
897 2271 1070 2348 respondit,
1096 2290 1154 2330 non
1179 2271 1280 2349 magis
1302 2271 1476 2330 absurdum
1496 2291 1578 2343 csse,

371 2392 405 2442 ut
420 2384 507 2442 Deus
525 2382 708 2441 adulterinis
726 2382 925 2457 conceptibus
942 2380 1075 2456 inspiret
1091 2380 1219 2449 animas,
1238 2397 1328 2457 qnam
1344 2369 1379 2438 ut
1396 2388 1488 2439 terra
1505 2400 1578 2459 gre·

370 2494 430 2553 mio
449 2493 612 2552 confoveat
629 2492 757 2573 semina,
774 2510 851 2568 quae
869 2500 955 2549 sator
973 2490 1056 2549 11111
1073 2490 1247 2559 sustulerit,
1264 2491 1315 2548 111
1330 2488 1493 2551 immunda
1508 2509 1577 2567 pro·

364 2602 481 2679 jecerit
496 2622 586 2662 11111
594 2605 632 2680 ³).

743 2799 777 2894 ξ.
795 2799 835 2871 9.
852 2799 986 2871 Finis
1002 2797 1219 2871 hominis.

476 2987 569 3050 Nulla
585 3005 664 3049 sane
681 2985 774 3048 datur
790 2981 953 3068 quaestio,
978 3001 1057 3066 quae
1073 2979 1206 3065 majoris
1223 2981 1380 3045 momenti
1403 2982 1506 3049 nobis
1531 3006 1577 3049 es·

368 3119 405 3164 se
428 3095 551 3182 possit,
581 3116 675 3181 quam
697 3091 843 3179 quaestio
874 3092 913 3154 de
935 3103 1049 3155 nostra
1070 3090 1285 3156 destinatione
1307 3112 1367 3156 seu
1391 3093 1433 3157 de
1463 3107 1580 3159 nostro

367 3207 431 3274 fine
447 3206 569 3271 ultimo.
595 3204 631 3269 Si
647 3203 732 3268 enim
749 3224 768 3266 a
783 3222 861 3266 vera
885 3200 1116 3276 destinatione,
1147 3199 1299 3266 divinitus
1323 3201 1422 3267 nobis
1447 3203 1584 3270 deman·

367 3319 457 3392 data,
481 3317 687 3388 aberrantes,
712 3333 848 3396 scopum
864 3310 1010 3375 fictitium
1027 3323 1206 3376 sectamur:
1238 3310 1344 3375 omnis
1367 3310 1438 3376 vita
1467 3327 1591 3379 nostra

367 3426 451 3493 aliud
467 3448 532 3490 non
550 3424 627 3499 erit,
652 3444 746 3509 quam
769 3420 941 3486 continuus
958 3442 1067 3496 error,
1091 3434 1124 3485 11
1143 3418 1217 3484 finis
1241 3421 1391 3505 ejusdem
1414 3421 1599 3488 interitus.

366 3537 456 3602 ldem
472 3533 567 3598 nobis
584 3530 718 3605 accidit,
743 3530 828 3614 qnod
844 3529 1054 3615 gubernatori
1069 3529 1176 3605 navis,
1200 3529 1253 3616 qui
1268 3542 1400 3614 portum
1417 3529 1606 3619 ignorans

365 3644 456 3708 vires
488 3663 566 3705 suas
591 3641 631 3703 ad
655 3638 740 3702 alind
780 3658 845 3700 non
868 3637 1019 3713 intendit,
1042 3637 1105 3702 nisi
1128 3650 1161 3701 ut
1185 3639 1316 3702 tandem
1340 3641 1495 3724 scopulis
1522 3641 1611 3707 inis

364 3750 547 3842 lugubriter
564 3750 793 3834 submergatur
802 3750 840 3824 ⁴).
864 3747 969 3810 Docet
985 3742 1090 3811 autem

473 3863 512 3924 A.
529 3857 750 3931 revelatio,
776 3875 889 3919 omnes
910 3868 1041 3920 nostras
1064 3855 1151 3920 vires
1174 3876 1213 3921 ac
1235 3856 1428 3933 facultates,
1455 3880 1628 3926 earuun‘

365 3992 427 4060 que
450 3981 590 4034 mutuum
613 3965 804 4030 relationem
825 3963 1023 4049 respiciens,
1055 3963 1106 4028 cui
1129 3977 1162 4028 et
1183 3965 1266 4029 ratio
1285 3965 1399 4030 sobria
1423 3968 1631 4035 lubentis‘

366 4081 448 4149 sime
465 4076 661 4165 adquiescit,
685 4096 759 4140 esse
776 4072 936 4137 bominem
953 4086 1110 4148 creatum,
1133 4087 1168 4138 ut
1189 4075 1312 4138 Deum
1329 4096 1442 4164 cogn
1453 4085 1636 4145 oscas»,

363 4199 611 4256 revereatur
628 4182 851 4270 aediligat,
876 4193 993 4266 atque
1011 4183 1407 4249 exhaereverentia
1432 4206 1480 4252 ac
1500 4190 1636 4253 cha‘

364 4299 489 4366 ritate
514 4316 612 4382 erga
641 4295 786 4378 ipsum,
818 4290 1033 4354 confidens
1058 4291 1100 4353 de
1129 4291 1417 4374 ejusauxilio,
1450 4295 1583 4381 ipsiu
1606 4301 1641 4348 ὃ

364 4405 672 4476 sanctissimam
693 4403 944 4466 voluntatem
968 4398 1176 4484 perficiat,
1214 4423 1272 4464 sen
1293 4414 1329 4465 nt
1360 4385 1644 4470 sanctitati

360 4548 651 4565 —..-.—-

472 4621 500 4697 1)
518 4618 564 4679 cf.
584 4615 739 4695 Gregor.
756 4614 863 4692 Nyss.
882 4611 929 4669 De
945 4610 1052 4670 animo
1068 4608 1149 4691 Opp.
1166 4614 1238 4673 Par.
1259 4611 1360 4677 1638.
1387 4613 1430 4683 Τ.
1457 4641 1490 4699 p.
1510 4616 1556 4680 10
1569 4603 1647 4671 23·

364 4714 393 4789 ¹)
412 4708 492 4791 Opp.
510 4730 537 4773 c,
554 4730 585 4789 p.
604 4704 655 4770 67.
675 4743 715 4751 -
727 4707 754 4783 ³)
773 4703 819 4764 cf.
837 4701 1049 4762 Bellarmin.
1074 4704 1122 4760 De
1138 4703 1243 4765 omiss.
1259 4711 1340 4781 9111.
1360 4714 1389 4767 11
1412 4715 1601 4788 1111.ραῦ
1613 4713 1648 4753 ⁶·

363 4805 419 4865 14.
442 4822 466 4863 1.
488 4804 536 4862 11.
559 4800 683 4878 Dispot.
702 4800 738 4856 de
755 4801 887 4854 11111111.
906 4793 978 4853 Otr.
989 4791 1046 4866 fid.
1063 4793 1155 4872 Prag.
1173 4791 1272 4856 1721.
1292 4793 1332 4859 T.
1351 4794 1384 4859 4.
1403 4820 1436 4879 p.
1458 4797 1526 4863 130
1543 4802 1650 4858 ΒΕ·

364 4931 406 4947 .-
420 4896 448 4974 ⁴)
467 4891 532 4954 Sta
537 4893 587 4974 pf,
604 4890 748 4973 Epitome
767 4887 867 4947 tbeot.
884 4900 960 4944 mor.
979 4882 1025 4944 ed.
1042 4880 1072 4946 2.
1089 4881 1196 4966 Oeuip.
1216 4883 1315 4950 1842.
1323 4887 1373 4952 ·V.
1392 4887 1425 4953 2.
1443 4911 1474 4971 p.
1494 4890 1524 4955 1.
