3775 5625
1398 410 1461 476 441

277 592 331 644 aut
348 577 532 663 acquisitus,
549 601 612 643 uon
630 578 680 641 sit.
721 578 870 640 Declarat
886 576 970 639 euim
994 576 1184 651 Concilium,
1204 574 1467 659 justificationem

275 713 344 753 non
360 711 433 751 esse
448 692 555 751 solum
571 695 795 749 remissionem
808 696 1035 767 peccatorum,
1069 691 1129 749 sed
1150 693 1247 748 etium
1272 690 1466 765 sanctisi-

277 808 478 862 cationem
498 808 537 860 et
556 805 853 859 renovationem
867 804 1046 859 interioris
1066 803 1205 859 hominis
1223 817 1284 876 per
1310 797 1466 857 volunta·

276 917 365 971 riam
395 915 690 986 susceptionem
720 913 884 984 pratiae
916 915 954 967 et
984 910 1192 977 donorum·
1222 915 1314 987 atque
1346 902 1376 965 iu
1410 905 1468 967 hac

279 1017 369 1103 impii
381 1015 612 1100 justificatione
630 1023 870 1079 charitatem
892 1019 964 1078 Dei
988 1019 1169 1096 diffundi
1186 1022 1219 1076 in
1236 1016 1391 1075 cordibus
1408 1036 1467 1074 eo-

277 1150 365 1205 ram,
389 1134 444 1209 qui
453 1131 693 1206 justificantur,
711 1135 806 1207 atque
821 1133 902 1206 ipsis
919 1130 1164 1199 inhaerere¹)
1172 1150 1186 1202 ;
1204 1144 1283 1208 quae
1301 1135 1386 1187 certe
1405 1145 1468 1185 non

278 1235 474 1301 conveniunt
488 1236 639 1326 proprie,
662 1234 723 1297 nisi
753 1234 958 1319 injustitiam
983 1233 1182 1298 habitualem.
1222 1234 1325 1295 Porro
1350 1231 1469 1305 definit,

254 1344 417 1431 'gratiam
437 1341 667 1428 justificantem
695 1366 761 1405 non
782 1366 853 1405 esse
875 1351 1001 1406 tuntum
1027 1352 1201 1405 aeternnm
1221 1344 1283 1403 Dei
1302 1344 1468 1418 favorem,

278 1459 341 1517 sed
354 1462 453 1516 etiam
469 1460 729 1531 charitatem,
749 1461 881 1535 quaein
897 1456 1053 1514 cordibus
1065 1458 1229 1513 hominum
1242 1472 1302 1531 per
1310 1451 1470 1530 Spiritum

279 1564 318 1626 S.
337 1567 626 1641 diffundatur,
646 1571 743 1644 atque
759 1566 827 1623 illis
842 1566 1096 1639 inhaereat²)
1109 1565 1347 1640 3justificatum
1363 1566 1396 1621 in
1414 1582 1466 1621 ac·

278 1679 518 1754 ceptaJustitia
541 1675 669 1735 auxilio
691 1674 753 1733 Dei
772 1694 988 1752 perseuerare
1010 1675 1163 1751 posse⁸);
1192 1668 1389 1754 justificatos
1408 1689 1471 1749 per

279 1786 542 1845 observationem
574 1785 804 1844 mandatorum
831 1784 893 1843 Dei
915 1791 947 1843 et
970 1783 1145 1842 Ecclesiae
1167 1787 1296 1859 inipso
1318 1785 1469 1857 justitia,

280 1900 481 1971 cooperante
494 1895 558 1971 fide
576 1894 669 1953 bonis
686 1895 856 1971 operibus,
877 1894 1111 1969 crescere⁴);
1120 1889 1290 1966 justitiam
1307 1897 1472 1969 acceptam

280 2008 518 2064 conservari
535 2008 572 2061 et
587 2007 725 2076 nuperi
741 2022 852 2061 coram
869 2002 939 2061 Deo
954 2023 1015 2080 per
1032 2002 1118 2061 bona
1134 1995 1286 2082 opera⁵);
1304 2009 1396 2081 alque
1414 2021 1471 2058 re-

280 2112 679 2187 natosjuberijustitiam
697 2131 755 2170 ceu
768 2116 909 2189 primam
925 2118 985 2170 sto
995 2111 1008 2169 l
1012 2131 1069 2170 am
1075 2154 1086 2186 ,
1102 2130 1162 2188 per
1178 2108 1345 2169 Christum
1354 2108 1472 2168 Jesnm

280 2222 350 2283 illis
383 2223 550 2295 donatam,
585 2222 770 2297 candidam,
805 2227 838 2279 et
866 2220 1110 2279 irumaculatam
1143 2238 1406 2293 conservare,
1436 2224 1474 2278 ut

280 2351 354 2390 eam
367 2332 544 2408 perferant
559 2335 633 2388 ante
649 2330 798 2389 tribunal
811 2329 942 2389 Dourini
958 2334 1064 2388 riustri
1082 2328 1168 2388 Jesu
1187 2327 1331 2404 Ohrlsti,
1362 2334 1393 2387 et
1408 2331 1472 2386 lta·

282 2442 383 2500 beant
397 2444 496 2499 vitam
513 2444 682 2498 aeternam
689 2441 729 2513 6).
769 2436 855 2513 Quae
880 2435 999 2519 pariter
1022 2434 1147 2498 nonnisi
1164 2433 1364 2518 injustitiam
1380 2432 1473 2495 nobis

286 2548 384 2611 modo
402 2545 506 2609 stabili
528 2566 567 2609 ae
587 2557 792 2628 permanente
813 2544 1030 2609 inhaerentem
1053 2546 1216 2630 quadrant.
1251 2542 1392 2627 Denique
1410 2553 1472 2605 sta·

284 2656 352 2729 tuit,
370 2666 500 2718 renatos
517 2675 575 2739 per
590 2655 784 2739 Baptismum
798 2664 936 2717 veterem
947 2662 1106 2718 hominem
1123 2676 1257 2732 eenere,
1277 2662 1309 2715 et
1322 2675 1472 2731 novum,

283 2773 339 2848 qui
360 2767 539 2827 secundum
555 2766 660 2827 Deum
684 2774 816 2827 creatus
840 2773 905 2839 est,
936 2763 1004 2828 ie.
1029 2761 1228 2827 sanctitatem
1251 2773 1282 2825 et
1308 2760 1474 2844 justitiam,

283 2878 419 2938 inducre
430 2876 465 2952 ⁷).
490 2874 609 2936 Verum
625 2872 657 2935 in
673 2872 845 2935 infantibus
862 2873 945 2936 nulla
963 2872 1091 2955 concipi
1112 2884 1220 2956 potest
1236 2870 1368 2934 actualis
1380 2869 1473 2954 justi·

282 2983 337 3058 tia,
353 3003 414 3068 qua
424 2983 494 3045 Deo
512 2981 632 3046 similes
649 2981 828 3045 efficiantur
837 3006 846 3054 ;
864 3003 945 3068 ergo
963 2980 1130 3045 habitualis
1142 2978 1266 3065 justitia
1282 2979 1324 3043 sit
1339 2999 1474 3042 necesse

283 3105 344 3185 est,
370 3113 464 3176 quum
482 3089 609 3154 tertium
626 3089 752 3175 aliquod
764 3089 907 3173 justitiae
923 3111 1027 3177 genus
1044 3112 1108 3152 uon
1126 3092 1227 3162 detur,
1243 3109 1304 3151 nec
1320 3087 1386 3151 dari
1398 3109 1473 3171 pos·

283 3201 336 3265 sit.
361 3200 504 3273 Accedit,
522 3201 605 3285 quod
623 3198 734 3262 scribit
754 3198 1036 3273 Pallaviciuus‚
1062 3202 1257 3282 quibusdam
1278 3200 1473 3279 postulanti·

283 3317 359 3389 bus,
378 3319 416 3372 ut
430 3318 624 3391 expressius
641 3313 882 3389 declararetur,
904 3314 979 3389 pieri
989 3315 1159 3387 justitiam
1177 3330 1238 3388 per
1259 3310 1404 3370 habiturn
1419 3313 1475 3368 in·

280 3427 411 3502 susara,
431 3421 574 3484 delectos
591 3421 703 3483 Patres
720 3417 939 3501 respondisse,
967 3421 1003 3479 id
1016 3426 1100 3479 satis
1116 3420 1278 3497 euplicari
1290 3438 1351 3498 per
1367 3437 1475 3478 vocem

286 3538 475 3593 „inhaerete
478 3576 490 3609 ,
508 3552 591 3612 quae
607 3532 818 3591 stabilitatem
833 3533 1005 3608 sipniticat,
1025 3536 1057 3588 et
1071 3529 1247 3605 habitibus,
1266 3549 1333 3589 non
1349 3528 1476 3588 actibus
1527 3591 1531 3598 ¹

285 3646 444 3716 conpruit.
483 3640 573 3702 Unde
594 3638 715 3721 etipse
741 3635 901 3700 affirmare
918 3657 982 3699 uon
1000 3635 1150 3709 haesitat,
1182 3644 1318 3698 mentem
1337 3638 1476 3698 Concilio·

282 3754 406 3828 fuisse,
425 3758 572 3810 statuere
588 3755 756 3828 speciatim
771 3750 917 3809 habitum
932 3749 1083 3821 infusum
1094 3751 1251 3824 jbettttae
1258 3793 1269 3823 ‚
1289 3754 1321 3807 et
1335 3767 1400 3807 iton
1415 3765 1475 3822 pe·

284 3866 427 3920 uerattm
447 3880 571 3919 meram
594 3865 784 3919 interiorem
805 3863 992 3934 fictitiam,
1017 3858 1101 3917 nihil
1115 3858 1313 3935 destruendo,
1336 3861 1477 3915 ennesii

285 3976 394 4046 actus,
414 3970 616 4044 cohabitas,
635 3974 684 4028 uti
697 3969 826 4046 placuit
844 3965 995 4027 Gabrieli
1017 3961 1212 4050 Vosquez⁸).
1229 3965 1297 4026 Nec
1314 3983 1377 4024 non
1394 3963 1476 4024 harre

284 4075 385 4140 luisse
403 4075 537 4140 Consilii
554 4074 730 4139 Tridentini
747 4088 895 4148 mentem,
911 4085 1047 4137 testatur
1065 4093 1188 4158 qnoque
1206 4070 1476 4136 catechismus

282 4186 397 4258 Rom„
415 4205 456 4247 ex
473 4185 603 4247 decreto
621 4184 764 4267 ejusdem
781 4182 929 4261 ediiusr).

392 4293 462 4354 Hoc
492 4292 596 4375 ipsum
614 4304 718 4355 antem
736 4312 860 4377 quoquc
878 4303 937 4366 est,
955 4292 1039 4376 quod
1057 4291 1142 4353 clare
1159 4287 1191 4350 in
1209 4290 1268 4350 SS.
1290 4286 1422 4351 Litteris
1444 4298 1477 4349 et

283 4466 503 4477 ..nnana—a—

395 4563 421 4650 ¹)
438 4568 522 4628 Sese.
540 4571 567 4628 b.
586 4571 654 4689 osi.
676 4603 714 4610 —
732 4571 760 4644 ²)
781 4566 855 4627 Can.
874 4569 922 4628 11.
944 4565 1026 4645 -‘³)
1046 4565 1120 4625 Can.
1138 4567 1187 4623 22.
1208 4599 1247 4608 —
1267 4563 1293 4641 ⁴)
1314 4564 1347 4623 0.
1367 4566 1477 4622 10.-

283 4666 358 4704 „⁵
555 4695 598 4702 ..
759 4658 833 4701 „⁷
1311 4653 1316 4665 ·

282 4785 328 4795 -
361 4654 642 4829 ischiriiblone.)
660 4659 752 4810 Cbrici.
786 4658 987 4809 muisis-85
1004 4658 1244 4807 ξθοΙΤ4.ἀθη.Ρεὲο
1259 4673 1351 4804 ibib.
1363 4654 1477 4806 ciblb

282 4862 313 4921 p.
331 4835 408 4902 282.
425 4861 449 4902 c.
463 4838 491 4899 1.
515 4877 556 4884 -
576 4839 602 4917 ⁹)
613 4843 650 4902 P.
662 4843 690 4900 2.
709 4842 745 4898 de
770 4837 858 4902 Scor.
875 4842 969 4915 Bapt.
987 4859 1016 4906 n,
1034 4839 1084 4900 50.
1110 4838 1159 4897 51.
1182 4839 1231 4898 52.
1258 4838 1345 4898 Rom.
1380 4832 1477 4902 1796,
