3775 5625
400 391 468 472 teo

509 563 636 634 Etenim
651 564 691 631 ad
706 558 1030 652 praedestinationem
1045 558 1233 631 necessario
1250 558 1425 652 requiritur
1437 555 1593 649 justifico·

403 678 450 744 tio
466 689 500 744 et
514 674 756 764 perseverantia
770 674 884 742 finalis.
909 676 958 741 De
975 674 1027 740 illa
1042 687 1148 740 nutem
1165 696 1207 740 ex
1226 676 1355 741 laudato
1371 674 1427 740 illo
1446 676 1595 763 dogmate

402 786 538 854 seientia
554 808 613 852 seu
628 784 798 872 persuasio
814 784 884 853 sine
902 783 1034 871 speciali
1058 784 1256 850 revelatione
1275 783 1388 850 haberi
1403 783 1525 871 nequit.
1547 784 1595 847 Eo

401 895 508 962 minus
532 908 639 962 autern
659 895 733 961 talis
755 894 891 961 seientia
912 892 950 960 de
978 894 1220 979 perseverantia
1240 893 1326 960 finali
1346 893 1460 960 haberi
1481 906 1595 978 potest.

402 1004 482 1085 Quis
497 1004 581 1071 enim
611 1004 697 1071 seire
719 1016 773 1069 aut
794 1016 884 1069 oerto
910 1002 1040 1068 omnino
1062 1024 1196 1088 sperare
1212 1015 1333 1089 potest,
1348 1024 1385 1069 se
1403 1025 1477 1069 cum
1493 1002 1595 1091 gratia

401 1113 508 1181 divina
537 1113 582 1180 ita
612 1134 741 1200 semper
763 1134 838 1180 esse
855 1125 1121 1198 cooperaturum,
1137 1125 1172 1178 ut
1187 1112 1325 1201 gratiam
1341 1112 1593 1178 sanctificantem

401 1244 560 1310 nunquam
575 1223 707 1299 amittat,
723 1236 778 1289 aut
793 1223 946 1289 amissam
956 1222 1072 1289 iterum
1080 1235 1253 1307 recuperet
1267 1235 1340 1288 ante
1357 1235 1509 1297 mortem,
1527 1244 1593 1287 curn

401 1333 531 1400 cuilibet
561 1333 679 1401 dietum
709 1333 767 1399 sit:
804 1332 869 1410 Oui
884 1356 921 1397 ae
936 1340 1230 1413 eetetr'rnetstare,
1252 1336 1363 1395 videat
1381 1355 1423 1396 ne
1438 1333 1593 1412 osdat¹)i

402 1453 435 1508 et
457 1464 571 1509 omnes
602 1444 851 1517 admoneantur,
884 1464 957 1508 oum
988 1454 1075 1507 metu
1107 1453 1139 1508 et
1169 1455 1310 1507 tremore
1340 1442 1479 1507 salutem
1505 1461 1593 1506 suan

400 1551 593 1638 operari')t
1171 1614 1175 1620 .

509 1664 550 1728 B.
566 1663 619 1728 Ex
632 1660 824 1728 Patribus
844 1660 876 1725 in
899 1683 936 1727 re
960 1662 1041 1728 adeo
1066 1660 1462 1728 manitesusotummodo
1483 1660 1517 1725 in
1533 1682 1592 1726 me·

402 1770 489 1836 dium
506 1769 701 1855 proferimus
721 1770 1000 1859 Augustinum‚
1023 1772 1063 1836 ad
1086 1791 1180 1857 quem
1201 1770 1329 1836 unicum
1345 1782 1508 1856 tamquam
1526 1791 1592 1836 cau·

324 1925 326 1929 .
404 1900 460 1945 sae
477 1901 555 1946 suae
570 1893 741 1967 patronum
757 1880 934 1947 adversarii
950 1902 1132 1967 provocare
1148 1882 1273 1955 solent,
1288 1892 1322 1945 et
1337 1879 1391 1965 qui
1407 1879 1467 1945 ait:
1496 1881 1594 1956 Oete

402 1997 486 2054 metm
507 2013 559 2054 ee
578 1994 839 2054 multitudine
857 1994 1065 2073 fidetium,
1092 1994 1251 2076 quamdin
1265 1998 1299 2055 tn
1314 1996 1377 2053 teo
1392 1993 1594 2054 auertatttate

400 2106 531 2180 riatur,
572 2107 612 2165 ira
641 2122 803 2166 numero
832 2104 1240 2183 praedestinatorem
1271 2123 1314 2164 se
1352 2122 1441 2163 erae
1476 2123 1593 2182 prae·

402 2208 597 2289 carroffi?

509 2320 546 2385 0.
563 2319 766 2406 Quapropter
777 2321 852 2404 jure
872 2318 1052 2405 meritoque
1070 2319 1290 2385 Concilium
1323 2319 1593 2385 'tridentinum

404 2426 560 2492 definivit:
584 2430 707 2494 Nemo
723 2452 860 2515 quoque,
877 2433 1035 2514 quamdiu
1049 2437 1084 2492 tn
1099 2435 1161 2493 troo
1177 2433 1379 2493 mortalitate
1394 2437 1536 2511 olvitur,
1554 2432 1594 2492 de

405 2558 556 2601 arcano
589 2541 749 2601 divinoe
790 2543 1190 2621 praedestinationis
1237 2547 1429 2621 eupaterio
1469 2560 1593 2623 usque

404 2648 498 2708 adeo
528 2669 791 2728 praesumere
824 2652 956 2724 debet,
979 2658 1022 2712 ut
1043 2657 1154 2711 certo
1175 2657 1349 2723 statuat,
1376 2671 1419 2711 oe
1439 2656 1592 2711 omnino

402 2777 488 2820 erse
517 2763 558 2821 io
587 2779 750 2822 numero
780 2762 1202 2841 praedestinatorem:
1235 2765 1331 2843 quart
1358 2780 1473 2822 oerum
1495 2766 1589 2838 esset,
1619 2773 1622 2780 '

401 2870 492 2949 quod
499 2871 728 2948 Juattfioatus,
752 2878 813 2931 aut
833 2872 975 2951 emptius
988 2892 1129 2951 peceare
1144 2891 1212 2932 raon
1224 2877 1350 2950 poastt;
1372 2879 1448 2950 eut,
1469 2877 1500 2930 ot
1513 2892 1589 2951 pee-

402 2983 535 3051 oamrtt,
552 2985 676 3039 eertum
697 2981 761 3040 atti
780 2986 1040 3061 resipiscentiam
1060 2987 1252 3062 promittere
1269 2982 1405 3060 debeo&
1421 3001 1502 3042 nom
1518 2986 1592 3041 nist

402 3089 639 3168 exspectati
669 3090 939 3169 revelatione,
967 3097 1071 3152 seiri
1096 3111 1174 3175 non
1191 3098 1347 3171 potest,
1371 3091 1593 3170 qnosDeur

404 3197 485 3256 sibl
501 3197 709 3276 etepertt⁴).

512 3307 553 3369 D.
570 3306 714 3370 Tandem
731 3306 891 3372 sententia
907 3308 1057 3393 opposita
1073 3307 1240 3374 manifeste
1257 3328 1369 3372 omnes
1391 3327 1514 3374 nervos
1530 3319 1591 3371 stu·

402 3411 455 3476 dio
472 3412 598 3479 virtutis
623 3435 662 3479 ac
681 3414 860 3480 honestatis
882 3415 1001 3482 incidit.
1043 3416 1220 3497 Quinum,
1237 3437 1274 3481 se
1291 3416 1443 3481 advitam
1461 3418 1591 3503 praede·

402 3521 555 3587 stinatum
565 3544 650 3598 esse,
660 3525 805 3590 absolute
814 3547 1007 3610 persuasum
1022 3526 1179 3602 hahuerit,
1196 3526 1257 3591 sibi
1273 3525 1379 3601 etiam,
1396 3526 1547 3612 quoniam
1559 3547 1592 3591 se

401 3629 551 3696 felicitate
566 3654 703 3717 prorsus
719 3635 839 3719 privari
862 3657 927 3701 uon
943 3658 1044 3721 posse
1060 3649 1163 3712 tenet,
1180 3636 1274 3702 senile
1290 3636 1515 3721 persuadebit,
1531 3649 1592 3702 stu·

403 3736 489 3802 dium
519 3738 646 3808 virtutis
677 3764 752 3809 esse
783 3746 995 3830 superfluum3
1029 3746 1082 3832 qui
1112 3759 1219 3811 autem
1259 3744 1456 3811 contrarium
1489 3759 1591 3811 tenue·

402 3845 455 3923 rit,
471 3849 612 3916 studium
627 3851 714 3930 illud,
730 3854 880 3940 qnoniam
903 3842 1089 3921 lelioitatem
1115 3868 1278 3920 aeternam
1294 3876 1330 3920 se
1347 3855 1497 3920 absolute
1521 3877 1591 3921 con·

403 3959 495 4046 sequi
525 3983 591 4026 non
621 3984 720 4049 posse
746 3963 912 4030 convictus
939 3979 1004 4042 est,
1029 3965 1138 4031 inutile
1164 3965 1325 4039 censebit;
1349 3977 1383 4030 et
1404 3964 1453 4030 sic
1470 3978 1591 4031 senten·

404 4067 446 4134 tia
458 4069 524 4146 illa,
548 4073 622 4137 dum
643 4072 675 4137 in
692 4072 763 4138 aliis
778 4075 1050 4159 praesumtionem
1065 4087 1234 4163 procreat,
1251 4073 1331 4140 alios
1346 4073 1379 4139 in
1397 4075 1590 4162 desperatio·

403 4198 475 4243 nem
494 4180 570 4268 agit.

512 4410 536 4500 ¹)
555 4412 585 4481 1.
607 4415 678 4478 Cor.
705 4413 837 4491 10,12.
870 4451 911 4462 -
945 4414 1195 4495 2)Ρ1111.2,12.
1228 4416 1521 4490 Of.1t0m.1l,12.
1552 4451 1587 4462 -

405 4505 436 4586 ι)
450 4507 498 4566 De
513 4525 591 4568 corr.
608 4514 636 4568 et
648 4526 697 4584 pr.
714 4528 738 4569 e.
756 4509 804 4570 13.
821 4528 852 4569 n.
868 4511 918 4570 40.
944 4509 982 4571 T.
1002 4505 1053 4570 10.
1070 4529 1095 4570 e.
1114 4506 1189 4573 772.
1208 4545 1249 4558 ·-
1268 4505 1296 4597 ⁴)
1312 4509 1394 4571 Sese.
1413 4512 1442 4574 6.
1460 4530 1485 4571 e.
1502 4512 1549 4572 12.
