3775 5625
320 411 469 472 homo,
494 411 583 480 atque
604 401 764 479 perficitur
791 401 880 460 homo
903 411 933 460 et
950 399 980 458 in
999 400 1108 462 melius
1140 408 1293 470 mutatur,
1310 408 1342 458 at
1359 417 1418 459 non
1434 400 1556 477 perfiti-

307 532 371 581 ιιι
385 531 416 571 ι·
431 512 533 580 Deus,
550 528 607 571 neo
624 517 768 570 mutatur.
796 507 879 569 Cum
894 511 1069 589 sapientia,
1094 510 1137 569 ait
1157 509 1411 588 Augustinus,
1433 510 1558 569 homini

298 623 497 700 aceedit,
524 638 592 679 nom
615 622 688 697 ipso
712 628 871 699 motatur,
896 623 954 678 sed
968 619 1129 679 hominem
1157 627 1271 698 mutat,
1298 637 1391 697 quem
1406 624 1445 678 de
1460 622 1557 680 stulto

291 731 538 808 sapientem
551 726 647 801 facit.

468 835 498 899 5.
516 840 581 897 ltes
599 838 658 896 sibi
673 856 805 915 prorsus
822 838 993 914 oppositae,
1011 838 1095 913 ajunt
1111 858 1215 915 porro,
1226 841 1312 899 velut
1328 848 1438 898 natura
1455 836 1557 897 divina

290 974 361 1035 pe
373 968 419 1008 ι·
434 966 468 1006 se
484 949 604 1007 infinita
621 967 657 1008 ae
673 948 919 1025 perfectissima,
937 958 969 1008 et
986 958 1096 1007 natura
1120 948 1261 1020 humana,
1278 949 1401 1010 seilicet
1424 948 1510 1007 finita
1526 956 1557 1006 et

293 1058 586 1135 imperfectior,
603 1059 684 1116 nullo
701 1058 789 1118 modo
806 1058 836 1116 in
854 1076 942 1116 unam
960 1077 1122 1136 personam
1141 1060 1226 1118 eolre
1243 1067 1387 1136 possuut;
1405 1067 1495 1134 atque
1511 1057 1556 1116 in·

297 1175 371 1232 fin
383 1167 462 1235 ita,
479 1167 507 1224 si
523 1168 553 1225 in
572 1177 681 1226 natura
696 1166 829 1225 hominis
862 1166 1022 1241 eujusdam
1054 1168 1226 1226 inhabitare
1250 1167 1431 1228 autineludi
1449 1185 1556 1226 oense·

302 1293 432 1344 tur,
448 1294 483 1334 eo
499 1277 567 1353 ipso
585 1276 704 1335 tollitur
718 1273 755 1352 ¹).
773 1310 817 1319 —
832 1278 977 1335 Attamen
1005 1286 1146 1336 naturam
1171 1279 1320 1338 infinitam
1338 1296 1406 1338 oum
1424 1277 1510 1336 linita
1525 1277 1557 1335 in

234 1433 236 1438 .
306 1405 369 1447 un
381 1402 453 1443 am
483 1404 647 1464 personam
681 1385 828 1463 conjungi
853 1404 911 1444 uon
933 1404 1043 1462 posse,
1071 1388 1173 1465 gratis
1198 1389 1367 1456 asseritur,
1400 1406 1470 1446 nam
1501 1404 1557 1464 per

312 1493 502 1554 unionem
511 1496 842 1572 hypostaticamneque
854 1506 966 1555 natura
976 1506 1027 1555 aut
1042 1495 1177 1573 ¹persona
1194 1498 1297 1557 divina
1314 1498 1507 1557 convertitur
1523 1496 1555 1555 in

314 1621 524 1680 personam
540 1607 607 1665 sive
624 1615 766 1666 naturam
782 1606 959 1675 humanam,
977 1625 1074 1682 neque
1092 1617 1203 1666 natura
1219 1608 1350 1667 humana
1366 1608 1396 1665 in
1414 1615 1555 1665 naturam

321 1710 508 1787 divinam,
541 1718 619 1793 quud
651 1716 755 1793 utique
788 1726 996 1795 repugnaret,
1024 1718 1079 1775 sed
1102 1727 1214 1777 natura
1236 1727 1354 1777 tantum
1371 1715 1555 1775 humanati

324 1821 595 1885 subsistentiam
620 1827 720 1885 Verbi
745 1826 877 1885 divinam
904 1829 1046 1896 effertur,
1064 1827 1083 1887 i.
1102 1847 1128 1887 e.
1146 1829 1216 1886 Filii
1238 1827 1314 1897 Dei,
1338 1826 1425 1901 euJus
1446 1835 1556 1885 natura

233 1947 276 2016 „g
327 1927 462 1994 tivina
477 1927 632 2001 οὖσιωδῶς
646 1936 774 2013 propria
790 1946 855 2009 est,
877 1955 936 1994 non
954 1936 1074 2013 quidem
1097 1928 1161 1991 κατ’
1185 1929 1303 2006 οὐσίαν,
1325 1937 1379 1995 sed
1400 1954 1456 2013 per
1474 1935 1555 1996 aoei-

233 2057 277 2168 ,Ἶ
327 2037 438 2101 (lens
467 2045 593 2122 propria
625 2045 770 2105 efficitur.
802 2047 901 2104 Porro
926 2046 955 2104 si
978 2046 1078 2104 anima
1095 2046 1256 2104 rationalis
1274 2055 1305 2105 et
1321 2064 1411 2114 earo,
1429 2062 1555 2122 quarum

234 2173 275 2234 ,q
328 2145 408 2209 illa
437 2146 618 2214 immortalis
641 2164 706 2224 est,
728 2154 805 2214 haee
829 2155 986 2225 mortalis,
1007 2156 1038 2213 in
1061 2175 1149 2215 uuam
1173 2175 1233 2215 non
1251 2166 1367 2216 tantum
1380 2172 1555 2233 personam,

233 2249 277 2440 ᾖ
330 2258 411 2317 sed
438 2264 525 2339 plane
546 2274 689 2323 naturam
712 2263 958 2342 conjunguntur:
983 2283 1078 2342 quare
1103 2276 1214 2324 natura
1232 2266 1333 2324 diviua
1350 2264 1449 2323 Verbi
1465 2272 1555 2339 atque

332 2375 474 2431 natura
498 2372 631 2432 humana
646 2374 677 2431 iu
694 2374 777 2432 illius
803 2365 953 2429 ὑπόστασι
970 2375 1073 2433 divina
1090 2376 1170 2433 uniri
1186 2394 1245 2433 non
1262 2379 1392 2453 posset?
1409 2407 1453 2416 -
1470 2372 1555 2447 Quod

233 2499 273 2548 ..a
333 2471 462 2539 au'tem
478 2482 634 2557 adjicitur,
649 2486 791 2542 naturam
807 2482 956 2542 infinitam
973 2483 1003 2542 in
1021 2485 1107 2544 finita
1124 2504 1182 2544 uon
1199 2503 1292 2561 posse
1308 2484 1483 2543 inhabitare
1499 2500 1555 2540 seu

238 2617 268 2660 ,ι
334 2583 489 2659 incluti,
513 2592 636 2651 nonnisi
656 2593 863 2671 ignorantiam
881 2594 1037 2672 dogmatis
1053 2596 1163 2671 prodit.
1188 2594 1309 2652 Nemini
1325 2613 1399 2652 saue
1418 2592 1555 2652 Catholi-

238 2712 244 2726 ·
272 2743 274 2748 .
316 2709 482 2785 ‘0⁰rum,
500 2711 648 2779 quotquot
664 2703 866 2776 exstiterunt,
893 2714 945 2762 aut
963 2704 1060 2763 adhuc
1079 2705 1246 2774 exsistunt,
1264 2705 1294 2762 in
1312 2713 1444 2762 mentem
1460 2702 1555 2772 venit,

339 2799 491 2869 divinam
522 2821 679 2883 naturam,
712 2832 800 2890 qnam
823 2814 924 2891 quivis
949 2815 1129 2874 immensam
1147 2816 1223 2885 soit,
1240 2814 1271 2872 in
1289 2833 1420 2891 corpore
1438 2811 1556 2871 christi

264 2934 266 2939 ·
339 2910 509 2980 inclusam
527 2940 614 2992 esse,
632 2932 772 2983 statuere
790 2932 843 2982 aut
859 2924 1011 3001 cogitare.

465 3026 494 3091 6.
519 3033 587 3090 Deo
612 3033 740 3104 saltem,
770 3042 893 3109 putant,
926 3033 1085 3110 indignum
1119 3052 1204 3102 esse,
1247 3043 1377 3091 naturae
1401 3032 1552 3091 humanae

233 3158 291 3214 ,ge
340 3143 485 3198 creatae
508 3142 657 3217 copulari.
676 3142 875 3203 —Adhaee
892 3142 1136 3219 jamrespondit
1167 3144 1460 3209 Tertullianus,
1492 3146 1553 3200 ad-

233 3280 286 3339 ²!
339 3251 473 3308 versos
489 3248 694 3311 Marcionem
711 3253 869 3312 scribens:
902 3247 976 3311 Siti
993 3236 1103 3328 (Deo)
1126 3254 1253 3328 quidem
1281 3255 1427 3331 indigno,
1460 3252 1554 3311 notis

235 3372 288 3435 χρὴ
340 3360 466 3419 autem
488 3365 689 3439 necessumst,-
714 3373 746 3423 et
765 3366 813 3422 ito
824 3365 898 3440 jam
917 3361 988 3420 Deo
1011 3363 1122 3441 dique,
1141 3365 1219 3439 quia
1233 3362 1319 3421 nitet
1334 3367 1397 3420 tom
1412 3361 1482 3419 Deo
1499 3362 1552 3419 ai·

233 3488 285 3545 ,ᾗς
339 3469 470 3547 snum,
487 3489 583 3547 quom
598 3476 690 3532 salas
706 3474 872 3532 hominum
883 3477 924 3545 2).

233 3596 287 3675 l¹³⁵
466 3576 494 3642 7.
519 3581 645 3656 Quando
667 3591 768 3641 autem
786 3583 922 3640 nonnulli
939 3582 1000 3640 stt.
1018 3582 1161 3652 Petrum,
1183 3590 1216 3640 ut
1232 3582 1497 3640 Tertullianus
1509 3583 1552 3651 ³),

233 3708 294 3766 ιω
344 3673 586 3769 stanneum)
618 3701 650 3751 et
680 3692 981 3768 Augustinusi),
1015 3692 1262 3751 incarnationem
1293 3693 1483 3750 mistionem
1503 3690 1553 3747 vel

236 3811 304 3876 εὶ
343 3788 533 3861 “iactarem
565 3802 733 3878 adpellant:
765 3803 862 3861 solam
885 3803 1024 3861 intimam
1047 3820 1084 3862 ao
1110 3802 1344 3860 substantialem
1371 3807 1551 3857 naturarum

247 3920 304 3986 ὦ
343 3897 501 3968 unionem
523 3911 554 3968 iu
572 3911 678 3969 eadem
701 3930 836 3987 persona
856 3912 1046 3989 intelligunt.
1087 3912 1216 3970 Constat
1244 3911 1338 3977 euim,
1372 3927 1425 3966 eos
1458 3908 1551 3966 admi·

233 4030 307 4097 [ᾗ
343 3997 630 4080 ⁸l⁸seinct1rtsto
664 4022 738 4079 duas
772 4031 899 4080 naturas
931 4021 1094 4080 distinctas
1112 4031 1143 4078 et
1158 4020 1348 4089 inconfusas,
1362 4025 1451 4094 atque
1463 4016 1551 4075 ctri-

233 4158 303 4207 ω,
344 4115 569 4190 ⁸¹¹1¹uverum
591 4133 691 4189 Deum
713 4141 744 4189 et
759 4150 867 4208 verum
892 4132 982 4189 simul
1014 4131 1167 4189 hominem
1200 4129 1378 4208 agnovisse.
1411 4127 1471 4186 llio
1491 4144 1552 4230 ,pm

339 4235 629 4277 κ..-

238 4264 311 4320 ιυ
467 4308 493 4397 ¹)
511 4310 556 4372 Of·
574 4313 692 4373 cmg·
708 4315 822 4373 Racov,
839 4334 878 4374 m.
896 4332 920 4376 c.
938 4316 967 4375 1.
983 4313 1005 4373 S
1012 4313 1164 4394 pinoza,
1182 4312 1283 4388 Epist.
1301 4313 1351 4370 21.
1368 4311 1409 4368 od
1428 4305 1551 4368 oldest.

233 4397 242 4435 '
263 4370 312 4427 μ’
345 4371 389 4433 W
400 4402 602 4478 egseheid.
619 4403 721 4464 Instit.
740 4406 825 4464 theol.
842 4404 947 4464 christ.
966 4407 1062 4480 dogm.
1079 4405 1116 4464 L.
1137 4399 1233 4464 1844.
1250 4425 1280 4483 p.
1297 4398 1373 4463 483.
1390 4395 1550 4462 485.468.

233 4482 317 4544 'tlh‘
347 4496 393 4519 N
423 4487 449 4576 ²)
463 4495 539 4556 Ado.
556 4495 652 4556 Maro.
671 4497 690 4557 l.
707 4499 735 4555 2.
753 4516 783 4560 m.
800 4498 849 4556 27.
867 4492 948 4577 Opp.
966 4496 1004 4556 V.
1018 4493 1049 4557 2.
1065 4518 1095 4577 p.
1113 4491 1190 4557 206.
1208 4531 1249 4539 —
1268 4495 1293 4574 ³)
1310 4494 1435 4568 Apoloy.
1453 4510 1483 4552 a.
1499 4492 1550 4551 21.

233 4616 273 4661 4,,
287 4571 319 4640 si
347 4551 387 4624 V·
418 4580 447 4642 1.
463 4605 493 4664 p.
511 4580 569 4647 47.
584 4622 627 4631 -
645 4587 671 4666 4)
690 4587 774 4648 emt.
797 4589 879 4646 saer.
903 4588 923 4647 ι.
940 4591 990 4648 13.
1015 4608 1040 4648 c.
1059 4590 1087 4649 o.
1103 4608 1133 4648 n.
1151 4589 1179 4651 1.
1201 4609 1232 4667 p.
1249 4581 1327 4651 212.
1345 4619 1388 4630 -
1406 4586 1433 4660 5)
1450 4580 1550 4657 mist.

347 4647 432 4737 ¹37.
447 4679 489 4735 ad
508 4676 776 4741 Veientanam.
794 4676 874 4760 Opp.
892 4674 931 4741 T.
950 4677 981 4742 2.
998 4700 1022 4740 o.
1040 4675 1116 4740 405.
