3775 5625
410 436 476 503 336

409 605 606 664 Contrarium
638 606 742 683 utique
770 604 911 679 justitiae
944 606 1062 664 divinae
1088 615 1189 676 esset,
1215 606 1243 663 si
1267 605 1414 664 cbristus
1439 605 1594 670 Dominus,

408 713 624 773 sanctissimus
641 733 676 773 ac
693 714 979 785 innocentissimus,
1001 733 1129 790 poenam
1148 716 1256 773 mortis
1273 724 1428 791 tamquam
1444 715 1595 793 propriam

408 841 464 899 pro
491 822 662 882 actionibus
688 823 754 881 suis
780 822 839 880 sibi
863 823 1037 898 impositam
1069 822 1205 891 luisset,¹
1220 824 1270 881 vei
1287 824 1314 881 si
1331 833 1464 899 peccota
1497 832 1597 882 nostra

409 941 563 1007 tamquam
593 930 719 1006 propria
734 930 795 1007 ipsi
809 930 958 1006 imputata
991 931 1132 989 fuissent.
1161 934 1305 989 Attamen
1329 930 1481 990 cbristus
1512 931 1598 989 morti

408 1040 541 1098 traditos
557 1049 620 1108 est,
646 1048 736 1115 atque
758 1033 872 1115 poenas
889 1048 1088 1116 peccatorum
1105 1040 1251 1098 sustinuit
1267 1040 1335 1099 loco
1352 1039 1474 1109 nostri,
1492 1048 1524 1098 et
1539 1039 1597 1116 qoi-

408 1149 476 1207 dem
493 1148 564 1225 quia
579 1149 661 1224 ipse,
679 1149 760 1207 ritae
777 1166 851 1207 suae
870 1148 1002 1217 arbiter,
1020 1166 1075 1224 pro
1092 1149 1181 1206 nobis
1197 1166 1312 1225 poenas
1329 1149 1402 1207 illas
1418 1157 1531 1224 sponte
1547 1165 1599 1205 sus

408 1258 569 1334 suscipere
586 1267 617 1317 et
634 1267 762 1317 mortem
780 1258 886 1316 subire
901 1258 1028 1320 voluit.-

516 1364 547 1433 6.
564 1370 747 1429 Doctrinam
765 1370 849 1428 illam
867 1369 972 1429 iacere
989 1370 1088 1427 Deum
1106 1379 1285 1443 tyrannum,
1301 1378 1407 1445 utpote
1424 1367 1478 1445 qui
1495 1367 1598 1425 Filium

407 1480 599 1539 innocentem
618 1488 679 1536 tam
696 1479 772 1537 diris
790 1478 981 1539 eruciatibus
998 1479 1181 1553 subjecerit,
1199 1488 1314 1538 etcum
1331 1478 1420 1536 nobis
1438 1479 1599 1536 sisterent
1652 1533 1658 1542 ,

407 1588 588 1648 iracundum
605 1598 636 1646 et
652 1588 804 1647 vindictae
822 1588 972 1667 cupidum,
989 1588 1040 1667 qui
1056 1596 1187 1663 peccata
1202 1605 1261 1645 non
1279 1587 1429 1658 remittat,
1440 1596 1598 1663 autequam
1628 1617 1658 1655 4

407 1698 560 1757 vindictae
582 1698 714 1755 studium
741 1698 928 1773 expleverim
952 1698 983 1756 id
1000 1698 1078 1773 quod
1094 1698 1124 1756 in
1146 1699 1247 1755 Deum
1262 1715 1394 1773 prorsus
1411 1697 1526 1757 cadere
1543 1714 1658 1763 non·

408 1808 508 1884 possit
520 1806 559 1879 ¹).
576 1841 620 1850 —
638 1808 714 1866 (ium
730 1809 826 1865 uilius
843 1816 952 1883 sponte
969 1825 1025 1865 sua
1043 1816 1074 1866 et
1089 1808 1248 1866 liberrime
1272 1808 1463 1867 cruciatibus
1480 1825 1515 1864 se
1532 1806 1658 1864 sub—

402 1918 494 1992 jecit:
511 1919 594 1977 nulla
609 1919 731 1977 ratione
747 1919 843 1977 Pater
859 1928 1010 1991 tyrannus
1027 1928 1079 1977 aut
1093 1919 1246 1979 vindictae
1264 1918 1392 1994 cupidus
1409 1917 1473 1977 dici
1489 1924 1658 1993 potesta„

297 2059 299 2064 ·
408 2028 463 2086 sed
479 2028 601 2086 nonnisi
621 2028 703 2106 legis
727 2027 943 2087 sanctissimae
960 2029 1087 2097 vindex,
1104 2039 1194 2105 atque
1211 2017 1340 2107 generis
1357 2027 1483 2086 humani
1499 2043 1658 2085 amau—

408 2138 558 2197 tissimus.

518 2243 548 2311 7.
563 2250 695 2326 Ingenui
712 2249 804 2306 animi
820 2250 978 2324 specimen
995 2266 1066 2306 esso
1084 2257 1114 2307 et
1130 2249 1279 2308 virtutem
1298 2247 1456 2319 eximiam,
1472 2245 1633 2320 injurias·

407 2358 510 2417 illatas
529 2359 643 2434 absque
660 2358 787 2434 praevia
810 2358 1026 2417 satisfactione
1048 2358 1223 2416 condonare
1229 2380 1238 2427 ;
1256 2355 1371 2415 et·ideo
1386 2357 1469 2415 idem
1487 2374 1523 2413 eo
1541 2373 1622 2413 ma-

408 2468 459 2545 gis
477 2485 564 2536 esse,
582 2468 661 2543 quod
686 2466 809 2526 unicum
833 2469 933 2525 Deum
960 2467 1118 2538 deceat2).
1136 2501 1176 2509 —
1195 2467 1314 2525 Verum
1346 2468 1434 2524 Deus
1466 2461 1618 2541 spectari

410 2595 469 2635 non
485 2584 637 2650 potestat
652 2595 786 2652 persona
802 2577 905 2653 aliqua
920 2577 1060 2652 privata,
1077 2594 1154 2653 quae
1170 2577 1273 2653 legem
1291 2595 1389 2653 oeque
1406 2575 1490 2644 tulit,
1507 2589 1618 2650 neque

410 2686 477 2759 ejus
495 2695 600 2745 custos
624 2696 688 2756 est,
714 2688 769 2744 sed
792 2695 823 2743 ut
844 2705 1008 2762 supremus
1033 2686 1214 2763 Legislator
1231 2704 1268 2745 ac
1285 2685 1508 2745 sanctissimae
1524 2681 1621 2760 legis

409 2814 484 2856 suae
510 2797 621 2855 vindex
632 2802 675 2870 ³).
708 2797 808 2856 Porro
837 2798 923 2855 Deus
945 2816 1004 2856 non
1026 2804 1144 2856 tautum
1160 2775 1425 2874 benignisbimos,
1442 2794 1500 2854 sed
1516 2801 1546 2851 et
1555 2791 1620 2866 ju·

410 2907 568 2966 stissinms
586 2916 649 2975 est,
667 2916 699 2965 et
715 2925 770 2976 ea,
793 2925 870 2983 quae
888 2926 905 2964 a
922 2908 1089 2967 sanctitate
1108 2925 1143 2965 ac
1155 2906 1485 2983 justitia'exiguntur,
1503 2901 1620 2961 remit·

410 3025 477 3076 tere
495 3036 554 3076 non
571 3017 789 3095 benignitatis,
807 3018 862 3074 sed
879 3017 1016 3075 levitatis
1034 3036 1069 3076 ac
1088 3017 1256 3076 debilitatis
1273 3026 1331 3079 est.

518 3121 548 3186 8.
564 3129 664 3184 Deum
676 3126 885 3199 justissimum
903 3136 933 3184 et
952 3146 1020 3186 com
1037 3127 1164 3185 virtutis
1181 3127 1283 3186 studio
1293 3126 1384 3195 bona,
1403 3135 1435 3183 et
1452 3143 1521 3184 cum
1536 3138 1612 3199 pra·

410 3237 457 3294 vis
475 3237 614 3295 consiliis
646 3237 812 3313 pravisque
830 3237 923 3295 iactis
941 3224 1027 3294 mala‘
1037 3237 1228 3315 conjungere
1245 3237 1333 3314 lege,
1356 3254 1435 3312 quac
1453 3235 1531 3293 solvi
1545 3246 1607 3290 nou

411 3348 521 3423 possit.
546 3345 724 3422 Quicunque
751 3365 829 3424 ergo
847 3366 863 3404 e
880 3347 944 3404 vita
961 3347 1059 3421 turpi,
1093 3365 1151 3422 qua
1168 3364 1284 3421 poenas
1301 3346 1362 3404 sibi
1378 3344 1548 3410 contraxit,
1567 3337 1600 3398 ai

409 3457 556 3514 virtutem
574 3457 758 3526 emerserit,
774 3455 855 3516 hunc
873 3457 979 3514 eadem
996 3458 1117 3514 ratione
1134 3474 1170 3515 ao
1188 3456 1407 3532 proportione,
1425 3472 1484 3532 qua
1493 3453 1553 3528 jam
1568 3449 1593 3506 it
1649 3460 1658 3518 t

410 3567 534 3624 virtutis
567 3567 668 3623 studio
684 3585 875 3644 progressus
893 3566 1002 3636 fuerit,
1019 3567 1051 3624 in
1069 3567 1203 3644 gratiam
1221 3585 1291 3626 cum
1306 3568 1374 3624 Deo
1390 3581 1547 3624 reversum
1560 3556 1587 3616 si
1643 3570 1658 3633 t,

391 3670 447 3733 'eo
464 3675 610 3751 praemiis
628 3675 753 3752 dignum
764 3677 935 3750 judicatum
952 3678 1003 3736 iri.
1020 3677 1079 3736 His
1097 3688 1197 3738 autem
1211 3679 1358 3754 praemiis
1369 3694 1517 3735 sommant
1530 3685 1582 3749 pot·
1636 3672 1658 3743 iq

410 3802 518 3842 narum
536 3793 567 3842 et
585 3786 691 3860 eulpae
708 3786 772 3845 vita
795 3805 889 3862 prava
912 3796 1144 3847 contractarum
1171 3789 1319 3846 minutum
1338 3797 1370 3846 et
1386 3789 1532 3846 elevatum
1544 3774 1578 3841 iri
1632 3796 1657 3863 tq

411 3896 569 3970 Deumque
592 3913 651 3952 nou
668 3916 684 3953 e
701 3897 835 3974 singolis
860 3898 1038 3975 quibusdam
1055 3900 1138 3957 ritae
1156 3898 1318 3957 momentis
1337 3916 1373 3958 ac
1391 3896 1520 3976 singulis
1534 3884 1575 3966 11¹5·
1630 3901 1658 3958 'u

411 4005 537 4064 busdam
558 4005 746 4076 benefactis,
768 4008 822 4064 sed
846 4026 884 4065 ex
908 4007 1003 4065 totius
1026 4008 1109 4066 vitae
1126 4018 1234 4066 tenore
1251 4007 1408 4067 hominum
1425 4005 1573 4085 dignitato
1628 3999 1654 4061 bs

412 4116 558 4173 moralem
575 4117 799 4186 aestimantem,
819 4118 978 4193 peccatori
994 4119 1195 4194 resipiscenti
1212 4128 1330 4178 sortem
1349 4127 1503 4177 aeternam
1514 4113 1571 4187 jtt¹¹
1626 4098 1658 4175 iq,

413 4466 468 4524 que
485 4447 579 4506 iactis
596 4449 675 4505 mala
692 4447 897 4526 conjungere,
920 4458 1040 4508 certum
1067 4458 1130 4520 est3
1156 4457 1291 4507 attamen
1309 4466 1370 4506 una
1388 4435 1565 4512 emotumbt·
1624 4432 1626 4447 ¹

413 4559 539 4630 minero,
557 4559 724 4634 etquidem
740 4578 799 4617 non
817 4568 934 4618 tantum
951 4559 1069 4636 ipsum,
1087 4559 1142 4618 sed
1159 4569 1191 4618 et
1207 4559 1298 4618 alium
1323 4578 1380 4635 pro
1399 4558 1471 4645 elio,
1486 4545 1563 4613 ,tito

409 4706 624 4722 b——ss-h--a-

519 4797 545 4877 1)
562 4795 607 4858 Of·
623 4795 716 4857 J0an.
733 4794 764 4870 3,
784 4794 836 4861 16.
851 4797 940 4857 Rom.
957 4793 989 4868 3,
1006 4790 1059 4859 25.
1078 4830 1119 4840 -
1140 4796 1163 4877 ²)
1183 4795 1228 4856 Of.
1244 4781 1556 4875 wegernensem·

414 4904 445 4972 p.
461 4881 538 4952 527.
555 4924 598 4934 -
617 4887 643 4968 ⁸)
662 4885 707 4949 of.
723 4888 811 4952 Rom.
830 4882 1101 4971 12,19.-⁴)ct
1118 4886 1402 4970 Wegscheider,
1419 4859 1553 4963 tapeti
