3775 5625
1511 427 1556 497 93

356 601 480 680 ginem,
508 599 649 677 eorporis
672 599 905 667 solubilitatem,
923 597 983 657 eibi
999 606 1151 674 potusque
1168 598 1308 658 sumendi
1324 598 1556 670 necessitatem,

356 719 450 787 atque
466 709 724 787 propagationem
741 707 870 788 generis
886 706 1011 766 bomani
1027 708 1122 766 uDso
1139 707 1361 778 demandatam,
1373 726 1432 785 qua
1448 708 1557 769 damna

357 838 414 897 per
429 828 563 878 mortem
579 818 663 879 faeta
680 819 880 895 suppleantur
890 820 932 889 ¹).
951 850 993 860 -
1010 815 1098 876 llaee
1131 816 1232 876 omniu
1264 825 1382 876 tantum
1413 819 1556 893 probant,

356 937 613 1005 protoparentem
637 927 804 988 seeundum
822 935 964 986 naturam
981 943 1068 984 suum
1091 925 1190 984 luisse
1208 926 1386 995 mortalem,
1409 926 1487 1003 quod
1503 945 1556 986 ne·

358 1056 404 1096 mo
423 1046 533 1115 negat,
547 1055 616 1096 eum
634 1036 663 1095 ei
679 1035 868 1096 solummodo
879 1034 1071 1111 possibilitas
1089 1052 1148 1093 non
1165 1034 1316 1094 moriendi
1327 1035 1443 1094 tributa
1459 1036 1557 1114 fuisse

358 1148 513 1217 tradatur,
532 1145 646 1223 etipse
663 1164 722 1205 uon
739 1145 914 1205 conditione
947 1153 1093 1213 naturae,
1119 1145 1172 1203 sed
1196 1145 1347 1205 beneflcio
1380 1144 1558 1206 Conditoris

358 1256 543 1316 immortalis
566 1256 697 1316 dicatur.
722 1256 822 1314 Porro
844 1253 944 1322 homo,
970 1254 1045 1312 lieet
1065 1231 1265 1323 immortalis,
1282 1272 1340 1313 non
1359 1263 1459 1313 tannen
1476 1273 1556 1314 sem·

358 1384 411 1443 per
427 1365 460 1424 in
477 1365 536 1425 bae
553 1374 640 1423 terra
656 1364 839 1441 mansisset3
856 1363 911 1421 sed
927 1365 1015 1421 Deus
1032 1381 1111 1431 eum,
1124 1372 1158 1421 ut
1174 1381 1267 1441 supra
1283 1364 1480 1423 observatum
1497 1374 1556 1435 est,

360 1494 453 1553 quum
485 1484 615 1533 aeterna
644 1473 792 1534 beatitate
830 1471 1027 1548 adipiscenda
1063 1490 1097 1530 se
1135 1472 1262 1550 dignum
1285 1472 1461 1543 effecisset,
1486 1491 1556 1533 eor·

358 1603 433 1662 pore
451 1601 563 1643 crasso
584 1582 651 1642 sine
675 1582 780 1641 dolore
803 1599 839 1641 ee
856 1580 923 1639 sine
945 1590 1044 1640 morte
1066 1581 1339 1641 intervenientem
1358 1600 1472 1658 eorpus
1495 1582 1556 1659 spi·

359 1694 485 1763 rituale,
501 1702 536 1751 ut
548 1692 591 1752 ait
606 1692 834 1767 Apostolus,
852 1700 979 1763 mutato,
997 1692 1034 1750 ad
1051 1692 1142 1750 sedes
1160 1693 1315 1753 coelestes
1333 1691 1523 1751 sustulisset.

467 1816 499 1881 4.
525 1819 674 1895 Corporis
691 1828 821 1879 mortem
832 1818 898 1893 jam
915 1818 947 1877 iu
964 1818 1004 1876 V.
1023 1821 1060 1877 Τ.
1078 1819 1166 1878 libris
1191 1829 1345 1896 tamquam
1363 1829 1493 1879 naturae
1509 1820 1554 1879 in·

360 1930 501 1989 stitutum
519 1928 666 1997 describi,
684 1947 701 1987 a
717 1928 820 1988 muudi
837 1927 946 2004 opifice
965 1927 1053 1987 initio
1070 1947 1175 1987 rerum
1193 1929 1360 1999 sancitum,
1378 1930 1457 1990 Gen.
1474 1925 1506 2000 2,
1526 1925 1556 1991 7.

360 2036 391 2109 3,
409 2036 463 2100 19.
484 2035 536 2109 18,
553 2034 606 2099 27.
623 2039 694 2097 doh.
715 2034 767 2108 10,
784 2033 815 2119 9.
836 2032 888 2108 14,
904 2032 935 2096 5.
955 2033 1009 2107 30,
1021 2033 1075 2097 23.
1091 2039 1144 2099 Ps.
1162 2033 1216 2107 89,
1226 2033 1281 2099 49.
1300 2034 1354 2108 99,
1365 2034 1396 2098 3.
1415 2033 1491 2109 104,
1502 2034 1557 2100 29.

360 2148 438 2209 Kob.
464 2144 495 2217 3,
521 2143 575 2208 20.
598 2142 629 2217 7,
652 2143 683 2208 2.
707 2143 760 2217 12,
783 2140 812 2205 7.
846 2146 910 2207 Sir.
938 2142 992 2215 14,
1016 2141 1067 2207 12.
1091 2142 1143 2216 17,
1167 2142 1195 2207 1.
1218 2143 1271 2208 31.
1294 2142 1354 2217 40,
1380 2143 1431 2208 11.
1448 2142 1507 2218 41,
1524 2142 1556 2209 5.

361 2276 456 2336 quare
470 2251 778 2333 eorpusSap.9,15.
795 2256 907 2315 naturis
923 2257 1053 2315 mortale
1086 2257 1275 2333 appellatum
1309 2266 1341 2317 et
1356 2257 1425 2317 ideo
1441 2258 1557 2334 primos

359 2366 499 2426 bominee
516 2368 705 2425 immortales
722 2384 782 2424 non
799 2366 896 2425 luisse
913 2375 1097 2442 procreatos
1105 2370 1146 2439 ²).
1164 2400 1208 2410 -
1223 2365 1374 2426 Homines
1387 2385 1466 2427 nune
1483 2376 1556 2444 post

360 2477 480 2553 lapsum
500 2485 753 2553 protoparentum
775 2494 829 2551 pro
851 2476 987 2535 naturali
1013 2495 1069 2535 sua
1091 2476 1265 2535 conditione
1288 2477 1380 2535 morti
1402 2495 1472 2535 esse
1504 2476 1557 2535 ob·

361 2586 471 2645 noxios
503 2596 594 2663 atque
616 2585 791 2660 subjectos,
808 2585 839 2643 in
858 2585 919 2646 SS.
935 2585 1066 2643 Litteris
1084 2584 1188 2661 utique
1205 2584 1350 2655 docetur,
1367 2586 1446 2662 quod
1463 2585 1555 2644 etiam

360 2713 449 2755 nemo
473 2694 703 2755 catholicorum
725 2704 836 2772 negat3
869 2704 901 2753 at
923 2694 1030 2754 nullibi
1045 2694 1156 2754 ibidem
1174 2694 1323 2763 occurrit,
1341 2704 1470 2753 mortem
1489 2713 1556 2754 eor·

360 2804 447 2882 poris
464 2804 652 2881 primitivum
669 2815 799 2865 naturae
816 2815 943 2865 nostrae
960 2805 1058 2865 luisse
1075 2805 1268 2876 institutum,
1285 2825 1302 2864 a
1317 2806 1385 2865 Deo
1401 2804 1489 2866 initio
1506 2825 1556 2866 re·

361 2933 429 2974 rum
451 2915 614 2975 sancitum.
640 2914 726 2989 Quod
750 2933 789 2973 ex
811 2915 900 2986 loeis,
918 2916 954 2974 ad
973 2934 1049 2992 quos
1067 2915 1241 2975 adversarii
1256 2925 1438 2992 provocant,
1454 2916 1557 2991 inspe-

362 3023 422 3083 etis
456 3024 540 3083 clare
572 3025 691 3094 elueet;
715 3024 746 3082 iu
765 3024 873 3101 quibus
899 3034 951 3084 eut
968 3035 1085 3084 lautum
1102 3025 1139 3084 de
1156 3024 1288 3084 hominis
1306 3034 1426 3085 eterra
1444 3025 1556 3085 iorma·

361 3134 445 3192 tione
468 3152 570 3192 sermo
596 3143 660 3203 est,
685 3143 719 3194 ut
736 3134 816 3198 Gen.
832 3131 865 3204 2,
884 3129 914 3198 7.
936 3135 1034 3194 Eueli.
1054 3130 1106 3206 17,
1126 3131 1154 3195 1.
1161 3157 1170 3205 3
1187 3135 1237 3193 vel
1253 3134 1430 3195 necessitas
1447 3134 1557 3194 mortis

360 3243 391 3300 iu
407 3243 568 3320 praesenti
583 3261 688 3303 rerum
710 3252 794 3302 statu
811 3243 1020 3322 significatur,
1038 3253 1070 3302 ut
1085 3244 1156 3304 Job.
1176 3238 1229 3312 14,
1245 3238 1277 3304 5.
1294 3239 1348 3313 30,
1366 3239 1419 3304 23.
1443 3244 1496 3303 1²1.
1514 3237 1557 3302 89

364 3345 452 3429 (88),
469 3347 524 3412 49.
548 3353 634 3413 Euel.
660 3348 697 3423 3,
714 3348 768 3413 20.
790 3348 825 3422 7,
841 3349 872 3413 2.
892 3349 949 3423 12,
967 3348 996 3414 7.
1021 3353 1120 3412 llecli.
1139 3348 1195 3423 14,
1215 3349 1266 3413 12.
1283 3347 1342 3425 40,
1362 3348 1413 3411 11.
1430 3348 1490 3422 41,
1507 3345 1556 3422 5.,

364 3462 410 3519 vel
427 3460 544 3520 eaduea
559 3460 692 3519 hominis
709 3461 859 3531 eondilio,
884 3461 952 3536 ejus
968 3462 1104 3521 tenuitas
1121 3471 1212 3538 atque
1229 3461 1394 3520 infirmitas
1412 3458 1557 3537 exprimi·

367 3576 422 3637 tur,
439 3579 475 3628 ut
491 3569 570 3629 Gen.
589 3563 642 3639 18,
659 3564 713 3629 27.
729 3570 801 3630 Job.
820 3565 873 3640 10,
890 3565 921 3630 9.
938 3570 1024 3631 lleel.
1045 3564 1097 3640 17,
1111 3565 1164 3631 31.
1171 3592 1180 3640 ς
1198 3579 1342 3629 adivero
1360 3570 1475 3629 diserte
1492 3579 1557 3629 tra·

370 3677 453 3749 ditur,
470 3689 601 3738 mortem
617 3679 771 3738 rationem
787 3697 903 3756 poenae
920 3679 1047 3749 babere,
1065 3676 1289 3750 utGeu.2,17.
1305 3681 1358 3741 Ps.
1368 3674 1412 3740 90
1424 3675 1515 3754 (89),
1526 3675 1556 3741 3.

369 3793 397 3842 et
408 3787 507 3848 lloeli.
527 3783 578 3856 14,
599 3783 668 3860 12.,
689 3788 740 3846 ubi
756 3788 808 3847 ille
825 3788 910 3864 prior
934 3789 1023 3849 loeus
1050 3789 1241 3867 designatur.
1268 3784 1391 3866 Sap.9,
1410 3784 1461 3849 15.
1487 3807 1556 3848 eor·

366 3907 416 3964 pus
435 3897 557 3974 quidem
575 3900 745 3974 eorrumpi
760 3916 816 3956 seu
832 3899 963 3957 mortale
981 3917 1052 3957 esse
1071 3898 1193 3967 dieitur,
1211 3899 1333 3957 minime
1348 3917 1424 3956 vero
1442 3899 1556 3958 dietum

361 4012 419 4074 est,
437 4015 543 4065 ulrum
560 4025 596 4064 ex
614 4006 770 4082 primitiva
786 4007 991 4077 institutione,
1009 4025 1046 4065 an
1063 4025 1139 4065 vero
1156 4025 1196 4064 ex
1210 4025 1309 4082 poena
1327 4007 1456 4066 mortale
1474 4006 1526 4083 sit.

470 4128 502 4194 5.
526 4135 678 4194 Paulum
711 4134 852 4210 eorporis
885 4143 1016 4194 mortem
1038 4144 1194 4211 tamquam
1211 4153 1277 4193 rem
1295 4135 1465 4194 naturalem
1484 4153 1556 4194 oon·

352 4234 482 4314 eibere,
500 4243 623 4302 minime
639 4261 715 4301 vero
731 4252 766 4301 ut
782 4243 910 4320 aliquid,
932 4245 1012 4321 quod
1034 4262 1150 4320 poenae
1168 4243 1289 4303 nomine
1309 4243 1485 4324 irrogatum
1502 4244 1556 4313 sit,

347 4354 451 4414 tuum

341 4482 625 4518 N-—a-

473 4591 498 4670 ¹)
516 4588 804 4671 Wegsebeider,
821 4590 877 4657 Lo.
894 4587 1070 4652 Julianus
1087 4612 1135 4671 ep.
1153 4590 1352 4670 Augustis.
1366 4589 1555 4669 Op.t'mperf.

343 4662 365 4726 ²·
390 4683 426 4746 6.
444 4703 471 4744 e.
487 4685 538 4742 30.
556 4680 636 4763 Opp.
654 4684 694 4748 Τ.
712 4680 763 4745 10.
780 4703 805 4743 o.
820 4678 915 4744 1359.
934 4681 980 4747 ct.
998 4682 1157 4764 Θῐταιιῇ,
1174 4678 1554 4762 nepueu-utone

343 4752 548 4852 lrboeitet,
574 4773 690 4850 ᾥαηδΰ.
719 4773 767 4836 bet
793 4773 951 4853 &sparatii
977 4773 1025 4836 bot
1061 4772 1305 4853 eoonpassutiptt.
1338 4771 1446 4854 Rirdpu
1465 4769 1498 4837 4.
1515 4771 1554 4840 ut.

345 4841 456 4947 Qus,
475 4860 573 4928 1838.
592 4864 638 4928 e.
657 4862 687 4928 1.
704 4863 747 4929 n.
765 4863 810 4928 o.
827 4860 905 4927 mo.
