3775 5625
454 607 635 685 lntellignnt
667 616 768 666 antem
801 609 857 666 sub
881 608 1018 667 merito
1042 607 1197 688 Theologi
1213 610 1266 685 jhs
1292 630 1347 671 scu
1364 611 1486 673 titulum
1504 615 1541 675 ad

349 716 518 793 praemium
536 717 693 793 (moritum
712 735 805 776 sensu
822 717 977 777 strictiori
994 723 1182 795 acceptum),
1199 722 1248 779 vel
1265 722 1358 781 ctiam
1374 723 1540 803 obligatio·

347 845 417 886 nem
452 827 489 886 ad
520 845 649 903 poenam
683 828 880 903 (demeritum
909 822 1062 911 dictum);
1094 830 1144 887 vel
1167 848 1242 888 vero
1260 832 1412 891 actionem
1430 833 1541 909 ipsam,

348 938 413 997 sive
430 938 540 995 bonam
558 936 623 995 sive
642 939 762 1006 malam,
780 956 856 1014 quae
875 947 926 996 aut
936 938 990 1011 jus
1009 938 1044 997 ad
1062 939 1242 1014 praemium,
1259 952 1311 998 ant
1329 960 1403 1000 vero
1422 941 1541 1020 ohliga-

346 1048 462 1106 tioncm
479 1046 516 1105 ad
532 1064 660 1122 poenam
678 1046 870 1120 conjunctam
888 1046 991 1106 habet.
1015 1046 1228 1126 Distingnitur
1251 1067 1346 1124 porro
1365 1050 1554 1110 rncritum,

349 1158 388 1215 de
417 1174 601 1234 congruo,
634 1165 670 1213 ct
702 1156 877 1214 moritum
902 1156 942 1214 de
971 1156 1172 1235 condigno.
1204 1159 1541 1219 Meritumdecon·

348 1285 441 1344 gruo
459 1273 509 1323 est
525 1266 587 1323 talc
603 1283 679 1340 opus
696 1265 822 1333 bonnm,
849 1265 898 1324 cui
917 1284 1038 1325 merces
1056 1266 1184 1324 debetur
1201 1285 1260 1324 non
1278 1286 1315 1325 ex
1332 1267 1467 1341 justitia,
1485 1270 1540 1327 sed

349 1394 384 1433 ex
402 1375 505 1451 aliqua
521 1374 709 1433 solummodo
732 1374 945 1433 convenientia
974 1394 1030 1433 scu
1047 1376 1268 1453 congruentia,
1291 1387 1323 1436 et
1338 1378 1408 1437 ideo
1425 1378 1539 1454 imper·

349 1484 463 1543 fectum
491 1484 544 1557 jus
569 1483 605 1541 ad
627 1484 795 1558 praemium
817 1482 935 1546 tribuit.
966 1484 1431 1564 Meritnmdecondigno,
1464 1488 1543 1563 quod

348 1593 531 1669 simpliciter
554 1600 585 1651 et
606 1592 731 1667 proprie
750 1591 891 1649 meritum
909 1591 1038 1662 dicitur,
1061 1601 1110 1651 est
1126 1593 1199 1651 illud
1218 1612 1293 1669 opus
1310 1596 1436 1664 bonum,
1464 1597 1542 1672 quod

342 1703 396 1776 jus
407 1703 581 1777 perfectum
593 1701 718 1760 confert
728 1701 764 1759 ad
783 1701 969 1771 mercedem,
987 1701 1054 1761 sive
1072 1702 1181 1760 deinde
1198 1701 1255 1761 hoc
1274 1721 1311 1760 ex
1328 1705 1396 1763 sola
1411 1706 1542 1781 promis·

349 1813 435 1869 sione
461 1810 635 1878 derivetur,
668 1809 734 1867 sive
753 1829 790 1867 cx
808 1827 934 1886 operum
951 1810 1074 1868 interna
1090 1810 1256 1888 dignitate,
1274 1812 1340 1869 sive
1358 1832 1395 1871 ex
1413 1822 1543 1892 utraque

349 1922 455 1989 simul,
488 1939 544 1978 seu
570 1919 636 1977 sive
654 1919 696 1977 sit
712 1919 853 1977 meritum
871 1919 908 1977 do
926 1920 1079 1998 condigno
1103 1919 1134 1978 vi
1155 1920 1253 1995 pacti,
1286 1921 1352 1979 sive
1375 1922 1406 1979 vi
1427 1924 1542 1999 operis,

348 2031 415 2089 sive
433 2030 464 2087 vi
481 2029 652 2105 utriusque.

458 2140 536 2196 Tam
552 2137 755 2215 Pelagiani
781 2156 870 2213 quarn
899 2137 1210 2215 Semipolagiaoi
1226 2137 1387 2209 docebant,
1406 2141 1541 2218 gratiam

348 2266 539 2326 nequaquam
557 2247 681 2326 gratis,
704 2248 758 2305 sed
770 2246 861 2322 juxta
878 2246 990 2306 merita
1007 2247 1085 2316 dari,
1103 2266 1180 2324 quac
1196 2247 1295 2306 libero
1312 2248 1443 2307 hominis
1460 2250 1541 2308 arbi·

329 2359 409 2418 -trio
443 2358 593 2418 oriantur.
633 2358 668 2413 ln
694 2373 730 2413 eo
757 2365 858 2414 tamen
883 2374 901 2414 a
922 2374 957 2413 se
979 2355 1111 2414 invicem
1128 2355 1342 2426 discedebant,
1360 2358 1439 2435 quod
1455 2358 1543 2417 Pela·

349 2467 436 2546 giani
452 2466 688 2534 contenderent,
713 2482 808 2540 opera
828 2463 881 2522 illa
904 2463 1047 2522 meritum
1066 2464 1258 2523 constituere
1274 2466 1398 2543 proprie
1416 2466 1543 2535 dictum,

349 2595 406 2635 seu
429 2575 466 2634 de
490 2574 660 2652 condigno,
694 2572 939 2651 Semipelagiani
963 2581 1066 2631 antem
1083 2582 1201 2632 tantum
1219 2573 1255 2632 de
1273 2592 1415 2653 congruo
1433 2576 1545 2636 merita

349 2703 445 2760 opera
460 2684 513 2742 illa
529 2702 600 2741 esse
619 2691 827 2751 autumarent3
860 2681 902 2741 ita
925 2691 959 2741 ut
980 2681 1147 2741 secundnm
1165 2683 1235 2741 illos
1254 2684 1290 2741 ob
1309 2684 1420 2745 merita
1436 2694 1544 2746 nostra

348 2802 493 2854 teneatur
509 2794 595 2852 Dens
613 2791 700 2851 nobis
718 2791 890 2851 concedere
908 2791 1055 2870 gratiam,
1073 2792 1240 2851 secundum
1257 2789 1313 2852 hos
1330 2813 1405 2854 vcro
1423 2794 1543 2855 moritis

348 2904 465 2963 nostris
483 2912 599 2962 tantum
617 2911 776 2960 moveatur
792 2901 829 2958 ad
846 2900 974 2959 eandem
992 2901 1219 2961 conferendam.

453 3011 550 3072 Juxta
566 3007 743 3071 doctrinam
760 3027 839 3069 vero
857 3003 1054 3070 Catholicam
1071 3007 1155 3069 nulla
1173 3027 1273 3090 opera
1295 3007 1451 3073 naturalia
1467 3031 1541 3093 pos·

348 3131 422 3184 sunt
438 3119 557 3182 hahere
573 3116 731 3180 rationem
747 3115 862 3190 meriti,
880 3137 943 3200 quo
959 3115 1048 3179 Deus
1064 3136 1250 3201 quacunque
1270 3117 1396 3180 ratione
1413 3138 1540 3202 permo-

347 3241 460 3292 veatur
477 3229 516 3291 ad
532 3227 668 3314 gratiam
690 3246 779 3289 suam
802 3223 895 3288 nobis
912 3225 1166 3298 concedendam,
1189 3244 1292 3307 neque
1309 3245 1409 3309 opera
1426 3247 1539 3310 super·

348 3335 502 3402 naturalia
512 3348 649 3421 possunt
661 3333 779 3399 mereri
795 3336 834 3398 de
852 3333 1014 3419 condigno
1032 3333 1168 3417 primam
1183 3332 1322 3419 gratiam
1338 3334 1540 3400 sanctifican-

347 3461 426 3518 tem3
459 3447 516 3511 sed
541 3445 645 3510 omnis
667 3444 772 3532 gratia
792 3446 888 3518 haec,
911 3442 930 3506 i.
949 3464 976 3506 e.
994 3442 1099 3506 omnis
1114 3442 1220 3529 gratia
1240 3443 1374 3508 actualis
1391 3457 1423 3507 ot
1439 3445 1544 3532 gratia

341 3554 525 3642 justificans
542 3554 653 3639 prima,
670 3575 730 3618 nec
747 3576 812 3617 non
829 3554 981 3626 secunda,
999 3573 1078 3637 qnae
1094 3573 1152 3635 per
1170 3556 1379 3618 Sacramenta
1395 3553 1543 3618 vivorum

348 3665 529 3739 confertur,
560 3664 663 3752 gratis
680 3665 721 3727 ob
739 3663 852 3728 merita
869 3661 1004 3735 Christi,
1031 3661 1085 3747 qni
1102 3682 1140 3725 ea
1156 3663 1195 3726 de
1213 3683 1312 3727 cansa
1329 3663 1488 3729 satisfecit
1504 3685 1542 3728 ac

348 3773 475 3848 meruit,
492 3773 688 3838 conceditur.

453 3883 522 3947 Nos
538 3880 666 3945 nonnisi
680 3901 738 3965 per
756 3880 919 3945 Christum
934 3878 1106 3943 Dominum
1129 3878 1281 3966 gratiam,
1305 3879 1350 3943 nti
1372 3882 1540 3954 actualem,

346 3994 391 4057 ita
407 4004 439 4056 ct
453 3990 644 4055 habitualem
661 4010 720 4053 seu
736 3987 983 4072 justificantem,
1007 4008 1139 4072 eamque
1163 4009 1300 4071 prorsus
1318 4008 1446 4052 omnem
1464 4010 1539 4053 con·

347 4100 449 4185 sequi,
481 4099 551 4185 quis
582 4100 696 4162 audeat
716 4097 749 4160 in
775 4097 902 4160 dubium
927 4118 1046 4161 vocare
1068 4109 1145 4180 post
1169 4118 1221 4171 ea,
1253 4117 1334 4182 quae
1361 4098 1400 4160 de
1427 4099 1541 4163 mortis

348 4209 468 4276 Christi
497 4208 690 4272 necessitate
712 4208 844 4291 ejusque
866 4205 982 4271 merito
1000 4205 1246 4291 disputavimus,
1263 4207 1349 4291 quod
1365 4206 1459 4272 nobis
1484 4229 1542 4291 per

347 4317 485 4407 gratiam
502 4317 753 4381 communicatur
770 4328 803 4380 et
817 4315 1018 4400 applicatur?
1034 4318 1122 4380 ldem
1138 4327 1244 4378 autern
1260 4336 1360 4399 porro
1378 4316 1417 4379 ah
1427 4317 1540 4381 Eccle-

344 4430 394 4496 sia
417 4441 468 4493 est
490 4427 668 4492 solenniter
691 4425 870 4499 delinitum,
891 4437 985 4511 atque
1007 4437 1073 4489 tum
1088 4424 1121 4488 in
1139 4427 1199 4490 SS.
1215 4424 1347 4489 Litteris
1364 4437 1432 4489 tum
1448 4444 1467 4488 a
1483 4428 1542 4492 SS.

346 4537 496 4603 Patribus
513 4534 652 4599 unanimi
669 4554 831 4598 consensu
846 4533 1021 4598 traditum·

457 4643 680 4711 Concilium
713 4642 997 4708 Tridentinnm
1018 4641 1102 4706 enim
1119 4641 1300 4729 generatim
1318 4644 1475 4707 declarat:
1502 4643 1543 4705 Se

347 4763 423 4839 quia
439 4759 575 4832 dicerit,
592 4760 739 4816 homines
758 4760 845 4815 suis
867 4754 1070 4833 operibus,
1096 4773 1196 4834 quoe
1227 4753 1293 4814 vel
1309 4773 1380 4832 per
1403 4758 1542 4814 humo·

349 4887 425 4928 nae
459 4873 632 4952 natu-rac
667 4870 796 4944 vires,
829 4865 892 4928 ccl
916 4883 989 4945 per
1020 4863 1121 4940 lepis
1159 4863 1384 4924 doctrinam
1412 4864 1540 4943 siant,
