3775 5625
354 421 418 494 186

351 593 575 681 Augustino
595 592 667 659 ¹uisa
686 597 783 673 est¹).
808 592 939 659 Nostris
955 605 1060 657 autem
1076 591 1188 658 helius
1202 613 1261 678 per
1282 592 1321 658 cl.
1342 593 1509 659 Klean-

350 701 466 769 iterurn
481 695 661 769 instaurata
674 715 732 767 est.
751 739 793 751 —
810 704 930 767 Varum
945 701 1135 787 hypothesis
1151 703 1232 768 haec
1247 703 1454 769 solummodo
1469 723 1513 791 pa

351 824 457 877 catum
478 811 634 900 originale
656 814 759 899 quoad
783 812 905 877 animae
927 811 1168 897 corruptionem
1184 815 1242 877 seu
1259 812 1513 880 cominantium

349 921 382 985 in
402 932 520 987 ¹statum
540 922 733 988 deteriorem
749 921 899 1007 explieat,
931 937 1128 1008 nequaqnam
1144 933 1250 987 autem
1273 923 1381 1008 quoad
1404 924 1513 1010 culpa

350 1032 390 1096 de
413 1049 473 1118 qua
494 1030 624 1119 proprie
645 1030 738 1097 hicce
758 1030 878 1119 rugitum
902 1030 1035 1115 insuper
1066 1030 1243 1095 sententiae
1273 1032 1358 1095 haud
1377 1043 1498 1109 vem,

350 1160 392 1205 ex
407 1161 505 1228 supra
521 1140 749 1206 demonstratis
764 1146 901 1227 patav),
923 1138 1171 1225 superstruitur-3
1193 1151 1226 1205 et
1246 1140 1319 1205 ideo
1339 1141 1468 1227 paritet·
1495 1159 1513 1207 r

344 1249 488 1335 jicienda
503 1263 562 1316 est.
939 1241 948 1272 ²

461 1358 598 1424 Tertia
613 1358 841 1445 hypothesis
858 1371 924 1435 est,
941 1377 1021 1445 quae
1037 1357 1164 1435 statuit,
1188 1359 1310 1425 animm
1326 1358 1513 1425 omniumh

348 1469 468 1536 minum
484 1469 578 1536 simul
596 1485 668 1535 cum
684 1469 789 1534 anima
803 1470 905 1544 hdac,
927 1468 1007 1533 etin
1023 1468 1095 1553 ipso
1111 1470 1234 1533 Adamo
1256 1482 1386 1535 meatus
1402 1489 1500 1547 asse,

348 1580 447 1655 filios,
469 1580 521 1667 qui
541 1578 743 1668 generationi
766 1578 915 1644 destinati
938 1590 1027 1654 sunt,
1043 1599 1109 1643 non
1127 1591 1161 1644 ut
1175 1587 1300 1666 partem
1317 1578 1474 1656 eminis,
1487 1597 1513 1647 st

349 1709 410 1754 una
430 1709 502 1755 curn
523 1688 646 1755 senine
662 1687 938 1763 transmittendas,
961 1688 1007 1753 ita
1021 1701 1057 1753 ut
1073 1708 1201 1764 omnes,
1218 1699 1291 1753 cum
1306 1690 1456 1754 Adamas
1471 1703 1513 1776 pe

349 1809 454 1875 caret,
473 1819 536 1863 una
560 1819 632 1864 cnm
651 1799 724 1885 ipso
746 1798 966 1885 peccaverint,
981 1810 1015 1863 et
1031 1798 1080 1864 sio
1095 1799 1266 1875 maculam,
1282 1797 1513 1885 quoinquinent

347 1920 532 1984 nascuntur,
554 1908 784 1973 contraxerint.
808 1908 1005 1994 Hypothesis
1021 1909 1102 1974 haec
1121 1905 1360 1973 Leibnitium
1377 1919 1513 1978 auctora

346 2021 442 2086 hahet
449 2022 487 2098 ⁴).
506 2053 548 2067 --
566 2019 630 2083 Sed
647 2018 755 2104 opinio
771 2018 851 2083 hacc
867 2039 928 2083 nec
943 2017 977 2082 in
994 2037 1045 2094 se,
1068 2030 1165 2104 prout
1180 2038 1279 2103 snpra
1288 2020 1358 2104 jam
1373 2030 1513 2085 ostensu

347 2140 412 2204 est,
434 2127 513 2192 satis
530 2139 581 2193 est
598 2140 700 2203 certa,
723 2148 784 2193 nec
800 2129 840 2192 ad
855 2128 1058 2194 minuendam
1074 2128 1292 2193 difficultatem
1307 2128 1349 2191 de
1366 2145 1513 2195 commus

347 2238 473 2304 catione
494 2255 600 2303 noxae
622 2237 788 2326 originalis
808 2238 967 2304 inservire
988 2250 1104 2324 potest.
1129 2237 1189 2303 Vel
1204 2236 1289 2302 enim
1305 2234 1448 2313 animae,
1468 2255 1513 2324 qo

347 2367 418 2412 rum
434 2346 607 2435 congeries
623 2348 746 2411 Adamo
762 2346 884 2412 inserta
900 2346 1000 2412 luisse
1021 2343 1229 2433 supponitur,
1249 2345 1283 2409 in
1300 2363 1356 2422 ao,
1379 2365 1454 2410 curu
1468 2365 1513 2432 pst

348 2456 446 2533 eavit,
465 2456 681 2545 intelligentes
702 2469 794 2522 crant
809 2478 847 2522 ac
863 2457 1009 2522 volentes
1031 2458 1163 2543 ejusque
1185 2465 1320 2542 peccato
1338 2451 1513 2521 consentiet

347 2576 414 2643 tes,
432 2567 485 2631 vel
505 2585 579 2631 non.
604 2565 640 2630 si
655 2565 809 2651 primum,
831 2566 985 2632 hahemus
1002 2566 1130 2653 quidem
1146 2564 1284 2631 animam
1300 2577 1390 2631 corto
1406 2573 1513 2651 pseu!

346 2673 512 2751 infectam,
529 2676 587 2740 sed
602 2675 779 2761 personali,
796 2694 898 2762 neque
909 2677 978 2760 jam
993 2694 1105 2740 verum
1121 2687 1188 2750 est,
1206 2675 1290 2761 quud
1306 2672 1388 2739 dixit
1401 2676 1513 2760 Aposto

347 2786 413 2863 lus,
436 2805 592 2866 reponare
613 2799 749 2850 mortem
771 2791 1002 2869 enuntiatone,
1021 2790 1078 2866 pai
1096 2805 1174 2848 non
1201 2795 1472 2865 peecaverunt
1491 2787 1513 2847 it

347 2901 645 2961 similitudinem
662 2901 1034 2977 praeuaricationis
1049 2895 1206 2976 Adae⁸),
1231 2889 1513 2980 quandoquidemit

345 3007 468 3072 Adamo
489 3003 685 3070 exsistentes
707 3006 882 3072 secundum
914 3003 1052 3069 ιιιίιιιιιη
1067 3003 1099 3067 in
1117 3002 1354 3069 similitudinem
1379 3003 1450 3087 ejus
1464 3018 1513 3087 pro

345 3113 434 3200 prise
465 3112 637 3179 voluntatis
670 3132 832 3179 consensu
863 3112 1104 3199 peccaverimus
1111 3134 1120 3187 3
1144 3123 1180 3176 ut
1199 3111 1274 3177 illud
1296 3109 1426 3176 silendo
1445 3124 1513 3196 pree

344 3235 520 3298 teneamus,
542 3242 737 3288 consensum
753 3224 865 3298 talem,
881 3223 973 3308 cujus
991 3221 1188 3287 conscientia
1208 3240 1273 3285 non
1293 3220 1444 3296 habeurr,
1464 3234 1513 3284 ets

343 3344 458 3398 revera
487 3332 614 3397 nullum.
648 3331 683 3397 si
703 3346 782 3397 vero
815 3313 991 3398 secundum
1012 3331 1152 3407 obtinet,
1170 3341 1238 3395 tota
1252 3328 1338 3395 redit
1353 3326 1513 3394 difficultas

344 3443 427 3507 unde
451 3442 535 3507 enim
556 3455 692 3527 peccato
714 3441 833 3508 inlecta
852 3454 902 3507 est
922 3441 1041 3516 anima,
1064 3460 1144 3528 quae
1165 3456 1248 3527 pura
1263 3438 1342 3506 exiit
1358 3458 1376 3503 e
1391 3436 1513 3504 murila

343 3551 418 3627 Del,
434 3566 495 3616 uec
511 3548 614 3616 alieno
631 3572 768 3637 unquam
784 3563 919 3637 peccato
936 3550 1126 3617 consensit?

453 3661 601 3740 Quarta
631 3661 868 3746 hypothesis
899 3673 951 3726 est
981 3680 1109 3735 eorum,
1141 3659 1194 3746 qui
1224 3657 1350 3744 peccati
1371 3654 1513 3747 originth

346 3768 595 3836 transfusionem
627 3769 788 3856 explicent
809 3788 852 3835 ex
868 3771 1030 3834 voluntate
1060 3767 1318 3854 interpretativa,
1351 3778 1513 3833 statuentur

344 3879 531 3945 necessario
561 3881 828 3964 praesumendum
859 3899 950 3955 esse,
981 3898 1095 3944 omnes
1118 3879 1206 3944 Adae
1228 3889 1397 3963 posteros,
1419 3877 1513 3943 simu

345 3987 562 4063 exstitissent,
585 3989 710 4074 quando
726 3990 867 4055 Adamas
882 3987 1042 4074 peccavit,
1063 3986 1209 4052 similiter
1226 4007 1299 4051 curn
1314 3985 1389 4071 ipso
1407 4000 1513 4072 praeto

343 4110 431 4183 ptum
448 4099 548 4165 fuisse
563 4110 847 4187 transgressuros,
869 4100 919 4163 vel
941 4098 1056 4164 saltem
1077 4096 1226 4161 omnihus
1241 4095 1328 4182 pacti
1344 4116 1364 4161 a
1378 4096 1449 4162 Deo
1465 4112 1513 4162 cua

342 4207 465 4274 Adamo
480 4207 549 4273 initi
565 4206 800 4274 conditionibus
816 4208 953 4274 libenter
968 4206 1184 4293 acquieturos.
1198 4242 1243 4254 -
1253 4206 1376 4271 Verum
1392 4207 1513 4272 volsum

342 4318 423 4382 haec
442 4315 683 4402 interpretativa
702 4316 805 4406 gratis
828 4315 1010 4382 assumitur.
1042 4316 1125 4380 Nam
1144 4314 1221 4380 licat
1240 4313 1344 4401 quivis
1355 4317 1432 4400 juro
1445 4326 1513 4402 pm!

343 4438 502 4500 sumatur,
517 4425 549 4490 in
566 4425 613 4500 id,
631 4428 714 4512 quod
731 4425 792 4492 sibi
808 4427 927 4492 bonum
943 4437 1009 4501 est,
1033 4444 1268 4498 consensurus,
1290 4445 1356 4489 non
1372 4416 1513 4490 tument*-

451 4659 477 4748 ¹)
493 4665 541 4724 De
565 4664 639 4729 Gen.
662 4669 703 4726 ad
725 4665 780 4728 diii.
805 4668 824 4727 l.
842 4669 891 4728 10.
915 4685 939 4726 c.
957 4668 1007 4727 23.
1031 4685 1060 4725 tt.
1078 4667 1128 4727 39.
1152 4663 1190 4725 Τ.
1208 4660 1238 4725 3.
1254 4663 1290 4725 Ρ.
1311 4661 1340 4727 l.
1358 4682 1384 4727 0.
1401 4659 1471 4728 272·
1487 4687 1513 4700 ·

344 4757 370 4836 ²)
386 4755 477 4833 aoth.
499 4754 668 4836 maguntii.
693 4755 808 4836 hietat.
834 4752 931 4820 1835.
951 4753 983 4818 2.
1001 4753 1044 4820 58.
1067 4775 1099 4834 p.
1116 4751 1192 4816 347.
1210 4784 1254 4802 -ω
1271 4754 1297 4833 ³)
1320 4776 1350 4836 p.
1374 4752 1417 4818 et
1435 4773 1475 4823 ss·
1509 4781 1513 4789 ·

344 4850 370 4929 ⁴)
387 4846 433 4909 Of.
450 4847 532 4928 Syri.
549 4851 635 4913 theol.
653 4847 767 4932 hiltini.
786 4845 882 4912 1825.
898 4869 929 4929 p.
948 4843 991 4910 70
1007 4867 1031 4910 s.
1050 4882 1092 4893 -
1112 4844 1137 4926 ⁸)
1151 4846 1241 4909 Rom.
1256 4841 1288 4918 5,
1307 4842 1359 4910 14.
