3775 5625
1471 439 1515 515 ei

429 635 456 679 e.
483 611 768 679 catechismus
784 611 889 675 Rom.
906 612 1018 675 habet:
1039 614 1137 688 Quod
1150 622 1194 674 ad
1208 618 1350 676 animam
1361 621 1516 694 pertirrrt,

307 741 390 787 eam
405 730 450 786 ad
463 728 636 802 imaginem
652 733 684 784 et
698 726 941 784 similitudinem
966 742 1058 783 soant
1078 725 1240 797 formauit
1261 724 1408 805 (Deua),
1436 729 1518 786 tile·

301 851 458 913 rumque
479 836 510 894 ei
532 836 649 894 tribuit
668 835 858 893 arbitrium:
883 851 1015 892 omnes
1034 843 1207 909 praeterea
1236 843 1366 894 motae
1395 838 1520 895 enimi

296 952 439 1021 atque
461 944 745 1021 appetitiones
767 945 826 1001 ita
849 944 890 1001 in
912 960 956 1002 eo
981 946 1249 1020 temperarit,
1274 953 1318 1003 at
1334 946 1518 1004 rationis

294 1051 494 1132 imperio
517 1069 721 1127 nunquam
743 1069 823 1110 non
844 1061 1053 1126 parerent.
1087 1051 1166 1110 Tum
1184 1055 1357 1127 originalis
1363 1055 1519 1129 justitiae

290 1164 511 1223 admirabile
525 1166 645 1221 donum
660 1164 795 1238 addidit,
813 1178 852 1219 oo
867 1164 980 1220 deinde
995 1163 1112 1220 ceteris
1132 1164 1351 1221 animantibus
1363 1180 1516 1237 praeesse

287 1269 472 1347 notate).

428 1398 562 1458 Adnot.
590 1393 619 1459 l.
636 1400 684 1456 Ex
701 1398 755 1467 iis,
780 1417 856 1475 quae
877 1398 1037 1474 hucusque
1061 1399 1097 1456 de
1114 1398 1239 1473 justitia
1263 1398 1411 1476 originali
1435 1399 1518 1458 dieta

282 1517 405 1578 sunt,
421 1516 522 1585 patet,
549 1525 615 1565 eam
634 1506 661 1565 si
678 1526 737 1565 non
755 1508 791 1565 ad
809 1508 944 1586 gratiam
962 1508 1205 1567 sanctificantem
1224 1509 1445 1588 restringitur,
1463 1510 1518 1568 sed

280 1615 355 1676 ad
378 1617 493 1697 omnia,
515 1634 592 1693 quae
618 1635 656 1675 ex
672 1617 725 1674 illa
742 1617 771 1674 in
789 1626 1026 1693 protoparentes
1048 1618 1285 1690 derivabantur,
1311 1628 1363 1678 aut
1380 1637 1448 1677 eum
1465 1618 1519 1678 illa
1560 1678 1562 1682 .

278 1726 485 1801 conjuncta
502 1735 602 1795 eraut,
620 1726 806 1793 extenditur,
833 1744 891 1783 non
910 1735 971 1784 tam
988 1745 1079 1784 unum
1098 1726 1227 1803 aliquem
1245 1727 1414 1803 simplicem
1431 1727 1517 1786 habi·

280 1830 393 1906 tlam,
419 1853 510 1913 quam
527 1834 631 1911 potius
649 1834 807 1910 quamdam
826 1836 1017 1911 aptissimam
1038 1836 1170 1913 plurium
1188 1836 1274 1912 quasi
1291 1836 1447 1894 habituum
1466 1853 1516 1894 su·

272 1943 563 2005 Pernaturattum
578 1943 821 2021 complexionem
846 1963 928 2012 esse,
955 1963 1081 2021 quorum
1105 1946 1157 2003 alii
1173 1945 1203 2003 in
1221 1945 1393 2015 intellectu,
1416 1945 1468 2004 alii
1484 1945 1515 2003 in

275 2054 493 2122 vuluntate,
516 2052 569 2111 alii
584 2052 615 2109 in
632 2052 772 2111 interiori
792 2054 911 2111 animae
928 2064 1016 2129 parte
1034 2054 1229 2126 residebant,
1255 2054 1363 2131 quibus
1388 2053 1516 2128 proinde

273 2154 401 2223 lotus
419 2162 510 2222 homo
528 2162 694 2221 secuudum
712 2180 818 2220 omnes
840 2163 1007 2222 facultates
1030 2182 1102 2221 suas
1119 2164 1149 2221 in
1167 2163 1274 2222 ordine
1291 2164 1327 2221 ad
1346 2163 1453 2233 finem,
1480 2164 1516 2223 ad

275 2273 406 2340 (luem
424 2281 552 2333 creatus
569 2281 647 2340 erat,
665 2272 885 2349 perficiebatur
897 2269 937 2345 ²).

425 2399 527 2459 Aduo
537 2410 558 2460 t.
575 2395 606 2461 2.
619 2399 695 2458 (ium
703 2399 835 2459 internis
850 2400 911 2458 illis
923 2400 1010 2458 donis
1022 2401 1174 2459 homiuem
1187 2402 1280 2460 ctiam
1294 2421 1311 2460 a
1324 2403 1391 2459 Deo
1405 2402 1515 2460 donum

276 2492 455 2588 linguae,
465 2508 532 2566 siue
550 2527 607 2585 quo
624 2508 676 2566 illa
686 2508 805 2567 inutilia
819 2508 962 2588 fuissent,
974 2508 1034 2568 imo
1053 2528 1090 2568 ne
1108 2519 1253 2568 constare
1264 2510 1384 2586 quidem
1395 2512 1512 2588 potuis·

276 2616 400 2688 Qent,
418 2617 597 2694 accepisse,
623 2617 684 2677 SS.
701 2618 851 2687 Litterae,
868 2628 902 2676 ut
919 2638 958 2676 cx
974 2620 1080 2677 verbis
1106 2620 1258 2679 Siraeidis
1285 2620 1422 2697 adparet,
1446 2630 1511 2680 tra·-

277 2717 398 2798 duna
416 2725 526 2801 etjam
543 2745 578 2785 eo
595 2726 748 2796 iudicant,
766 2728 844 2803 quod
861 2737 1100 2803 protoparentes
1117 2730 1279 2805 loquentes
1296 2730 1412 2804 passim
1429 2730 1515 2789 indu-

281 2844 401 2907 eaut3
427 2846 518 2913 atque
540 2836 620 2895 idem
638 2836 801 2913 perfectio,
825 2837 855 2895 in
882 2857 939 2914 qua
965 2847 1090 2898 creatus
1108 2839 1274 2908 esthemo,
1299 2839 1359 2898 imo
1376 2841 1443 2916 ipsa
1460 2858 1513 2898 uo-

282 2952 380 3006 ntra
406 2955 519 3005 natura
543 2945 652 3025 exigit,
678 2964 754 3022 quae
772 2955 806 3004 ut
823 2946 858 3004 ad
875 2947 961 3004 vires
986 2947 1079 3005 animi
1103 2949 1301 3018 excolendas,
1325 2948 1369 3007 ita
1394 2949 1431 3007 ad
1454 2949 1511 3006 lin-

284 3068 407 3132 guam
425 3054 602 3114 solvendam
618 3054 843 3113 iustitutionem
861 3056 1041 3115 necessario
1059 3057 1198 3134 requirit.

423 3183 558 3242 Adnot.
584 3178 613 3242 3.
637 3182 774 3241 Primum
798 3192 958 3259 parentem
980 3203 1039 3242 uon
1057 3185 1117 3242 sibi
1133 3184 1192 3243 soli
1202 3185 1356 3258 justitiam
1375 3186 1512 3262 origina-

288 3286 372 3351 lem
400 3309 459 3349 seu
482 3291 616 3370 gratiam
644 3292 891 3352 sanctificantem
918 3311 986 3351 cum
1009 3293 1136 3369 reliquis
1154 3293 1275 3351 eximiis
1292 3293 1396 3362 donis,
1414 3294 1512 3352 eidem

299 3400 457 3471 adnexis,
475 3420 492 3458 a
509 3402 577 3459 Deo
595 3400 771 3477 accepisse,
793 3401 847 3458 sed
876 3401 968 3459 etiam
991 3402 1056 3460 suis
1073 3401 1223 3478 posteris,
1241 3402 1270 3459 id
1288 3411 1347 3471 cst,
1373 3401 1455 3459 illam
1474 3402 1511 3460 ab

298 3506 400 3586 ipso,
418 3508 447 3567 si
462 3527 523 3568 non
546 3519 725 3586 peccasset,
742 3509 772 3567 iu
790 3527 846 3567 nos
865 3529 970 3569 omnes
988 3511 1085 3568 fuisse
1103 3511 1388 3578 transfundendam,
1406 3530 1444 3568 ex
1462 3530 1510 3569 se·

305 3617 423 3696 quenti
440 3619 583 3678 doctriua
601 3619 637 3677 de
654 3628 782 3695 peccato
796 3619 941 3698 originali
953 3620 1078 3695 patebit.
1095 3621 1172 3679 liam
1189 3621 1227 3689 si,
1244 3629 1278 3678 ut
1295 3620 1328 3680 S.
1348 3619 1513 3696 Scriptura

307 3726 503 3789 ac'l'raditio
521 3728 622 3798 docet,
635 3738 666 3786 et
679 3728 850 3789 Concilium
861 3729 1075 3788 Tridentinum
1093 3730 1263 3788 solenniter
1275 3729 1421 3801 definivit,
1430 3730 1513 3787 Adae

307 3836 544 3914 praevaricatio
561 3854 619 3895 nou
638 3837 697 3896 sibi
713 3839 785 3908 soli,
811 3839 865 3896 sed
883 3847 914 3895 et
931 3838 997 3912 ejus
1014 3838 1178 3916 propagini
1193 3839 1309 3908 nocuit,
1327 3848 1358 3896 et
1374 3839 1441 3914 ipse
1457 3857 1514 3915 per

316 3963 402 4005 suam
420 3945 658 4005 inobedientiam
682 3957 840 4024 acceptam
859 3966 876 4005 a
892 3948 960 4005 Deo
977 3947 1175 4006 sanctitatem
1193 3957 1224 4005 et
1233 3947 1391 4020 justitiam
1408 3947 1467 4005 sibi
1484 3956 1515 4006 et

316 4052 404 4115 uoltis
428 4051 623 4132 perdidit⁹):
649 4074 717 4115 eam
740 4056 769 4114 in
797 4075 852 4114 nos
876 4055 1152 4114 transfundendum
1177 4057 1358 4115 necessario
1376 4057 1512 4132 accepit3

319 4164 448 4244 alioquin
466 4165 547 4223 euim
564 4165 647 4224 illam
665 4165 753 4224 nobis
770 4165 901 4240 perdere
919 4184 978 4224 uon
995 4162 1159 4241 potuisset.

323 4417 434 4481 Julian.
456 4420 476 4480 l.
491 4421 522 4480 4.
539 4437 564 4481 o.
582 4421 631 4481 16.
649 4437 679 4480 n.
697 4419 747 4478 83.
772 4417 810 4478 Τ.
829 4414 880 4478 10.
898 4437 922 4478 e.
940 4414 1016 4480 625.
1040 4417 1085 4480 Of.
1103 4419 1122 4480 l.
1139 4420 1168 4480 5.
1185 4439 1209 4478 o.
1227 4420 1256 4480 5.
1273 4438 1303 4479 n.
1321 4421 1370 4480 22.
1393 4436 1418 4478 o.
1436 4413 1513 4481 640.

325 4510 365 4568 De
377 4529 460 4587 pecc.
477 4509 555 4586 erip.
573 4529 596 4571 c.
613 4512 665 4573 35.
682 4528 712 4570 n.
729 4511 779 4568 40.
797 4528 821 4569 c.
839 4505 916 4569 211.

429 4600 453 4679 ¹)
470 4599 530 4662 ud.
548 4600 636 4662 Vieu.
656 4595 752 4661 1833.
769 4619 798 4678 p.
809 4595 912 4660 24—
923 4599 949 4679 ²)
968 4597 1013 4662 Of.
1030 4599 1182 4680 Abelly,
1199 4600 1334 4658 Medulla
1350 4599 1435 4660 tlreol.
1453 4598 1515 4658 Ra-

326 4688 386 4752 tisb.
405 4686 502 4754 1839.
528 4693 576 4750 De
592 4697 681 4752 creat.
698 4692 776 4752 hom.
794 4696 864 4752 sect.
879 4693 909 4749 3.
927 4710 957 4749 n.
975 4691 1003 4750 5.
1022 4689 1058 4751 P.
1079 4687 1106 4752 1.
1124 4713 1154 4770 p.
1174 4687 1250 4754 171.
1265 4691 1458 4764 Pererius,
1475 4692 1516 4750 ln

233 4840 235 4847 ,
328 4777 395 4842 (ica.
413 4782 432 4843 l.
449 4782 478 4843 5.
494 4785 587 4845 aaa.
604 4782 789 4852 Saliennr,
806 4781 918 4840 Annei.
940 4782 973 4840 V.
994 4783 1025 4842 Τ.
1043 4783 1084 4840 ed
1100 4782 1187 4842 diem.
1205 4784 1234 4842 6.
1253 4787 1344 4841 creat.
1361 4802 1391 4843 n.
1410 4784 1513 4842 78.-

329 4863 350 4955 ⁸)
365 4870 410 4934 Oi.
427 4870 519 4936 Cone.
537 4872 637 4936 Trid.
654 4872 735 4933 Sera.
753 4866 890 4935 5.'Dcor.
907 4873 943 4930 dc
957 4891 1037 4950 pero.
1055 4871 1132 4950 orig.
1150 4876 1178 4934 2.
1196 4872 1278 4937 serr.
1296 4874 1324 4933 6.
1342 4892 1407 4936 can.
1425 4874 1454 4933 6.

1250 4978 1299 5042 6*
