3775 5625
412 404 480 479 too

415 602 582 662 eorumque
605 586 641 644 ad
657 584 911 660 justificationom
933 593 1071 645 nostram
1094 586 1277 646 relationem
1294 596 1359 648 toto
1377 590 1465 650 coelo
1486 590 1600 650 anobis

413 697 538 756 diversa
548 698 751 773 praecipiunt.
762 700 803 756 tlt
814 698 931 774 quidem
949 698 1176 755 inllovatorum
1189 708 1357 772 systemate
1369 700 1601 774 justificationis

411 826 582 884 processus
605 818 653 866 est
684 808 865 882 hujusmodi.
896 808 1013 878 Homo,
1031 808 1081 883 qui
1098 806 1254 875 odoomdoic
1268 820 1418 884 peccator
1436 821 1496 885 est,
1514 813 1601 871 omui·

415 936 471 994 quo
490 919 632 977 efficacia
659 928 688 976 et
712 918 847 993 potentia
864 918 1017 993 spirituali
1033 918 1063 974 in
1087 918 1181 974 rebus
1199 915 1359 995 religiosis
1376 921 1559 990 destitutus,
1575 924 1602 980 in

412 1029 552 1102 peccatis
575 1029 736 1086 demersus
752 1027 859 1100 jacet,
893 1027 988 1085 donec
1010 1046 1065 1101 per
1083 1027 1179 1104 Legis
1197 1028 1477 1103 praedicationem,
1497 1051 1554 1108 qua
1571 1033 1604 1090 ad

414 1138 619 1215 cognitionem
644 1147 842 1212 peccatorum
861 1138 1097 1196 commissorum
1115 1138 1309 1213 perducitur,
1335 1140 1515 1199 terroribus
1538 1160 1603 1201 oon·

414 1248 562 1306 scientiae
582 1248 718 1306 incussis
743 1246 947 1321 corripiatur,
970 1256 999 1304 et
1022 1247 1088 1304 fere
1106 1246 1142 1304 ad
1160 1247 1407 1321 desperationem
1426 1252 1607 1323 adducatur,

414 1358 504 1415 simul
527 1367 644 1426 autem,
677 1375 714 1414 ne
741 1357 871 1415 animum
890 1349 1094 1435 despondeat,
1112 1357 1148 1414 ab
1165 1357 1352 1434 Evangelio,
1371 1359 1450 1433 quod
1470 1362 1606 1420 omnibus

413 1466 647 1542 peccatoribus,
664 1484 720 1541 per
737 1467 833 1543 Legis
851 1466 1023 1526 doctrinam
1041 1466 1219 1541 perterritis
1237 1484 1272 1525 ac
1294 1470 1482 1541 prostratis,
1501 1474 1608 1530 merita

417 1576 592 1635 Salvatoris
610 1579 719 1645 offert,
742 1576 910 1633 subventus
928 1576 1038 1633 merita
1056 1575 1171 1634 haecce
1189 1595 1244 1651 per
1261 1576 1363 1644 fidem,
1382 1597 1462 1656 quae
1482 1582 1550 1640 sola
1561 1582 1608 1655 ju·

417 1686 547 1752 stificet,
573 1685 796 1760 apprehendat,
813 1686 832 1742 i.
852 1704 877 1744 e.
895 1685 1089 1752 firmissime,
1112 1685 1179 1741 sine
1197 1686 1279 1743 omni
1295 1685 1504 1747 haesitatione
1521 1710 1557 1750 ao
1575 1694 1608 1750 ti·

416 1814 513 1863 more,
530 1814 701 1870 persuasus
719 1796 770 1864 sit,
788 1795 847 1852 sibi
862 1804 992 1870 peccata
1009 1795 1110 1853 omnia
1126 1813 1182 1869 per
1200 1794 1357 1854 Christum
1377 1816 1449 1855 csse
1467 1801 1608 1860 remissa.

415 1908 462 1963 lta
478 1905 697 1967 hutherani.
724 1904 781 1979 Qui
797 1906 900 1981 itaque
918 1906 993 1963 duos
1010 1914 1128 1963 tantum
1147 1915 1235 1963 actus
1251 1906 1283 1963 iu
1299 1905 1421 1965 bomine
1435 1918 1508 1965 ante
1520 1909 1607 1982 justi·

414 2016 588 2074 ficationem
605 2016 777 2091 requirunt,
795 2024 936 2073 terrores
954 2015 1076 2073 scilicet
1091 2015 1236 2073 incussos
1249 2016 1472 2088 eonscientiae,
1485 2030 1608 2094 peceato

416 2126 537 2203 agnito,
560 2124 716 2204 elidem,
733 2142 791 2181 non
812 2124 1021 2182 Christianam
1044 2142 1080 2183 ae
1103 2143 1223 2192 veram,
1252 2142 1310 2200 qua
1327 2126 1491 2195 creditur,
1514 2131 1609 2188 omnia

416 2254 472 2311 per
492 2237 591 2293 Deum
613 2236 753 2293 revelata
775 2253 845 2292 esse
868 2253 959 2303 vera,
977 2235 1032 2291 sed
1048 2234 1150 2309 potius
1169 2252 1246 2301 eam,
1265 2253 1352 2310 quam
1371 2238 1607 2311 promissionum

418 2346 587 2424 adpellant,
620 2362 746 2420 eamque
768 2362 827 2400 non
850 2345 1043 2421 generalem,
1076 2361 1134 2419 qua
1156 2352 1295 2411 tenetur,
1327 2343 1517 2419 promissam
1540 2367 1605 2405 esse

418 2455 558 2512 omnibus
591 2454 790 2513 credentibus
817 2453 965 2521 salutem,
997 2472 1103 2510 verum
1129 2452 1305 2527 specialem,
1325 2465 1384 2530 qua
1401 2458 1609 2534 unusquisque

419 2566 477 2622 sihi
494 2563 729 2641 promissionem
746 2563 877 2621 divinam
896 2563 1054 2638 applicans
1072 2562 1152 2621 citra
1169 2580 1288 2619 omnem
1307 2564 1529 2646 dubitationem
1547 2586 1608 2627 cre·

420 2675 477 2746 dit,
503 2674 568 2730 sive
585 2674 688 2749 potius
706 2673 843 2744 confidit,
870 2674 950 2730 sein
970 2670 1103 2749 gratiam
1121 2689 1192 2727 esse
1210 2682 1385 2747 receptum,
1404 2675 1526 2751 sibique
1543 2696 1608 2751 pec·

419 2792 487 2842 cata
510 2783 609 2842 onmia
626 2800 696 2840 esse
715 2782 885 2841 condonata
906 2791 1033 2858 propter
1051 2780 1224 2850 Christum,
1248 2800 1303 2857 pro
1326 2783 1414 2841 nobis
1433 2802 1559 2860 passum
1576 2806 1608 2846 ao

417 2903 579 2951 mortuum.
614 2895 689 2948 Nam
721 2891 892 2949 liutherani
914 2892 981 2948 fere
1015 2908 1120 2947 omnes
1143 2891 1231 2947 iidem
1260 2902 1403 2950 nontam
1439 2913 1607 2964 assensum,

420 3022 508 3078 quam
530 3004 671 3061 fiduciam
696 3022 767 3059 esse
785 3003 950 3067 definiunt3
976 3010 1067 3076 atque
1085 3020 1151 3058 eam
1170 3001 1287 3058 denium
1306 3003 1448 3061 fiduciam
1467 3007 1607 3080 specialis

418 3113 651 3171 misericordiae
673 3112 764 3169 fidem
787 3098 1012 3184 justificantem
1039 3128 1109 3167 esse
1131 3110 1253 3172 docent.
1292 3113 1394 3168 Porro
1420 3113 1512 3171 iidem
1531 3116 1606 3172 illam

416 3242 474 3281 non
494 3241 619 3279 causam
637 3222 858 3297 disponentem,
875 3221 929 3277 sed
948 3220 1235 3295 apprehendentem,
1253 3212 1402 3295 ληπτικὴν,
1422 3230 1607 3295 organicum

417 3352 471 3390 seu
489 3330 786 3405 instrumentalem,
801 3329 1034 3404 justificationis
1051 3329 1163 3386 babent
1179 3327 1209 3405 ¹).
1229 3329 1478 3389 calvinistae
1495 3334 1526 3390 in
1544 3336 1605 3392 sob-

416 3442 529 3499 stantia
556 3459 624 3498 oum
648 3440 835 3497 Lutberanis
858 3439 1075 3505 consentiunt,
1100 3449 1131 3496 et
1151 3447 1270 3495 tautum
1293 3439 1322 3495 in
1341 3457 1377 3495 eo
1395 3441 1433 3497 ab
1452 3442 1491 3498 iis
1516 3445 1605 3503 disoe-

415 3552 499 3617 dunt,
516 3551 593 3625 quod
612 3549 781 3608 secundum
800 3549 884 3623 ipsos
901 3549 1090 3623 poenitentia
1107 3548 1196 3605 fidem
1216 3549 1435 3624 subsequatur,
1456 3562 1487 3609 et
1504 3572 1562 3610 uon
1579 3554 1604 3610 io

416 3659 491 3715 solis
509 3658 718 3716 conscientiae
737 3659 911 3716 terroribus
930 3658 1080 3736 consistat
1092 3655 1127 3732 ²).

525 3761 679 3826 Catholici
702 3775 806 3827 autem
829 3783 1026 3847 nequaquam
1049 3764 1181 3836 docent,
1204 3762 1352 3827 homiues
1375 3764 1458 3828 solis
1481 3780 1605 3831 naturae

416 3871 536 3934 viribus
553 3873 591 3935 ad
609 3872 745 3958 gratiam
757 3871 989 3956 justificantem
1004 3871 1140 3955 disponi,
1158 3892 1259 3956 nequo
1274 3872 1517 3961 quibuscunque
1537 3898 1603 3961 ope·

417 3981 521 4055 ribus,
543 3983 591 4044 vel
614 3981 708 4044 etiam
727 3981 839 4044 ritibus
857 3994 888 4043 et
906 3980 1112 4044 caerimoniis
1136 3980 1276 4042 tribuunt
1293 3981 1443 4045 meritum
1456 3986 1604 4067 justifica-

417 4091 523 4163 tionis,
556 4105 587 4154 ut
620 4113 677 4153 eos
711 4092 879 4153 traducunt
912 4091 1105 4162 ailrersarii‚
1131 4090 1183 4173 qui
1210 4090 1342 4173 iusuper
1367 4093 1605 4168 calnmuiantur,

413 4201 504 4283 ipsos
527 4200 597 4262 fidei
610 4199 815 4282 justificantis
834 4202 949 4262 nullam
966 4200 1124 4263 rationem
1140 4200 1270 4271 hahere,
1288 4221 1392 4283 neque
1411 4203 1507 4266 uillam
1526 4227 1603 4268 meu·

410 4339 638 4350 ——.

437 4429 440 4432 ⁴
525 4403 550 4479 ¹)
568 4402 611 4461 Of.
632 4403 722 4479 Coos.
739 4403 866 4478 August,
884 4406 922 4464 P.
940 4407 967 4464 Ι,
986 4411 1042 4463 ort.
1061 4407 1110 4465 12.
1127 4423 1157 4460 a.
1176 4406 1204 4462 2.
1222 4402 1412 4471 Francke,
1433 4407 1498 4467 LL.
1517 4410 1603 4483 synod.

413 4491 807 4567 Eccl.Lctdber.L.1184l.
826 4496 861 4552 Ρ.
882 4494 910 4554 1.
927 4517 956 4565 p.
977 4493 1026 4554 17.
1045 4502 1102 4554 ort.
1121 4498 1150 4554 4.
1168 4514 1197 4571 p.
1218 4490 1268 4554 15.
1286 4501 1344 4554 ort.
1364 4497 1391 4552 6.
1411 4517 1443 4556 ro.
1463 4501 1491 4556 2.
1511 4521 1539 4577 p.
1560 4497 1602 4560 15.

414 4586 539 4661 Apoloq.
558 4605 582 4644 o.
599 4589 627 4644 3.
646 4592 701 4643 ort.
721 4588 749 4646 6.
767 4606 796 4643 a.
816 4590 864 4644 61.
897 4587 941 4645 Ib.
961 4607 989 4663 p.
1006 4583 1059 4645 94.
1078 4607 1101 4644 c.
1121 4589 1149 4644 2.
1167 4605 1197 4644 oo.
1216 4585 1353 4648 asssoo.
1372 4606 1400 4662 p.
1422 4585 1467 4647 70
1491 4611 1515 4647 s.
1540 4610 1562 4650 c.
1579 4594 1603 4648 2.

414 4696 443 4734 a.
461 4679 510 4735 83.
527 4698 557 4754 p.
578 4674 628 4736 td.
655 4679 758 4735 Form.
778 4678 925 4737 Ooooord.
943 4679 987 4755 Ρ..
1000 4680 1027 4737 1.
1046 4697 1068 4736 o.
1086 4679 1114 4734 d.
1133 4695 1161 4735 a.
1181 4679 1229 4735 23.
1247 4675 1295 4735 Ib.
1313 4676 1349 4733 P.
1369 4674 1398 4735 3.
1419 4700 1450 4756 p.
1469 4677 1522 4740 34.
1541 4701 1563 4742 c.
1579 4684 1602 4739 5.

415 4786 444 4824 a.
462 4768 489 4826 5.
507 4787 537 4843 p.
555 4764 608 4827 38.
626 4787 650 4827 s,
668 4769 705 4830 Ρ,
724 4771 753 4826 2.
772 4789 795 4828 o.
813 4772 842 4827 3.
860 4789 889 4828 a.
906 4772 956 4825 32.
974 4789 1003 4845 p
1024 4764 1097 4826 127.
1132 4803 1173 4811 -
1208 4765 1299 4838 ²)Gf.
1325 4766 1476 4831 Oalvin.
1510 4773 1601 4831 Iustit.

416 4857 434 4914 l.
452 4859 481 4916 3.
499 4877 523 4915 o.
541 4861 570 4920 2.
587 4878 616 4917 a.
636 4861 663 4917 7.
690 4857 767 4921 Gen.
787 4855 882 4920 1569.
900 4881 936 4940 Ρ.
949 4856 1024 4922 335.
1043 4878 1067 4919 o.
1083 4861 1113 4918 3.
1132 4879 1161 4918 lo.
1180 4862 1273 4919 1-2.
1292 4881 1321 4940 p.
1341 4855 1409 4921 364
1427 4881 1452 4923 s.
