3775 5625
1456 393 1521 459 45⁷

337 570 368 629 in
393 568 461 646 ipso
486 587 561 627 vera
583 586 617 628 ac
639 567 780 645 perlecta
802 577 918 636 manet,
952 566 1064 626 tamdiu
1090 584 1148 625 non
1172 574 1295 642 peccat,
1316 583 1373 625 nce
1396 581 1528 641 peceare

338 688 457 755 potest3
483 677 619 740 charitas
642 679 721 736 enim
743 678 895 754 plenitudo
920 678 1000 756 legis
1026 686 1090 746 est,
1113 695 1148 736 ae
1169 694 1224 752 per
1247 675 1304 733 hoc
1327 676 1408 733 nullo
1442 674 1528 732 modo

338 790 410 847 lieri
426 797 544 864 potest,
562 798 594 845 ut
611 789 653 844 sit
669 787 920 864 praevaricator,
945 788 995 862 qui
1016 786 1098 843 illam
1116 785 1223 853 hahet,
1242 785 1292 861 qui
1309 794 1410 843 autem
1428 785 1529 861 legem

339 918 399 956 non
418 907 539 965 servat,
565 897 747 957 charitatem
770 915 828 953 non
850 896 953 955 habet.
987 896 1071 954 Unde
1092 896 1208 953 iratres
1225 894 1360 972 diligite,
1378 902 1409 951 et
1425 910 1443 950 a
1458 910 1529 967 pec·

338 1018 410 1068 cato
433 1006 601 1076 abstinete,
626 1006 765 1082 quoniam
787 1015 902 1064 tantum
927 1014 1000 1063 tunc
1018 1004 1173 1063 confidere
1190 1003 1337 1079 potestis,
1354 1021 1409 1061 vos
1426 1000 1456 1061 in
1475 1021 1529 1079 ge·

338 1117 500 1176 novatione
518 1133 572 1173 seu
589 1115 692 1194 gratia
709 1115 811 1173 divina
827 1134 897 1172 esse
915 1114 1101 1175 constitutos
1114 1116 1154 1183 ¹).
1173 1112 1369 1189 Propterea,
1388 1110 1430 1168 ait
1445 1110 1530 1169 Hic·

338 1245 532 1301 ronymus,
553 1225 671 1301 inquit,
697 1227 801 1283 acribo
823 1225 929 1297 cobis,
948 1222 1045 1295 filioli
1060 1223 1140 1280 mei:
1167 1218 1279 1281 Omnis
1300 1222 1355 1295 qui
1370 1228 1468 1279 actua
1483 1229 1532 1279 est

337 1355 383 1396 ene
408 1333 498 1411 Deo,
526 1351 591 1392 non
611 1342 737 1410 peceat,
766 1342 801 1393 ut
825 1350 891 1391 non
912 1334 1052 1410 peccetis
1057 1375 1068 1407 ,
1087 1340 1120 1390 et
1134 1333 1254 1390 tamdiu
1277 1331 1402 1404 aciatis,
1420 1347 1480 1388 eoa
1497 1331 1532 1388 in

334 1445 547 1521 pancratiaste
563 1442 696 1500 Donrini
709 1460 913 1519 permanere,
931 1443 1084 1517 quamdiu
1100 1459 1165 1502 non
1178 1441 1391 1518 peccaveritis
1401 1443 1442 1510 ²).

449 1554 602 1621 Peccata,
628 1551 737 1627 quibus
760 1553 893 1629 gratiam
917 1551 1179 1618 sanctificantem,
1204 1569 1259 1607 seu
1276 1550 1369 1607 vitam
1387 1548 1530 1625 spiritua-

339 1665 399 1722 lern
426 1660 609 1729 amittimus,
634 1660 810 1717 mortalia
828 1661 1036 1736 adpellantur;
1052 1660 1127 1736 alia,
1145 1660 1253 1736 quihus
1271 1658 1412 1717 nimirum
1431 1658 1531 1716 chari·

339 1783 388 1831 tas
406 1771 437 1828 in
455 1771 599 1829 cordibus
617 1769 735 1826 nostris
753 1788 810 1870 non
828 1770 1054 1847 exstinguitur,
1072 1768 1245 1827 venialia
1261 1769 1396 1827 audiunt.
1421 1768 1532 1825 lisdem

339 1892 442 1941 tamen
461 1880 541 1936 illam
559 1878 706 1945 imminui,
721 1898 758 1934 ex
775 1878 824 1947 iis,
842 1897 918 1955 quac
937 1879 972 1935 de
989 1878 1090 1936 indole
1102 1877 1335 1951 justificationis
1352 1877 1434 1936 dicta
1451 1885 1533 1942 sunt,

340 1998 450 2066 sponte
468 2007 524 2046 sua
540 1987 737 2063 intelligitur.
764 1986 847 2044 Unde
865 2005 953 2062 quam
971 1966 1171 2045 severissime
1192 1987 1404 2053 admonemur,
1422 1994 1454 2042 ut
1471 1985 1531 2041 sol·

340 2098 419 2157 liciti
437 2106 468 2155 et
484 2097 707 2172 circumspecti
727 2097 840 2164 simus,
863 2105 952 2173 atque
970 2114 1028 2152 non
1051 2105 1166 2154 tantum
1185 2116 1202 2154 a
1218 2096 1367 2174 gravibus
1384 2093 1533 2171 peccatis,

341 2207 396 2265 sed
415 2206 506 2263 etiam
524 2225 541 2262 a
558 2204 727 2262 minoribus
745 2223 925 2273 caveamus,
942 2223 979 2261 ne
997 2205 1134 2280 periculo
1153 2223 1339 2281 exponantur
1355 2203 1533 2263 imminuen·

342 2317 398 2375 dae
417 2317 542 2383 saltem,
561 2323 612 2372 aut
628 2332 758 2390 prorsus
777 2314 962 2372 amittendae
980 2312 1112 2391 gratiae.

342 2622 380 2714 ξ.
399 2621 495 2691 toa.
512 2622 673 2693 Gratia
686 2620 960 2703 justificans
977 2639 1071 2692 non
1088 2625 1180 2703 est,
1197 2626 1254 2693 de
1278 2642 1371 2710 qua
1386 2625 1536 2702 homo,

343 2732 448 2803 siue
466 2730 664 2820 speciali
685 2730 997 2815 revelatione,
1023 2732 1177 2820 possit
1194 2748 1304 2802 esse
1321 2735 1536 2806 absolute

857 2843 1028 2912 certus.

452 3063 600 3128 Ultimum
622 3066 763 3138 tandem,
785 3067 869 3151 quod
886 3086 927 3129 ex
943 3065 1049 3129 indole
1074 3065 1198 3154 gratiae
1211 3067 1419 3151 justificantis
1437 3089 1535 3151 expo·
1584 3116 1586 3121 .

343 3174 420 3248 sita,
436 3173 520 3236 illam
536 3173 685 3238 videlicet
701 3173 849 3238 virtutem
866 3177 1141 3259 supernaturalem
1159 3197 1248 3250 esse,
1270 3175 1302 3239 in
1320 3175 1414 3241 nobis
1430 3176 1536 3241 inhae-

341 3295 482 3357 rentem,
504 3305 584 3368 quae
605 3295 640 3346 ut
660 3281 786 3369 augeri,
810 3282 854 3346 ita
875 3295 908 3346 et
928 3282 1070 3347 imminui
1088 3305 1125 3348 ac
1142 3306 1279 3370 prorsus
1312 3284 1402 3371 perdi
1434 3298 1538 3372 queat,

343 3390 530 3466 conficitur,
553 3404 618 3466 est,
638 3392 722 3456 illam
744 3390 871 3455 minime
895 3393 988 3457 talem
1010 3415 1099 3469 esse,
1124 3395 1163 3458 de
1180 3414 1241 3479 qua
1257 3396 1369 3468 homo,
1386 3394 1448 3459 nisi
1465 3417 1536 3480 spe·

343 3501 415 3566 ciali
448 3500 643 3564 revelatione
667 3501 817 3573 edoctus,
850 3502 945 3565 modo
970 3500 1123 3565 infallibili
1144 3523 1217 3575 seu,
1238 3515 1273 3566 ut
1290 3505 1390 3588 ajunt,
1422 3503 1536 3568 certi-

343 3609 479 3675 tudine
509 3609 623 3684 lidei,
656 3609 706 3674 cui
730 3610 815 3672 nullo
848 3611 943 3673 modo
976 3623 1084 3695 potest
1116 3611 1251 3675 subesse
1275 3613 1405 3688 salsum,
1430 3626 1538 3678 certus

343 3741 420 3785 esse
436 3717 549 3805 possit.

453 3834 671 3890 Protestantes
697 3852 734 3890 ex
757 3852 809 3912 eo,
832 3833 910 3910 quod
942 3833 1002 3891 sibi
1033 3845 1274 3908 persuaserunt,
1301 3835 1537 3910 justificationis

343 3961 472 4004 causam
490 3941 650 3998 formalem
667 3960 726 3998 non
745 3960 815 3999 esse
833 3942 941 4000 donum
960 3941 1082 4018 aliquod
1098 3942 1233 4002 infusum
1251 3963 1268 4002 a
1284 3947 1351 4002 Deo
1377 3945 1467 4021 inque
1485 3963 1537 4001 no·

341 4054 392 4112 bis
414 4052 596 4117 inhaerens,
621 4051 674 4107 scd
699 4069 769 4108 esse
794 4069 909 4108 rrrerum
931 4053 990 4109 Dei
1008 4052 1144 4110 favorem
1167 4072 1223 4111 seu
1240 4053 1482 4129 acceptationem
1502 4054 1538 4112 ad

340 4159 481 4242 gratiam
506 4167 537 4217 et
556 4158 801 4216 benevolentiam
824 4178 878 4235 per
902 4159 1078 4228 Christum,
1111 4171 1163 4227 aut
1185 4180 1260 4219 vero
1285 4162 1315 4219 in
1340 4162 1537 4239 imputatione

333 4267 482 4346 justitiae
501 4267 633 4337 Christi,
651 4270 687 4326 de
705 4287 764 4346 qua
781 4269 878 4336 nobis,
897 4270 942 4327 uti
960 4270 995 4328 de
1013 4269 1076 4337 illa,
1093 4289 1149 4345 per
1166 4271 1387 4329 revelationem
1406 4283 1537 4340 constet,

339 4397 423 4457 quae
441 4377 566 4444 doceat,
588 4378 687 4436 Deum
708 4379 818 4436 Filium
841 4397 929 4436 suurn
947 4379 1139 4457 unigenitum
1156 4381 1295 4449 dedisse,
1313 4392 1345 4439 ut
1363 4382 1413 4458 qui
1431 4383 1539 4441 credat

338 4491 371 4548 in
393 4504 481 4554 euru,
498 4503 556 4543 non
575 4496 697 4561 pereat,
719 4487 773 4544 sed
791 4486 903 4563 habeat
924 4486 1018 4544 vitam
1036 4497 1209 4557 aeternam,
1232 4498 1322 4566 atque
1339 4490 1369 4547 in
1387 4491 1468 4549 illius
1486 4509 1537 4566 ap·

336 4594 551 4676 prehensione
569 4613 624 4671 per
641 4595 747 4664 iidem,
766 4596 930 4673 colligunt,
946 4614 1037 4671 posse
1056 4615 1092 4655 ae
1110 4598 1222 4656 debere
1241 4618 1346 4657 omnes
1364 4599 1457 4667 fide,
1473 4599 1493 4658 i.
1511 4620 1537 4660 e.

327 4745 557 4762 ffl-

457 4830 480 4909 ¹)
499 4829 543 4891 cf.
562 4828 590 4890 1.
608 4829 630 4890 J
632 4850 698 4890 oan.
708 4829 738 4904 3,
750 4828 779 4892 7.
792 4867 826 4875 -
844 4830 869 4910 ²)
882 4831 956 4890 Ado.
969 4829 1072 4892 Joot'n.
1082 4833 1101 4892 l.
1113 4835 1142 4892 2.
1153 4852 1183 4896 tt.
1196 4837 1223 4897 2.
1238 4830 1317 4922 Opp,
1331 4831 1370 4896 T·
1382 4832 1411 4906 2·
1423 4855 1449 4905 ὓ.
1461 4832 1537 4904 322.
