3775 5625
349 421 414 488 172

346 594 491 670 Marino,
503 589 709 649 inscrutabili
725 594 758 646 et
773 582 932 658 ineffabili
949 586 1212 659 corruptione
1229 593 1265 644 to
1276 585 1358 644 tius
1373 592 1521 645 notura

347 698 746 773 etonrniuntur'rium,
770 695 1078 770 imprimisoero
1095 688 1354 772 superiorum
1379 698 1524 772 etprin

347 811 536 887 cipulium
551 810 707 867 unimur
728 807 995 883 facultatum,
1021 823 1120 880 quoe
1141 806 1285 877 infinu
1306 807 1364 864 ait
1384 808 1525 880 penita

347 921 599 996 intellectui,
618 918 730 977 cordi
746 924 785 975 et
799 917 1003 975 uoluntati
1019 924 1076 976 etc.
1091 913 1135 990 ¹),
1159 931 1333 996 reponens.

454 1023 619 1089 Reiellitur
636 1034 741 1086 autem
757 1020 809 1084 hic
826 1041 920 1085 error
937 1040 1052 1084 exeo:

457 1134 485 1199 1.
504 1134 594 1212 Quod
616 1152 711 1196 omne
727 1142 895 1216 peccatum
919 1150 960 1193 ex
983 1142 1096 1194 natura
1112 1151 1170 1195 sua
1192 1130 1257 1195 no'n
1278 1145 1329 1197 est
1350 1132 1525 1201 substantia

345 1247 404 1309 sed
421 1243 527 1329 potius
544 1242 680 1328 privatio
702 1263 740 1306 ac
756 1240 915 1313 defectus,
941 1252 1033 1325 atque
1058 1252 1150 1304 certo
1167 1241 1326 1326 quoddam
1347 1243 1525 1328 accidens²j

456 1353 486 1417 2.
510 1354 614 1417 Porro
639 1349 712 1436 quia
734 1349 911 1414 secundum
934 1351 993 1412 SS.
1016 1347 1246 1441 Litteras³)‚
1280 1372 1341 1416 nec
1364 1374 1430 1416 non
1453 1351 1525 1420 effat

347 1484 444 1528 sanae
460 1460 633 1526 rationis
656 1458 796 1524 omnium
811 1479 936 1532 rerum,
960 1478 1167 1544 quaecunque
1183 1459 1215 1522 in
1232 1461 1351 1524 mundo
1374 1461 1524 1529 exsistunt

347 1584 460 1637 auctor
483 1584 533 1636 est
547 1572 644 1634 Deus.
669 1570 750 1633 Nam
773 1590 845 1632 cum
869 1588 962 1632 omne
984 1566 1033 1642 id,
1055 1570 1140 1654 quod
1162 1568 1297 1654 aliquam
1322 1570 1525 1638 exsistentian

347 1682 588 1747 substantialem
604 1681 714 1754 habet,
732 1700 750 1743 a
765 1679 835 1743 Deo
853 1679 972 1743 factum
988 1677 1048 1753 sit,
1065 1678 1229 1764 ipsiusque
1244 1680 1407 1746 voluntate
1425 1682 1525 1749 direct

347 1791 385 1856 ac
401 1790 584 1856 immediata
605 1801 832 1863 conservetur,
857 1801 888 1853 et
909 1787 1059 1874 quidquid
1076 1809 1095 1852 a
1110 1790 1181 1852 Deo
1199 1789 1317 1854 factuam
1340 1803 1408 1866 est,
1433 1812 1525 1857 necea

347 1901 434 1966 sario
455 1902 575 1965 honum
596 1900 688 1981 sit⁴):
714 1911 896 1983 peccatum,
922 1900 1006 1984 quod
1034 1921 1094 1983 pro
1118 1911 1231 1963 natura
1257 1921 1315 1964 sua
1342 1914 1394 1965 est
1414 1902 1520 1967 malm

347 2033 410 2074 non
426 2022 535 2095 potest
556 2030 630 2074 esse
648 2007 779 2094 aliquid,
803 2009 888 2093 quod
910 2007 1133 2073 exsistentiam
1157 2008 1400 2074 substantialem
1421 2012 1525 2076 haheat

346 2142 408 2186 nec
423 2120 560 2205 proinde
575 2140 648 2183 csse
665 2117 882 2183 substantialis
898 2117 1002 2203 aliqua
1019 2116 1135 2181 diaboli
1151 2117 1270 2204 imago,
1287 2119 1325 2183 ab
1342 2120 1405 2185 hoc
1422 2118 1524 2185 effecta

347 2232 518 2294 Peccatum
539 2250 604 2292 non
621 2240 672 2292 est
687 2240 815 2302 natura,
841 2248 933 2312 quam
951 2226 1026 2291 lecit
1041 2226 1146 2301 Deus,
1171 2229 1228 2291 sed
1250 2239 1302 2292 est
1318 2240 1451 2294 naturae
1470 2250 1525 2315 per·

347 2337 501 2413 versitas,
529 2358 621 2422 mam
638 2337 764 2401 diabolo
781 2336 955 2423 instigante
972 2335 1049 2400 lecit
1064 2338 1171 2400 homo.

457 2448 487 2512 3.
509 2447 631 2511 Deinde
658 2446 808 2533 quoniam
830 2447 1006 2511 sectandum
1035 2448 1068 2510 S.
1097 2446 1404 2531 Scripturam⁵),
1438 2458 1525 2533 prout

349 2560 524 2624 secundum
541 2556 719 2622 doctrinam
742 2555 951 2620 Ecclesiae
975 2556 1151 2622 solenniter
1181 2556 1395 2637 definitam⁶),
1425 2556 1456 2621 in
1483 2557 1525 2621 lu·

348 2668 467 2753 ptismo
485 2674 652 2732 tollitur
674 2678 793 2730 totum
810 2671 866 2749 id,
886 2674 991 2746 quod
1010 2671 1173 2745 pcccati
1189 2673 1384 2730 rationem
1400 2672 1525 2749 leuitt,

258 2775 264 2784 ’
349 2799 447 2860 quum
467 2782 554 2841 nillil
579 2782 623 2840 sit
642 2780 860 2868 damnationis
889 2780 949 2859 iia,
981 2780 1038 2856 qui
1063 2797 1139 2839 acre
1167 2782 1348 2856 consepulti
1372 2789 1451 2842 sunt
1472 2796 1525 2840 cern

353 2891 485 2953 Oloristo
505 2910 565 2967 per
586 2891 754 2966 Boptianro
770 2893 805 2949 in
820 2900 973 2965 mortcm;
999 2885 1084 2972 atqui
1104 2907 1163 2971 per
1186 2886 1385 2972 Baptismum
1407 2897 1525 2952 testante

348 2997 530 3084 quotidiana
547 2995 686 3061 omnium
702 2994 935 3080 baptizatorum
952 2995 1151 3080 experientia
1168 2996 1252 3060 nulla
1267 3018 1403 3081 prorsus
1426 2994 1525 3060 tollius

347 3106 484 3172 hominis
502 3106 688 3171 substantia.

456 3216 487 3282 4.
504 3219 652 3282 Necnon
676 3216 750 3302 quia
772 3238 813 3280 ex
834 3214 1020 3280 testimonio
1044 3237 1162 3280 seusus
1186 3215 1289 3280 nostri
1313 3215 1415 3281 intimi
1440 3210 1525 3280 totali

347 3327 468 3393 animae
491 3340 624 3392 nostrae
647 3325 832 3411 depravatio
862 3338 916 3390 aut
936 3325 1114 3390 immutatio
1136 3325 1169 3389 iu
1197 3327 1290 3411 pejus
1306 3327 1525 3412 haudquaquat

346 3438 451 3502 locum
468 3439 573 3512 hahet,
589 3436 634 3501 ita
648 3448 683 3500 ut
698 3437 805 3522 potius
817 3436 849 3499 in
866 3457 905 3500 ca
921 3436 1120 3520 praeclaram
1130 3432 1314 3499 facultatem
1325 3435 1395 3500 veri
1411 3457 1449 3501 ac
1465 3444 1525 3501 recl

346 3547 460 3610 adesse
478 3566 726 3633 cognoscamus,
743 3546 875 3630 ejusque
890 3544 1048 3608 facultatis
1062 3566 1122 3608 usu
1136 3542 1270 3607 naturali
1287 3543 1423 3630 aliquam
1434 3545 1524 3611 salter

346 3677 501 3721 summam
515 3655 684 3720 veritatum
700 3675 738 3719 ac
753 3654 904 3718 virtutum
921 3653 1015 3719 nobis
1033 3675 1222 3738 comparare
1239 3654 1415 3739 possimus.

454 3765 591 3829 Altera
613 3763 814 3828 sententia
838 3775 889 3827 est
912 3762 1092 3828 communis
1115 3761 1335 3847 posteriorum
1359 3763 1525 3830 Luthera

346 3895 481 3938 norum
497 3886 529 3937 et
546 3872 880 3948 Calvinistarum‚
905 3872 958 3959 qui
975 3884 1125 3937 asserunt
1140 3884 1307 3958 peccatum
1325 3871 1483 3962 originale
1498 3869 1525 3937 ni

455 4111 478 4193 ¹)
496 4113 587 4191 Conf.
610 4112 687 4190 Anp.
703 4115 742 4177 P.
759 4115 787 4177 1.
805 4120 863 4178 art.
881 4117 910 4178 2.
933 4115 999 4176 LL.
1016 4115 1110 4190 spond.
1126 4114 1211 4178 Ecci.
1229 4114 1353 4176 hallu.
1384 4112 1422 4173 L.
1447 4109 1525 4177 184't

345 4203 382 4262 P.
402 4200 430 4263 l.
453 4223 483 4282 p.
508 4200 558 4268 13.
581 4224 605 4268 s.
628 4205 754 4280 Apolop.
771 4223 796 4268 c.
813 4207 842 4268 1.
859 4211 916 4266 art.
934 4207 963 4269 2.
979 4204 1027 4266 Ib.
1043 4225 1073 4283 p.
1090 4198 1134 4265 55
1154 4224 1194 4268 ss.
1210 4207 1314 4268 Fortu.
1340 4205 1525 4270 &onomat

346 4296 375 4357 l.
393 4313 417 4354 c.
436 4295 464 4358 t.
481 4293 527 4354 Ib.
549 4295 585 4356 P.
608 4292 638 4358 3.
655 4317 685 4374 p.
702 4291 746 4356 20
763 4315 787 4354 s.
805 4297 844 4359 P.
861 4298 890 4356 2.
909 4314 932 4359 c.
958 4298 986 4355 1.
1003 4296 1040 4358 P.
1062 4294 1093 4357 3.
1114 4315 1143 4373 p.
1171 4293 1214 4356 83
1248 4315 1288 4356 ss.
1314 4297 1354 4358 P.
1376 4297 1448 4361 Lo.
1470 4299 1525 4375 21

345 4379 389 4445 25
424 4403 465 4443 ss.
487 4387 526 4448 P.
547 4389 576 4444 2.
595 4407 619 4446 c.
644 4389 674 4446 2.
690 4407 720 4465 p.
738 4383 781 4448 98
804 4407 845 4449 ss.
867 4386 1016 4446 Luther.
1038 4386 1072 4445 in
1099 4387 1155 4450 Pa.
1181 4388 1231 4450 50.
1252 4388 1365 4445 Foetus
1387 4386 1423 4445 in
1447 4393 1525 4446 mero

345 4482 503 4550 uunquam
530 4477 687 4536 nascimur
717 4483 745 4535 et
770 4476 904 4536 ltornines
930 4496 994 4536 esso
1021 4476 1202 4552 incipimus,
1228 4483 1386 4551 peccalum
1417 4484 1470 4540 est.
1500 4511 1525 4522 -

348 4565 429 4647 2)Of.
453 4566 648 4646 Angustia.
668 4565 757 4645 Oonf
775 4569 795 4631 l.
824 4570 852 4629 t.
870 4587 893 4628 c.
921 4571 970 4629 12.
992 4588 1023 4630 n.
1050 4571 1098 4630 18.
1124 4565 1202 4649 Opp.
1229 4569 1268 4628 Τ.
1299 4564 1327 4629 l.
1351 4588 1375 4629 c.
1402 4565 1477 4634 140.
1500 4602 1525 4613 -

348 4654 373 4732 ³)
390 4656 482 4718 Joan.
502 4655 531 4729 l,
548 4655 579 4718 3.
597 4692 640 4703 —
658 4655 685 4736 ⁴)
705 4655 734 4719 1.
756 4658 833 4719 Tim.
851 4655 881 4731 4,
898 4655 929 4720 4.
948 4693 989 4704 -
1008 4657 1034 4738 ⁶)
1050 4661 1139 4722 Rom.
1151 4657 1180 4733 8,
1204 4656 1232 4720 1.
1254 4655 1375 4721 9-10.
1401 4655 1525 4721 14-Ῑῖ

345 4744 376 4827 6,
393 4744 414 4808 3
430 4768 470 4812 ss.
488 4747 563 4810 001.
581 4745 611 4820 3,
632 4747 646 4810 l
666 4769 707 4810 ss.
724 4748 858 4829 Ephes.
874 4745 905 4823 4,
923 4746 976 4811 23.
995 4749 1062 4813 Gal.
1080 4747 1161 4829 336
1178 4771 1202 4812 s.
1219 4785 1263 4796 -
1282 4748 1309 4828 ⁸)
1327 4747 1525 4814 (lona‘l'rit'

345 4836 425 4901 Saos.
442 4840 471 4900 5.
490 4841 570 4898 decr.
595 4842 631 4898 dc
645 4859 725 4918 pecc.
748 4839 826 4916 orip.
843 4841 871 4899 5.
