3775 5625
349 435 414 511 164

347 623 454 695 potest
470 629 545 674 esse
561 607 689 681 dubius;
715 628 810 693 quum
827 607 878 671 bic
894 610 928 672 S.
945 608 1070 673 Doctor
1087 618 1197 691 aperte
1214 618 1355 680 asserat,
1379 603 1414 670 Β.
1433 599 1535 692 Virgi

347 740 419 783 nem
439 718 644 804 impotentiae
670 717 783 782 morab
806 718 912 781 omnia
934 731 967 783 et
988 718 1114 806 singula
1137 716 1257 780 vitandi
1277 727 1426 800 peccate,
1461 733 1535 800 quat

347 829 493 894 omnibus
515 828 695 893 hominibus
717 828 817 902 inest,
849 828 1023 892 obnoxiam
1048 829 1130 892 haud
1163 826 1278 901 tuisse,
1310 825 1401 909 cujus
1435 835 1535 887 temer

346 959 476 1004 causam
492 938 564 1003 alibi
575 940 598 1017 ¹)
615 937 647 1002 in
664 950 798 1023 peccato
816 936 966 1025 originali
983 937 1076 1002 sitam
1094 957 1167 1002 esse
1186 937 1289 1001 docet.
1306 936 1349 999 Et
1365 955 1464 1020 quum
1479 933 1502 997 J
1508 953 1535 996 α·

346 1047 469 1113 lienus
486 1048 515 1112 ei
532 1048 703 1132 objiceret,
727 1047 813 1111 ilium
829 1054 953 1127 ipsam
969 1050 1142 1111 Mariam
1164 1051 1324 1110 diabolo
1341 1049 1535 1107 noscenda

346 1165 579 1223 conditione
610 1164 913 1239 transcribere,
954 1158 1147 1242 respondet:
1192 1158 1284 1220 Non
1333 1157 1535 1218 transari-

346 1274 473 1331 bimur
495 1269 669 1331 Mariam
690 1273 853 1330 diabalo
875 1274 1115 1331 conditione
1136 1270 1352 1343 nascendi;
1375 1271 1434 1327 eea
1454 1269 1535 1344 ideo,

345 1383 423 1457 auia
444 1383 517 1458 ipsa
537 1383 678 1440 conditio
703 1382 844 1439 coicitur
870 1382 981 1455 qratia
1003 1381 1210 1457 renascendi,
1239 1374 1259 1439 i.
1280 1394 1307 1438 e.
1330 1372 1451 1461 gratia,
1482 1392 1535 1458 qm

345 1506 409 1548 non
429 1497 621 1569 peccatores
641 1484 855 1559 renascimur,
880 1504 899 1547 a
925 1484 1068 1569 peccatis
1091 1482 1267 1554 contractis
1294 1481 1483 1557 liberamur,
1506 1481 1535 1546 Β.

344 1592 466 1681 Virgo
483 1606 589 1658 eutem
605 1614 624 1657 a
640 1605 774 1677 peccato
792 1593 1010 1681 contrahendo
1028 1593 1188 1658 custodita
1204 1596 1299 1672 θεῖ’).
1319 1593 1412 1656 Hunc
1428 1611 1535 1655 verum

344 1723 419 1767 esse
442 1723 574 1767 sensum
603 1703 776 1766 verborum
803 1700 929 1765 illorum
956 1714 1044 1787 petet
1068 1723 1111 1766 ex
1134 1714 1302 1774 contextu;
1327 1721 1401 1765 nam
1429 1699 1535 1764 imma·

346 1811 428 1876 diete
451 1813 647 1897 praecedunt
665 1812 783 1876 verba:
809 1814 886 1874 Non
909 1818 981 1876 dica
997 1835 1056 1876 nea
1070 1835 1130 1893 per
1142 1818 1284 1893 pratiam
1300 1815 1448 1874 bominac
1464 1816 1535 1874 libe

345 1929 438 2002 rari,·
455 1930 543 2003 quod
557 1928 640 1984 abrit
655 1935 692 1984 ut
706 1927 793 1984 αίααι
806 1925 1017 1984 Ambrosius:
1042 1929 1099 1984 sed
1113 1930 1281 2002 puerinon
1297 1926 1365 2001 oie,
1389 1925 1535 2001 dicimus,

344 2053 411 2095 non
426 2038 492 2095 niti
505 2053 565 2111 per
584 2037 728 2109 qratiam
744 2036 895 2105 liberari,
915 2052 982 2093 non
998 2039 1103 2094 solum
1119 2044 1156 2095 ut
1170 2037 1218 2093 eis
1242 2035 1347 2095 debita
1369 2036 1535 2094 dimittan-

346 2153 421 2223 tur,
439 2162 550 2204 verum
570 2147 666 2205 etiam
686 2162 733 2201 ne
754 2146 796 2202 in
817 2146 1079 2204 tentationem
1101 2144 1352 2216 inferuntur.
1383 2140 1427 2204 Et
1442 2138 1535 2223 Eph-

346 2270 448 2314 raem
464 2252 584 2335 Syrus
608 2247 740 2314 scribit:
764 2251 907 2312 Domina
921 2271 991 2313 mea
1008 2256 1213 2315 sanctissima
1228 2252 1292 2313 Dei
1311 2249 1489 2332 Genitria,
1510 2269 1535 2310 e·

340 2366 452 2440 pratia
471 2366 580 2442 plena,
599 2398 642 2408 -
660 2371 728 2423 tota
740 2380 844 2439 pura,
863 2370 949 2422 tota
966 2365 1242 2435 immaculata,
1260 2372 1344 2424 totu
1359 2362 1535 2423 ittitata

343 2482 430 2534 tata
452 2474 690 2551 impolluta,
720 2507 764 2515 —
787 2481 855 2533 tota
878 2474 1071 2550 incorrupta
1093 2508 1137 2517 -
1165 2472 1264 2549 Virqo
1282 2474 1390 2533 anima
1415 2481 1447 2532 et
1462 2489 1535 2532 cor·

339 2601 438 2660 pare,
466 2581 682 2643 Cherubim
702 2599 746 2642 aa
769 2579 990 2658 Seraphim
1012 2585 1101 2642 sine
1123 2586 1208 2643 uita
1229 2584 1515 2659 eomparation

343 2693 551 2770 superior,
570 2710 616 2751 aa
632 2695 750 2767 lonae
763 2694 1049 2767 αἱανίααίανί).
1073 2692 1176 2774 Atque
1193 2688 1325 2754 iterum:
1350 2692 1448 2752 Duae
1460 2692 1535 2764 fae

342 2803 449 2860 minae
476 2802 716 2862 innocentia
739 2811 777 2862 et
797 2805 1071 2880 simplicitate
1096 2804 1302 2882 floruerunt,
1335 2800 1477 2863 Maria
1503 2820 1535 2860 a

344 2910 448 2990 an,
467 2915 571 2972 altera
586 2914 717 2990 calatis,
736 2916 841 2972 altera
856 2922 990 2973 nostrae
1005 2917 1121 2974 mortis
1137 2917 1227 2990 ariao
1242 2914 1321 2986 fuit.
1345 2948 1387 2955 -
1405 2910 1481 3009 an
1496 2929 1535 2970 e.

344 3039 407 3098 auo
424 3024 660 3097 simplicitatem
676 3042 696 3081 a
709 3025 884 3097 prudentia
897 3026 1065 3095 discrevit,
1078 3028 1178 3101 plane
1188 3026 1348 3101 desipuit5
1366 3023 1476 3083 Μανία
1491 3041 1535 3082 a:

341 3133 469 3205 pienter
487 3133 691 3203 prudentiam
713 3134 850 3191 credidit
869 3151 940 3192 erse
956 3136 1055 3193 salem
1071 3143 1102 3194 et
1117 3136 1353 3194 condimentum
1381 3131 1535 3206 simplici

344 3240 467 3317 ratim).
485 3239 587 3301 -Ex
603 3256 703 3302 saec.
719 3239 757 3302 V.
765 3238 929 3302 laudamus
947 3240 1187 3303 Theodotum
1204 3242 1420 3324 Ancyranum,
1436 3237 1535 3324 quin

345 3348 383 3410 de
401 3350 434 3411 S.
450 3347 551 3412 Maria
566 3346 804 3435 Deigenitrice:
826 3350 924 3428 Virqo
948 3355 1119 3425 innocens,
1136 3355 1224 3412 sine
1239 3352 1414 3423 macula,
1437 3365 1535 3411 amm

346 3464 644 3538 culpavacans,
670 3464 925 3532 intemerata,
950 3465 1178 3540 impolluta,
1197 3471 1335 3523 sancta
1358 3464 1535 3521 animae

346 3571 1514 3648 corporesicutliliurnintermediasspinarqerminane,no

346 3683 462 3738 docta
478 3676 588 3737 Erae
603 3675 751 3752 ma1a⁵).
785 3674 910 3739 Clarius
928 3677 1030 3739 adhuc
1047 3675 1185 3760 ioquitrrr
1204 3676 1407 3751 Maximum
1433 3675 1514 3761 Epis

348 3782 572 3857 TeurinensiS,
596 3782 649 3868 qui
665 3783 792 3847 scribit:
816 3788 927 3849 Natus
942 3792 1044 3864 ipitur
1057 3808 1142 3865 puer
1156 3792 1292 3865 panitur
1308 3792 1344 3848 in
1356 3790 1535 3866 praecepi·

347 3895 472 3956 ethaeo
488 3904 565 3956 eunt
579 3896 643 3955 Dei
655 3899 764 3973 prima
780 3901 949 3957 cunabula.
966 3896 1037 3956 Nea
1053 3906 1207 3973 regnator
1224 3901 1307 3957 coeii
1318 3899 1380 3958 Ιιαε
1397 3901 1535 3975 indicna

349 4016 404 4065 tur
423 4008 607 4081 annuntiat,
628 4009 683 4066 cui
703 4007 921 4067 babitaculum
939 4007 1011 4078 fuit
1038 4009 1208 4083 airyineur
1233 4019 1353 4069 center.
1387 4008 1535 4070 leonata

347 4121 444 4192 plane
459 4115 574 4176 Maria
592 4113 725 4177 Christo
743 4118 981 4194 babitaculum,
1006 4136 1073 4176 non
1085 4137 1147 4194 pro
1165 4119 1278 4179 babitu
1294 4123 1461 4195 corporis,
1491 4136 1535 4178 a·

347 4243 420 4303 pro
441 4229 579 4302 qratia
600 4229 843 4303 oriqina1i⁶).
867 4224 1037 4287 Psellus:
1068 4227 1161 4297 Inter
1182 4237 1229 4289 tot
1260 4231 1404 4308 animas,
1429 4216 1535 4311 inqui

443 4407 469 4485 ¹)
488 4407 573 4468 Oont.
591 4407 709 4469 Julian.
736 4410 812 4473 t.·5.
835 4429 859 4470 α.
881 4410 910 4469 9.
927 4429 957 4467 n.
975 4411 1025 4471 36.
1049 4429 1073 4470 c.
1096 4406 1172 4473 647.
1194 4445 1235 4454 -
1254 4411 1281 4487 ²)
1308 4409 1400 4486 Oper.
1422 4409 1535 4485 impe!

351 4506 428 4562 cant.
443 4499 563 4563 Julian.
579 4500 598 4558 l.
616 4503 646 4559 4.
663 4520 688 4559 α.
707 4503 776 4560 122.
795 4499 875 4579 Opp.
892 4500 930 4558 T.
950 4496 1002 4565 10.
1020 4520 1045 4558 e.
1072 4497 1157 4560 1207
1177 4522 1201 4560 s.
1220 4537 1260 4545 —
1279 4503 1306 4578 ³)
1327 4501 1379 4561 Or.
1407 4503 1449 4560 ad
1469 4503 1535 4560 1)-

349 4609 419 4664 par.
438 4588 516 4670 Opp.
541 4610 588 4668 gr.
609 4591 631 4656 l.
654 4592 693 4650 T.
715 4587 746 4652 3.
771 4612 803 4670 p.
827 4587 903 4654 528.
922 4589 969 4655 cf.
993 4593 1133 4653 Praecat.
1153 4596 1181 4653 1.
1199 4600 1227 4651 et
1240 4595 1270 4654 2.
1287 4592 1334 4654 Ib.
1350 4612 1384 4670 p.
1400 4588 1477 4656 524.
1501 4620 1535 4638 α

353 4675 378 4760 ⁴)
395 4680 491 4741 Sarra.
510 4700 590 4756 anea.
607 4681 641 4740 in
659 4681 735 4745 Gen.
751 4685 782 4752 3,
801 4684 828 4742 6.
846 4679 925 4760 Opp.
948 4702 972 4740 e.
989 4682 1010 4741 1.
1029 4677 1068 4744 T.
1087 4679 1117 4742 2.
1135 4704 1164 4762 p.
1182 4679 1256 4745 327.
1275 4719 1317 4728 -—
1342 4681 1368 4765 ⁵)
1393 4684 1447 4744 Or.
1463 4683 1497 4742 in

352 4773 433 4832 Mar.
449 4773 537 4848 Deip.
558 4771 619 4852 Ap.
642 4771 811 4833 Galland.
838 4773 876 4837 T.
899 4771 929 4834 9.
952 4794 982 4852 p.
999 4769 1075 4836 475.
1094 4809 1135 4817 —
1156 4769 1180 4858 6)
1200 4777 1288 4834 Hom.
1310 4777 1339 4836 5.
1357 4782 1426 4835 ante
1448 4781 1535 4834 natet

352 4865 441 4922 Dora.
460 4862 540 4943 Opp.
555 4863 644 4930 Rom.
665 4858 760 4926 1784.
776 4885 807 4943 p.
826 4860 878 4928 18.
