3775 5625
1444 448 1512 515 435

326 616 444 680 nulium
461 614 568 679 locum
584 615 679 679 habet
699 612 823 699 justitia
845 612 965 679 Christi
980 613 1144 696 imputata,
1161 614 1218 676 sed
1235 613 1305 677 sola
1316 611 1441 697 justitia
1457 635 1512 676 no-

326 724 374 790 bis
396 725 590 799 inhaerenS,
622 746 679 808 per
701 744 794 809 quam
814 722 896 787 ratio
917 723 992 786 vitia
1014 721 1148 808 subigit,
1169 733 1201 785 et
1215 723 1285 786 Deo
1302 722 1515 786 obedientiam

326 846 477 918 praestat.

440 944 476 1005 Ο.
509 942 668 1026 idipsum
694 954 799 1006 autern
821 940 942 1015 statuit,
968 952 1000 1005 et
1016 953 1157 1005 statuere
1180 942 1274 1005 debet
1297 961 1375 1005 sana
1392 962 1516 1026 quoque

326 1051 422 1125 ratio,
439 1072 497 1134 per
512 1049 608 1116 fidem
625 1050 789 1115 illustrata.
812 1049 941 1115 Etenim
957 1070 1132 1125 assumere,
1151 1064 1184 1113 ut
1200 1050 1376 1115 adversarii
1388 1050 1516 1124 faciunt,

326 1161 506 1236 bominem,
539 1160 591 1246 qui
611 1181 687 1225 vere
708 1161 833 1225 interne
856 1160 994 1245 injustus
1020 1173 1088 1235 est,
1120 1173 1152 1223 et
1167 1159 1304 1245 injustus
1321 1182 1395 1225 esse
1413 1161 1517 1234 debet,

326 1282 461 1355 propter
477 1282 643 1354 peceatum
667 1270 875 1335 substantiale
896 1269 959 1355 ipsi
982 1270 1166 1344 inhaerens,
1187 1269 1280 1334 simui
1298 1291 1372 1335 esse
1384 1272 1518 1355 justum,

326 1379 401 1465 pria
415 1379 504 1444 Deus
515 1378 673 1464 justitiam
689 1379 808 1445 Christi
826 1378 855 1444 ei
872 1391 1005 1443 externe
1021 1378 1163 1463 imputat,
1179 1392 1212 1443 et
1227 1401 1298 1443 eum
1315 1379 1381 1453 sie,
1393 1377 1520 1463 justitia

326 1487 433 1554 aliena
463 1489 555 1573 quasi
587 1501 721 1563 tectum,
753 1510 812 1573 pro
836 1490 926 1573 justo
948 1488 1056 1562 habet,
1078 1500 1187 1572 aperte
1203 1487 1374 1562 insulsum,
1405 1488 1470 1551 irno
1487 1488 1519 1551 in

326 1598 434 1662 Deum
454 1597 673 1681 blasphemum
696 1610 755 1661 est.
795 1597 875 1660 Nam
892 1601 981 1680 quod
994 1620 1082 1661 uuus
1094 1620 1157 1678 pro
1175 1601 1241 1660 atto
1259 1602 1467 1677 satisfaciat,
1486 1607 1520 1658 ut

327 1709 416 1771 bene
444 1705 580 1769 advertit
606 1706 699 1770 Card.
722 1706 1003 1781 bellarminus,
1023 1710 1127 1787 faetta
1146 1716 1256 1779 potest
1268 1709 1419 1789 intentet,
1435 1709 1523 1788 quod

326 1825 437 1881 nuum
453 1837 540 1879 unus
554 1823 724 1895 sitjustus
731 1863 742 1895 ,
765 1824 842 1899 quio
859 1820 947 1879 otius
964 1826 1016 1879 est
1023 1822 1155 1897 justus,
1176 1826 1226 1880 est
1242 1824 1370 1880 omuino
1386 1820 1521 1881 iuuudr'·

326 1935 406 2001 tum,
425 1935 459 1988 et
472 1949 538 1989 non
554 1936 620 1989 tum
636 1948 751 2007 supro,
774 1949 872 2009 quum
889 1936 1006 1990 eontra
1023 1949 1148 1989 omnem
1164 1935 1325 1990 rationem
1336 1928 1370 2005 ¹).
1411 1926 1521 2010 Neque

326 2035 524 2099 sententiam
545 2037 665 2101 hancce
687 2057 726 2100 eo
748 2034 922 2123 effugiunt,
940 2039 1023 2122 quod
1040 2049 1190 2113 statuant,
1208 2059 1280 2102 cum
1291 2034 1523 2121 justificatione

326 2143 520 2209 necessario
552 2142 840 2209 sanctificationem
862 2165 920 2208 sen
942 2144 1182 2209 renovationem
1206 2144 1374 2231 conjungi,
1390 2155 1422 2207 et
1438 2143 1523 2207 illam

326 2256 364 2320 ab
384 2254 448 2317 hae
464 2275 601 2337 prorsus
619 2276 682 2318 non
699 2275 796 2338 posse
814 2254 967 2337 separari.
1006 2254 1086 2318 Nam
1113 2276 1207 2339 quum
1224 2275 1267 2318 ex
1282 2253 1416 2317 articulo
1434 2255 1471 2317 de
1488 2252 1522 2315 li-

326 2366 411 2428 bero
430 2361 563 2426 arbitrio
581 2362 710 2426 omnino
728 2385 785 2447 per
807 2375 973 2446 peecatum
996 2362 1133 2447 primum
1156 2364 1279 2426 sublato
1300 2352 1341 2428 ¹ac
1363 2362 1523 2427 exstineto

326 2471 508 2537 secundum
525 2484 666 2555 systema
681 2472 931 2536 Protestantinm
948 2470 1029 2535 fides
1040 2470 1238 2556 justificans,
1256 2492 1334 2557 quae
1359 2483 1409 2535 est
1424 2482 1525 2535 mater

326 2592 356 2645 et
375 2579 455 2643 fons
472 2580 631 2644 bonorum
648 2585 829 2665 operum2),
861 2580 955 2644 nnius
977 2602 1015 2645 ac
1036 2580 1137 2645 solius
1161 2580 1301 2665 Spiritus
1318 2584 1351 2643 S.
1371 2602 1451 2665 opus
1468 2579 1524 2644 sit:

326 2688 437 2753 >mnis
454 2701 565 2753 nostra
581 2689 792 2754 sanctificatio
814 2711 856 2755 ex
877 2691 940 2754 hoc
967 2702 1143 2774 systemate
1159 2690 1294 2775 pariter,
1311 2690 1356 2755 nti
1367 2689 1523 2775 justifica·

326 2798 384 2873 io,
404 2811 539 2862 externa
555 2813 615 2873 est,
633 2820 711 2886 quae
729 2799 855 2885 quidem
875 2799 906 2863 in
934 2800 1077 2874 homine,
1093 2801 1143 2864 rel
1162 2822 1232 2864 eum
1249 2799 1387 2875 homine,
1406 2822 1523 2864 conen·

326 2907 490 2994 piscantia
511 2907 647 2982 seilicet,
669 2921 803 2992 peceato
825 2909 857 2972 in
881 2921 994 2973 natura
1010 2922 1122 2973 nostra
1138 2908 1341 2983 inhaerente,
1359 2922 1521 2993 operatur,

326 3031 354 3083 rt
373 3037 577 3102 nequaquam
593 3030 643 3081 est
659 3039 736 3082 vera
752 3031 784 3082 et
801 3018 929 3102 propria
945 3018 1094 3093 hominis,
1107 3018 1151 3082 ita
1163 3031 1285 3103 utquae
1303 3017 1354 3082 hic
1372 3019 1441 3102 ejus
1461 3040 1523 3102 ope
1573 3022 1578 3031 ’
1611 3020 1613 3023 ’

326 3138 487 3213 operetur
508 3128 606 3201 bona,
628 3149 692 3190 non
713 3140 834 3191 tantum
851 3127 916 3192 sint.
931 3128 1071 3212 Spiritus
1089 3133 1139 3202 S.,
1162 3130 1220 3192 sed
1236 3140 1268 3191 et
1284 3127 1376 3191 simul
1392 3126 1524 3213 propria

327 3237 434 3324 ipsius
452 3258 558 3320 opera.
583 3238 672 3300 Unde
689 3250 721 3301 et
732 3237 899 3322 justificati
915 3259 954 3302 ae
969 3239 1071 3303 renati
1089 3239 1263 3302 seeundum
1273 3236 1523 3300 protestantium

326 3345 510 3414 ioctrinam
542 3346 669 3410 minime
702 3359 834 3431 propter
858 3347 1160 3422 sanctificationem,
1185 3367 1264 3432 quae
1287 3345 1366 3430 ipsis
1383 3345 1474 3419 insit,
1492 3357 1525 3408 et

326 3475 417 3523 rona
434 3477 533 3539 opera
564 3454 635 3519 inde
658 3469 765 3530 enata,
781 3457 849 3520 Deo
867 3457 1057 3543 probantur,
1083 3458 1140 3520 sed
1158 3457 1359 3520 solummodo
1377 3455 1449 3540 quia
1466 3476 1523 3539 per

326 3567 427 3634 idem
460 3577 592 3649 propter
625 3565 836 3629 obedientiam
868 3579 960 3652 atque
978 3565 1136 3651 justitiam
1158 3565 1276 3632 Christi
1298 3563 1373 3630 boni
1395 3585 1432 3628 ac
1443 3563 1524 3649 justi

326 3674 577 3762 pronuntiantur
594 3687 626 3737 et
641 3655 872 3758 reputantem).

326 3972 432 4033 Serm.
451 3969 499 4028 95.
517 3988 541 4026 e.
560 3971 588 4026 6.
621 3968 700 4048 Opp.
717 3989 746 4047 p.
767 3965 840 4029 183.
874 3967 1024 4047 Gregor.
1057 3970 1099 4033 Μ.
1115 3972 1193 4030 Mor.
1211 3972 1230 4030 t.
1250 3975 1298 4030 18.
1316 3991 1340 4029 o.
1356 3973 1406 4032 49.
1423 3990 1453 4032 n..
1471 3974 1520 4032 81.

326 4060 415 4140 Opp.
433 4054 472 4118 Τ.
492 4056 520 4117 1.
537 4079 561 4117 e.
580 4054 655 4120 596.

448 4148 470 4224 ¹)
480 4152 531 4207 De
538 4149 645 4227 justif.
662 4151 681 4207 t.
699 4153 727 4209 2.
745 4169 769 4208 e.
788 4153 836 4208 11.
853 4171 883 4208 n.
901 4154 930 4210 8.
947 4155 997 4209 De
1013 4158 1142 4230 eontrov.
1163 4151 1404 4230 Ohr.fid.P1·ag.
1424 4149 1520 4214 1721.

327 4237 368 4305 Τ.
388 4237 423 4303 4.
440 4260 472 4318 p.
489 4236 565 4300 470.
598 4239 643 4300 Cf.
675 4241 797 4301 Thom.
825 4244 852 4299 1.
879 4237 910 4300 2.
928 4261 956 4316 q.
983 4244 1052 4302 113.
1079 4249 1136 4301 att.
1163 4247 1192 4306 2.
1226 4241 1306 4321 Opp.
1327 4243 1367 4305 tir.
1402 4239 1439 4303 T.
1467 4241 1519 4303 21.

327 4351 357 4412 p.
379 4327 449 4392 635
467 4351 491 4390 s.
509 4366 552 4376 -
569 4332 595 4410 ²)
613 4330 656 4392 Of.
668 4333 771 4391 Form.
782 4334 920 4390 concord.
937 4334 975 4390 P.
993 4335 1020 4392 2.
1040 4353 1064 4392 o.
1082 4336 1110 4392 4.
1128 4354 1157 4396 u.
1176 4336 1224 4393 10.
1238 4336 1302 4393 LL.
1320 4337 1413 4408 symb.
1426 4336 1464 4397 Ε.
1483 4337 1519 4391 L.

327 4422 366 4484 L.
389 4417 489 4483 1847.
507 4421 543 4485 P.
561 4419 590 4482 3.
607 4443 636 4501 p.
656 4418 729 4483 137.
749 4457 790 4465 —-
808 4423 835 4498 ³)
852 4425 955 4482 Form.
975 4423 1121 4484 Concord.
1147 4425 1186 4485 P.
1204 4428 1232 4484 2.
1250 4445 1273 4485 o.
1290 4427 1319 4485 3.
1336 4445 1365 4485 n.
1384 4427 1519 4484 19-24.

332 4513 520 4575 Vocabulum
550 4532 589 4571 re
596 4513 852 4590 generationis
872 4513 1023 4573 interdum
1044 4514 1127 4573 ineo
1143 4534 1233 4573 sensu
1249 4515 1414 4591 accipitur,
1431 4522 1465 4573 ut
1479 4515 1517 4571 si-

327 4606 398 4666 mul
414 4609 443 4661 et
455 4602 661 4662 remissionem
676 4610 863 4680 peecatorum
881 4605 972 4680 (quae
988 4608 1137 4664 duutoaeot
1144 4607 1269 4682 propter
1282 4606 1436 4665 Christum
1452 4626 1519 4663 oon-

327 4693 442 4771 stopie)
465 4700 492 4752 et
510 4697 730 4770 subsequentem
751 4695 970 4754 renovationem
985 4699 1210 4774 complectemur,
1228 4717 1316 4772 quom
1332 4697 1470 4773 Spiritus
1486 4696 1519 4762 S.

326 4784 366 4847 in
382 4785 460 4854 illis,
477 4784 530 4860 qui
540 4804 598 4859 per
607 4785 700 4861 fidem
713 4785 877 4864 justificati
897 4794 975 4857 suut,
992 4795 1150 4862 operatum·
1174 4791 1351 4864 quandoque
1367 4787 1455 4846 etiam
1471 4808 1522 4847 so·-

326 4874 397 4939 lom
413 4875 620 4937 tutissimum
634 4883 823 4956 peccatorum
839 4885 867 4936 et
881 4877 1069 4954 amionem
1085 4879 1119 4939 in
1127 4877 1214 4956 filios
1229 4879 1294 4940 Dei
1308 4877 1516 4956 siginificat.-

1197 4987 1258 5054 28*
