3775 5625
1478 436 1544 503 349

354 622 412 682 qno
446 612 589 664 naturam
620 604 755 670 referat,
789 603 857 661 dum
885 602 991 662 schola
1012 602 1171 662 recentior
1196 622 1263 661 eam
1289 604 1386 662 solius
1418 605 1548 663 bominis

355 712 478 772 christi
495 732 566 772 esse
585 714 803 792 contendebat,
827 731 904 789 quae
926 730 1061 787 eousque
1084 712 1115 770 in
1134 730 1190 770 sua
1207 713 1361 771 sententia
1376 732 1549 793 progressa

353 832 413 893 est,
430 832 465 882 nt
483 832 682 883 asseveraret
699 832 809 883 contra
827 821 997 881 doctrinam
1020 822 1194 881 clarissime
1216 821 1247 879 in
1266 823 1327 883 SS.
1346 823 1475 882 Litteris
1497 843 1548 883 ex·

350 927 542 1014 pressam¹)‚
575 932 734 990 Christum
755 949 814 989 non
836 950 875 989 ex
897 931 1023 989 decreto
1050 930 1150 988 divino
1173 940 1302 990 mortem
1326 932 1476 1004 subiisse,
1494 933 1548 991 sed

350 1040 434 1101 hanc
461 1059 479 1099 a
500 1040 576 1099 solis
609 1040 748 1099 externis
770 1040 1013 1099 circumstantiis
1030 1058 1100 1097 esse
1118 1040 1324 1115 repetendam.
1364 1040 1479 1114 Quodsi
1496 1062 1548 1101 au·

349 1162 415 1211 tem
433 1169 517 1209 mors
535 1150 653 1209 christi
670 1167 728 1208 non
747 1159 814 1208 erat
831 1169 870 1207 ex
886 1151 1013 1210 decreto
1031 1149 1132 1208 divino
1148 1149 1348 1220 necessaria,
1374 1159 1465 1227 atque
1481 1152 1548 1227 ipse

349 1278 420 1318 eam
452 1278 512 1317 non
545 1259 726 1328 declinavit,
760 1278 849 1335 quam
869 1266 972 1319 tamen
1000 1257 1145 1316 facillime
1163 1259 1320 1317 declinare
1338 1268 1475 1334 poterat,
1496 1260 1548 1334 τῆς

348 1360 538 1444 αὐτοχειρίας
568 1369 757 1428 incusandus
789 1387 859 1427 esse
877 1369 1018 1447 videtur,
1051 1369 1128 1445 quod
1154 1386 1243 1443 quam
1266 1368 1309 1426 sit
1331 1369 1547 1444 impietatisin

347 1474 454 1534 Deum
472 1509 483 1522 ·
500 1477 653 1537 bominem
670 1480 802 1555 plenum,
818 1497 906 1537 nemo
924 1496 984 1536 non
1001 1487 1110 1554 sponte
1128 1496 1184 1536 sua
1199 1478 1357 1555 intelligit.

759 1741 784 1824 §.
804 1738 869 1808 71.
887 1736 1152 1809 conclusio,

462 1941 599 2024 Propter
631 1939 824 2004 sacrificium
855 1939 1114 2025 propitiatorium
1136 1962 1154 2003 a
1179 1939 1307 2004 Christo
1329 1938 1467 2003 Domino
1490 1961 1548 2023 pro

348 2046 448 2113 nobis
464 2047 497 2112 in
515 2070 611 2114 cruce
629 2050 778 2126 oblatum,
795 2048 865 2134 ipse
876 2052 950 2135 jure
968 2062 1080 2113 noster
1096 2050 1201 2112 Rede
1212 2060 1328 2122 mtor,
1350 2047 1548 2111 Mediator

352 2180 391 2223 ac
408 2159 595 2221 Salvator
613 2159 786 2242 adpellatur
803 2171 835 2222 et
852 2171 911 2223 est.

461 2266 590 2330 Etenim
607 2290 678 2331 cum
689 2268 836 2333 Christus
850 2269 1008 2332 Dominus
1025 2288 1146 2352 poenas
1163 2266 1305 2350 peccatis
1322 2265 1444 2330 nostris
1460 2266 1546 2330 debi-

351 2388 402 2441 tas
428 2374 624 2441 cruciatibus
646 2399 683 2441 ac
705 2389 809 2441 morte
833 2398 891 2441 sua
912 2376 1062 2451 exsolvit,
1088 2374 1152 2439 virt
1169 2373 1228 2440 suai
1244 2373 1351 2460 positi
1366 2375 1464 2439 finem
1481 2375 1547 2438 diu·

352 2499 467 2551 turnae
499 2485 663 2551 servitutis
689 2487 783 2551 nobis
805 2487 920 2562 attulit,
943 2500 1036 2573 atque
1053 2486 1235 2549 facultatem
1251 2487 1387 2549 salutem
1404 2485 1548 2549 sectandi

350 2594 507 2667 restituit;
534 2595 670 2682 aliquem
691 2608 797 2660 autem
812 2618 830 2661 e
847 2596 1001 2661 servitute
1024 2591 1122 2674 λύτρῳ
1144 2596 1249 2659 soluto
1278 2595 1425 2669 liberare,
1447 2594 1547 2658 redi·

349 2725 457 2769 mere
475 2717 541 2768 est:
561 2716 649 2769 recte
666 2726 737 2769 nos
755 2726 823 2769 sua
839 2705 1027 2791 passione
1051 2725 1094 2767 ae
1115 2716 1242 2768 morte
1266 2704 1484 2769 redemisse
1502 2703 1546 2765 di·

348 2814 443 2879 citur.
463 2814 664 2900 Quapropter
681 2828 713 2878 et
728 2817 751 2878 P
764 2828 887 2879 etrus:
906 2816 1069 2894 Scientes,
1088 2813 1143 2893 ait,
1162 2819 1252 2898 qnod
1264 2837 1331 2877 non
1346 2819 1547 2896 corruptibi-

346 2912 437 2988 lteris
456 2947 554 3004 auro,
572 2928 625 2988 vel
639 2935 773 3004 arpento
792 2931 962 2988 redemti
983 2931 1063 2987 estis
1080 2928 1118 2985 de
1133 2947 1220 2986 vana
1236 2933 1347 2986 oestro
1365 2947 1546 2986 converso·

345 3043 437 3098 tione
450 3043 612 3115 paternae
628 3039 833 3099 traditionis:
865 3040 927 3098 aed
935 3044 1083 3117 pretioso
1101 3042 1261 3111 sonpnine
1277 3041 1373 3116 prensi
1391 3042 1465 3111 eqni
1481 3042 1546 3095 im·-

344 3148 508 3207 maenlnti
535 3146 660 3207 Odristi
669 3192 681 3224 ,
706 3155 739 3208 et
758 3153 1008 3208 incontaminati
1017 3150 1055 3223 ²).
1095 3144 1138 3206 Et
1154 3143 1334 3207 Christus
1351 3141 1544 3206 Dominus

343 3254 437 3338 ipse:
456 3256 566 3316 Filius
577 3261 717 3317 bominis
732 3278 799 3318 non
813 3263 900 3317 oenit
913 3261 1112 3332 ministrari,
1128 3257 1189 3314 sed
1196 3260 1399 3331 ministrare,
1418 3260 1450 3314 et
1465 3255 1546 3314 dare

346 3371 494 3426 animam
510 3386 620 3443 sitnm,
639 3368 941 3443 redemtionem,
960 3354 1080 3442 λύτρον,
1094 3385 1157 3444 pro
1175 3365 1332 3440 rniedtisi).

455 3474 559 3535 Porro
588 3494 659 3536 cum
681 3495 739 3536 sua
760 3485 865 3536 morte
890 3473 1037 3537 Christus
1065 3470 1210 3556 justitiae
1237 3470 1360 3535 divinae
1378 3468 1546 3548 satisfecit,

348 3601 518 3668 genusque
542 3582 710 3645 humanum
731 3582 917 3668 ingratiam
945 3580 1082 3644 divinam
1107 3581 1382 3665 repraesentavit,
1410 3603 1468 3646 seu
1485 3603 1545 3646 nos

347 3691 417 3754 Deo
434 3690 669 3766 reconciliavit,
692 3704 727 3755 ut
749 3692 888 3777 loquitur
911 3695 943 3756 S.
971 3691 1190 3775 Scriptura⁴):
1224 3703 1335 3755 noster
1352 3691 1545 3756 Mediator

461 3948 485 4028 ¹)
503 3947 547 4008 Of.
565 3949 674 4012 Matth.
694 3946 746 4021 16,
762 3947 907 4012 21-23.
925 3946 980 4021 20,
997 3945 1051 4010 28.
1070 3945 1123 4021 26,
1140 3947 1195 4011 42.
1212 3946 1267 4012 54.
1304 3950 1398 4009 Maro.
1424 3946 1474 4018 14,
1491 3945 1544 4011 49.

348 4038 422 4100 Luc.
441 4036 495 4111 22,
513 4037 565 4100 37.
583 4037 638 4114 24,
655 4037 699 4102 44
717 4061 757 4100 ss.
783 4040 876 4101 Joan.
895 4038 926 4112 3,
947 4037 998 4101 14.
1017 4037 1068 4101 16.
1088 4038 1138 4111 14,
1157 4039 1209 4101 31.
1230 4037 1281 4111 18,
1300 4037 1351 4101 11.
1365 4039 1434 4099 Act.
1451 4037 1483 4109 2,
1492 4038 1545 4101 23.

349 4130 458 4191 Matth.
491 4127 544 4202 20,
580 4128 632 4196 18.
663 4131 755 4192 doen.
790 4129 841 4205 14,
873 4129 927 4192 31.
968 4131 1024 4190 His
1049 4153 1110 4192 non
1131 4132 1255 4191 obstare
1276 4130 1366 4190 Joan.
1384 4127 1490 4203 8,59.
1516 4140 1546 4190 et

351 4218 403 4303 10,
436 4217 490 4284 39.
515 4222 613 4281 elucet
646 4241 684 4281 ex
707 4222 799 4282 doen.
826 4219 856 4294 7,
878 4220 935 4284 30.
962 4219 993 4293 8,
1017 4219 1071 4283 29.
1099 4221 1150 4295 13,
1169 4219 1198 4286 1.
1231 4221 1276 4281 Of.
1292 4221 1401 4280 Matth.
1420 4219 1472 4291 26,
1489 4219 1544 4286 45.

347 4312 443 4372 Marc.
463 4308 514 4386 14,
531 4309 585 4375 41.
610 4313 684 4374 Luc.
702 4310 755 4387 22,
772 4309 825 4374 25.
859 4350 902 4358 -
935 4319 965 4386 ²)
986 4311 1014 4374 1.
1032 4313 1118 4374 Petr.
1137 4308 1166 4385 1,
1186 4308 1236 4372 18.
1257 4309 1307 4375 19.
1332 4347 1371 4356 -
1394 4311 1418 4391 ³)
1435 4312 1544 4376 Matth.

347 4398 401 4473 20,
418 4398 472 4464 28.
489 4401 534 4465 Of.
554 4401 582 4469 1.
601 4402 672 4466 Cor.
691 4402 721 4476 6,
740 4401 792 4466 20.
810 4405 925 4484 Ephes
951 4401 980 4484 1,
1003 4400 1032 4463 7.
1059 4404 1121 4464 Tit.
1139 4400 1169 4476 2,
1189 4401 1240 4463 14.
1260 4402 1289 4464 1.
1307 4403 1384 4464 Tim.
1402 4400 1434 4483 2,
1452 4401 1482 4465 6.
1502 4438 1543 4446 -

349 4490 374 4575 ⁴)
394 4490 427 4555 2.
450 4492 520 4555 Gor.
542 4489 574 4556 5.
599 4491 651 4555 19.
694 4494 845 4564 Quoniam
869 4494 989 4571 quidem
1012 4496 1098 4553 Deus
1124 4494 1238 4552 eratin
1255 4493 1380 4554 Obristo
1396 4496 1542 4553 mnndum

347 4579 457 4668 (genus
472 4585 649 4664 humanum)
665 4585 867 4645 reconcilians
884 4586 960 4659 sibi,
978 4606 1039 4645 non
1051 4592 1195 4659 reputans
1212 4586 1391 4666 (imputans)
1410 4584 1475 4642 illis
1493 4587 1543 4643 de·

348 4675 421 4735 licta
434 4675 582 4750 ipsorum.
607 4675 672 4737 001.
693 4674 720 4748 1,
741 4674 793 4738 21.
812 4673 865 4739 22.
890 4679 934 4735 Et
948 4696 1001 4735 nos
1019 4697 1085 4735 enm
1102 4674 1206 4752 essetis
1223 4674 1390 4750 aliqnando
1406 4674 1543 4748 alienati,

347 4773 375 4826 et
388 4766 511 4826 inimici
526 4786 617 4826 senen
635 4768 746 4848 (animo
763 4767 881 4845 hostili)
898 4768 932 4826 in
949 4767 1091 4845 operibus
1106 4766 1205 4839 madia,
1221 4768 1339 4846 (pravis
1351 4767 1462 4846 quippe
1479 4775 1542 4825 stu·

347 4857 402 4922 diis
419 4857 542 4943 dedet)
574 4878 655 4919 nnnc
674 4858 883 4921 reconciliavit
915 4858 1039 4944 (amicos
1056 4856 1200 4935 reddidit)
1233 4857 1268 4919 in
1292 4875 1418 4936 corpore
1440 4854 1647 5038 mr
