3775 5625
1421 438 1483 503 l‘ll

352 600 386 692 ξ.
403 599 470 670 at.
487 600 663 669 Natura
678 600 727 667 et
744 596 957 668 essentia
972 598 1157 684 peeeati
1174 599 1431 687 originalis.

400 786 435 849 ln
452 807 515 870 quo
531 783 662 870 proprie
679 782 740 848 sita
756 782 799 847 sit
814 794 927 846 natura
942 803 981 846 ae
997 782 1139 847 essentia
1153 785 1278 868 peccati
1295 785 1448 874 originis,
1469 787 1489 852 i.

323 894 486 982 .quidnam
502 895 654 958 adcurate
675 890 719 957 sit
738 891 828 965 illnd,
853 913 915 976 quo
938 904 1072 976 propter
1088 893 1243 957 Adamum
1264 893 1337 959 inde
1360 897 1490 961 abortu

324 1018 406 1071 ostro
418 1002 604 1068 exsistimus
620 1014 810 1087 peccatores
828 1000 905 1076 reri,
922 1000 1068 1086 quaestio
1076 1002 1270 1068 estdillicilis
1286 1016 1318 1091 et
1335 1006 1490 1080 obseura3

322 1114 465 1201 iquidem,
495 1124 531 1175 ut
555 1123 642 1175 reete
669 1111 822 1175 observat
846 1109 1148 1196 Augustinus¹)‚
1178 1116 1264 1175 nibil
1282 1125 1332 1177 est
1358 1128 1489 1194 peceato

322 1229 451 1304 riainali
472 1226 515 1284 ad
527 1226 781 1303 praedicandam
796 1226 926 1302 notter,
956 1226 1043 1284 nibil
1066 1229 1109 1284 ad
1124 1227 1366 1301 intelliyendnm
1382 1246 1491 1288 secre-

323 1356 368 1401 ω.
389 1334 433 1395 Et
449 1343 537 1395 certe
561 1329 764 1416 aritiqnorum
786 1332 914 1394 Patrum
930 1329 1078 1418 vestigiis
1102 1332 1215 1395 eadem
1238 1332 1333 1397 animi
1356 1332 1490 1397 sinceri·

322 1455 358 1508 tte
377 1442 546 1505 inhaerere
570 1438 683 1503 melius
707 1438 838 1514 fuisset,
862 1438 915 1525 qui
942 1438 1131 1524 simpliciter
1157 1442 1346 1517 credebant,
1377 1442 1492 1507 Adami

322 1566 445 1619 astares
461 1562 628 1636 peceatum
644 1570 721 1613 vere
737 1549 921 1624 incurrere,
954 1561 986 1613 et
1012 1572 1082 1613 esse
1105 1557 1229 1613 naturai
1241 1555 1330 1629 filios
1351 1558 1435 1634 irae,
1459 1564 1493 1615 ut

322 1649 433 1748 {quitur
449 1660 641 1745 Apostolus,
665 1679 726 1722 uec
741 1657 893 1733 ulterius,
918 1657 992 1743 quid
1007 1658 1050 1722 sit
1071 1658 1227 1745 originale
1249 1673 1434 1744 peecatum,
1462 1674 1494 1725 et

322 1792 355 1835 ua
369 1772 444 1858 lege
467 1768 662 1834 haereditate
685 1766 787 1852 accipi
805 1767 919 1851 possit,
943 1766 1155 1852 inquirebant.
1181 1769 1300 1833 Verum
1321 1792 1394 1834 cum
1412 1783 1492 1835 tem·

322 1901 373 1944 ore
401 1880 452 1945 sic
475 1879 578 1944 dietae
598 1877 855 1952 reformationis,
880 1890 912 1941 et
933 1899 1035 1961 nuper
1057 1899 1182 1963 quoque
1199 1881 1304 1964 quoad
1320 1881 1403 1944 bane
1424 1901 1494 1945 rem

322 2002 448 2076 ogmata
464 2009 563 2073 prava
579 2009 617 2053 ae
633 2008 771 2051 erronea
787 1971 912 2072 prolata
935 1985 1013 2050 sint:
1039 1986 1148 2071 quida
1170 1987 1304 2053 veritate
1329 1987 1495 2053 Catholica

323 2109 338 2164 ,t
371 2098 529 2172 alienum,
554 2118 592 2162 ae
614 2098 748 2182 proinde
776 2096 850 2182 quid
885 2095 1132 2181 repudiandum,
1169 2099 1394 2182 exponendum
1430 2110 1495 2173 est,

322 2218 330 2269 t
367 2208 419 2273 sic
460 2209 574 2272 saltem
611 2206 716 2292 aliquo
752 2208 864 2280 modo,
897 2206 969 2292 quid
1009 2219 1076 2272 tuto
1109 2207 1212 2272 teneri
1247 2208 1354 2292 possit
1403 2207 1493 2273 intel·

322 2329 426 2401 gutur.

404 2427 478 2489 Jam
500 2437 635 2510 quatuor
659 2437 733 2490 sunt
748 2424 939 2519 praecipuae
958 2426 1135 2492 sententiae
1152 2428 1191 2491 de
1209 2440 1322 2491 natura
1338 2440 1370 2492 et
1386 2448 1495 2492 essen·

322 2534 483 2620 apeeeati
501 2534 668 2622 originalis
686 2556 859 2610 erroneae,
883 2556 964 2620 quae
982 2557 1055 2599 cum
1075 2534 1209 2601 veritate
1226 2539 1367 2602 revelata
1388 2536 1495 2601 conei-

322 2644 367 2707 ari
383 2646 469 2709 nullo
486 2646 582 2709 modo
599 2657 751 2730 possunt,
776 2657 809 2708 et
824 2646 863 2709 ab
881 2666 919 2710 ea
934 2667 1071 2730 prorsus
1087 2633 1283 2730 rejiciuntur.

406 2754 536 2819 Prima
556 2767 606 2819 est
626 2753 816 2819 Matthiae
849 2754 1022 2840 lllyrici,
1053 2754 1105 2840 qui
1129 2755 1334 2830 defendebat,
1360 2755 1497 2820 animam

322 2861 486 2929 moralem
503 2877 601 2929 totam
617 2886 676 2950 per
692 2876 859 2948 peecatum
875 2863 969 2948 primi
991 2864 1129 2928 bominis
1146 2864 1398 2930 substantialiter
1421 2888 1497 2930 esse

322 2988 500 3060 :orruptam,
530 2987 562 3038 et
593 2975 853 3038 transformatam
876 2995 918 3037 ex
938 2973 1078 3061 imagine
1100 2973 1161 3038 Dei
1180 2973 1213 3037 in
1236 2973 1410 3062 imaginem
1431 2975 1496 3039 dia·

322 3079 382 3157 loli,
404 3083 499 3148 simili
516 3084 583 3147 lere
602 3084 714 3156 modo,
739 3104 802 3167 qno
827 3103 869 3145 ex
890 3081 965 3145 vino
983 3081 1018 3145 fit
1041 3095 1182 3157 acetum,
1207 3096 1301 3168 atque
1322 3097 1498 3170 propterea

322 3205 466 3269 peceatum
489 3192 644 3280 originale
667 3214 732 3256 non
754 3213 828 3255 esse
851 3191 1049 3276 qualitatem,
1074 3192 1279 3268 relationem,
1305 3206 1358 3258 aut
1383 3194 1499 3279 aliquid

325 3296 457 3382 ejusmodi
489 3302 657 3377 accidens,
688 3303 747 3365 sed
778 3299 989 3365 substantiam
1020 3321 1038 3364 a
1072 3302 1226 3366 daemone
1261 3299 1424 3377 effectam,
1464 3315 1497 3366 et

324 3425 466 3491 pecatum
497 3433 560 3475 non
584 3424 647 3476 tam
673 3411 705 3474 in
731 3422 837 3474 merite
869 3431 961 3484 esse,
993 3431 1086 3495 quam
1116 3410 1220 3495 ipsam
1250 3424 1390 3476 mentem
1421 3433 1496 3477 esse

322 3526 515 3605 peccalum2).
557 3524 584 3586 Α
616 3542 677 3606 qua
707 3519 866 3585 sententia
890 3519 961 3604 ipse
994 3521 1194 3585 Lutherus
1227 3543 1299 3585 eum
1336 3521 1498 3607 prioribus

322 3631 434 3696 asseclis
451 3632 534 3695 haud
551 3630 651 3695 luisse
667 3629 948 3703 rideturalienus,
970 3629 1143 3694 essentiam
1159 3630 1284 3715 peccati
1295 3630 1430 3718 originis
1445 3652 1497 3695 ue·

322 3737 407 3826 ‚rative
422 3741 453 3804 in
470 3744 599 3816 defecta
615 3762 672 3802 sea
685 3745 873 3819 priuatione
889 3740 1042 3818 lmaqinis
1058 3742 1139 3819 Dei,
1166 3761 1204 3802 aa
1226 3744 1377 3820 perfecta
1393 3725 1498 3820 impa-

322 3854 403 3912 entia
421 3859 464 3912 aa
482 3855 687 3933 spiritualia,
714 3859 807 3932 atque
829 3847 967 3931 positive
989 3847 1022 3911 in
1044 3857 1257 3929 congenita
1282 3872 1410 3930 prava
1439 3855 1496 3930 ai,

322 3970 360 4022 ta
383 3971 424 4021 at
444 3970 587 4020 mentes
610 3970 770 4020 nostrae
794 3965 1004 4019 secandam
1028 3981 1193 4022 sammaa
1216 3981 1311 4022 saar
1335 3965 1441 4020 vires
1464 3970 1502 4022 et

322 4078 417 4130 nata
442 4075 572 4130 lamen
595 4074 771 4134 rationis
787 4079 1040 4136 naturaliter
1063 4092 1080 4131 e
1103 4075 1401 4161 diametrorum
1418 4069 1496 4130 lieo

324 4190 337 4242 t
358 4182 515 4239 summis
536 4183 666 4257 ipsias
687 4172 890 4246 mandatis
913 4193 1110 4262 paynent,
1140 4190 1256 4258 atque
1281 4183 1500 4242 inimicitia

322 4293 595 4349 intadversas
619 4289 754 4371 Deam,
777 4298 1020 4369 praesertim
1041 4301 1226 4370 quantam
1248 4296 1296 4349 ad
1317 4309 1381 4350 res
1402 4293 1498 4349 dioi-

324 4417 370 4460 as
395 4407 433 4457 et
458 4401 702 4474 spirituales
724 4406 887 4475 attinet,
911 4421 970 4464 seu
984 4399 1017 4463 in
1034 4406 1161 4480 intima,
1177 4403 1333 4478 pessima,
1350 4401 1499 4476 profan·

322 4568 520 4585 ρ-

408 4676 435 4750 ¹)
458 4677 507 4733 De
527 4673 633 4737 morib.
655 4677 738 4736 Eoel.
761 4677 780 4736 l.
805 4680 834 4735 1.
858 4696 881 4736 a.
905 4680 954 4737 22.
976 4697 1007 4736 n.
1029 4679 1080 4736 40.
1106 4672 1185 4754 Opp.
1207 4676 1245 4736 T.
1266 4673 1294 4736 1.
1311 4693 1336 4733 e.
1362 4669 1437 4735 702.
1456 4703 1496 4715 -

343 4765 392 4827 cf.
414 4764 586 4826 Bellarm.
607 4769 656 4825 De
681 4766 785 4828 amisa.
806 4764 886 4842 prat.
908 4774 936 4826 et
961 4774 1129 4841 statspece.
1152 4768 1172 4830 l.
1193 4769 1223 4830 4.
1244 4786 1268 4827 a.
1293 4768 1322 4826 1.
1343 4762 1439 4838 Disp.
1462 4763 1498 4822 de

322 4864 433 4921 mbae.
449 4856 507 4934 fid.
532 4856 645 4922 Oltriat.
666 4859 757 4938 Prag.
781 4855 877 4923 1721.
900 4859 939 4923 Τ.
963 4855 994 4920 4.
1016 4880 1046 4938 p.
1072 4853 1135 4919 147
1158 4877 1183 4921 s.
1201 4892 1242 4902 —
