3775 5625
1444 426 1488 499 65

284 601 467 676 hominem
484 618 586 682 pomo
608 618 658 672 ee,
681 598 765 684 qnod
790 618 854 660 nen
878 617 942 660 une
966 608 1040 660 actu
1055 598 1144 661 Deus
1160 596 1332 674 hominem,
1350 612 1384 663 ut
1401 614 1485 665 cete·

283 725 340 769 ras
356 725 424 779 res,
440 703 542 780 finxit,
559 706 617 770 sed
634 705 739 790 primo
758 727 877 790 corpus
895 704 1055 778 formavit,
1073 705 1124 769 cni
1140 705 1264 781 deinde,
1281 728 1373 772 mera
1388 707 1486 773 inter·

284 814 403 900 posita,
414 813 550 878 animam
560 814 711 899 inspirat3
729 814 901 899 praecipue
916 826 1032 888 autem,
1044 816 1129 899 qued
1144 815 1241 879 hemo
1258 825 1301 879 ad
1316 823 1487 897 imaqinem

284 936 318 986 et
337 929 582 986 similitudinem
603 926 666 986 Dei
686 923 790 988 factus
812 922 928 986 dicitnr
940 924 976 1002 ¹),
998 922 1050 986 cui
1072 936 1244 1008 prepterea
1267 926 1384 999 omnia,
1406 947 1486 1012 quae

283 1031 317 1094 in
335 1043 423 1095 terra
440 1044 524 1107 sunt,
533 1044 626 1117 atque
643 1032 730 1096 velut
743 1032 898 1118 quaedam
909 1030 970 1096 Dei
982 1030 1121 1117 vestigia
1134 1032 1305 1107 exsistunt,
1316 1034 1486 1119 subjician-

285 1145 385 1221 tut-²).
409 1143 578 1206 Praeclare
600 1141 851 1229 magnitudinem
872 1153 1004 1205 naturae
1021 1141 1176 1205 hnmanae
1199 1141 1291 1206 effert
1311 1142 1486 1207 Davides

284 1249 335 1314 his
350 1249 475 1315 verbis:
496 1252 585 1327 Ouid
598 1256 763 1326 esthemo,
774 1250 1147 1332 quodmem01·en'ejus?
1158 1261 1216 1315 ant
1227 1257 1317 1329 filiun
1333 1257 1485 1327 leontinis,

284 1365 439 1440 queniam
455 1365 571 1424 visitas
586 1360 685 1424 eunt?
701 1363 856 1424 Minuisti
871 1384 944 1424 eum
958 1369 1059 1441 paulo
1076 1368 1185 1424 atinus
1201 1367 1240 1424 ab
1250 1366 1392 1441 Amyclis,
1408 1369 1485 1440 yle-

284 1476 338 1532 ria
354 1473 526 1533 ethonore
542 1478 709 1535 coronasti
725 1493 815 1534 enm:
832 1484 864 1535 et
879 1478 1077 1535 constituiate'
1093 1493 1164 1533 enm
1181 1493 1280 1551 super
1297 1493 1396 1551 opera
1412 1493 1485 1534 ma·

282 1602 386 1643 natum
410 1592 551 1644 tuarum.
588 1582 705 1644 Ontnia
726 1586 890 1661 subjecisti
906 1588 965 1644 cub
979 1588 1115 1659 peditus
1130 1586 1210 1659 ejus,
1235 1602 1321 1656 ovea,
1343 1594 1375 1645 et
1390 1587 1488 1644 bonet

283 1696 475 1753 universae:
493 1697 628 1771 insuper
644 1704 677 1755 et
687 1712 808 1770 pecora
825 1697 939 1771 campi.
961 1694 1120 1754 Volneret
1136 1697 1229 1765 coeli,
1246 1704 1279 1755 et
1290 1697 1398 1771 pisces
1413 1714 1485 1754 ma-

283 1805 344 1874 ris,
368 1806 427 1879 qui
443 1804 670 1879 perambulant
695 1807 826 1864 semitae
852 1806 963 1863 neeric.
993 1802 1146 1873 Domine,
1172 1803 1336 1863 Dominus
1359 1813 1483 1880 notter,

282 1917 384 1988 quam
399 1913 589 1973 admirabile
604 1923 653 1974 eat
666 1932 783 1973 nomen
799 1923 888 1974 tuum
904 1916 940 1973 in
955 1916 1109 1973 universa
1126 1921 1214 1972 terra
1223 1910 1273 1989 ³)!

394 2017 506 2083 Discat
523 2040 603 2106 erge
620 2019 716 2083 hemo
732 2018 807 2083 inde
823 2031 956 2083 naturae
973 2039 1051 2083 suae
1070 2017 1268 2105 dignitatem,
1285 2031 1318 2083 et
1334 2030 1485 2104 quantum

283 2148 377 2191 mens
395 2140 508 2191 nestra
524 2127 567 2192 sit
583 2150 723 2213 corpore
739 2128 972 2213 praestantior3
1003 2149 1064 2192 nec
1081 2129 1119 2191 de
1136 2127 1201 2202 ille,
1224 2128 1255 2191 in
1278 2149 1339 2213 qne
1356 2126 1485 2212 positus

282 2249 345 2311 est,
370 2249 456 2302 statu
481 2258 516 2301 se
537 2237 643 2323 ipsum
667 2238 823 2325 degeneri
846 2237 1095 2303 conversatione
1118 2219 1255 2322 deJiciat.
1288 2236 1378 2302 Sciat
1400 2258 1436 2301 se
1452 2235 1485 2300 in

282 2346 346 2410 hec
367 2346 556 2431 aspectabili
577 2348 695 2411 mundo
718 2348 941 2422 constitutum,
970 2359 1004 2411 ut
1028 2347 1115 2411 velut
1137 2346 1232 2410 divini
1258 2347 1352 2432 hujus
1374 2344 1484 2430 templi

282 2454 421 2519 antistes
442 2454 494 2530 sit,
521 2468 553 2520 et
575 2468 740 2541 spectator
767 2477 902 2543 eperum
930 2454 1128 2521 coelestium.
1162 2455 1261 2529 Sciat,
1290 2476 1326 2519 se
1352 2454 1482 2541 petissi-

282 2586 369 2628 mum
385 2564 419 2628 in
435 2577 540 2629 mente
557 2564 618 2629 Dei
635 2565 808 2652 imaginem
824 2586 953 2652 gerere,
977 2564 1124 2650 illamque
1142 2565 1227 2629 nulla
1242 2586 1278 2628 re
1296 2584 1400 2651 magis
1418 2565 1482 2628 elu-

280 2696 429 2749 cescere,
456 2696 550 2760 quain
580 2696 690 2740 amere
712 2674 868 2761 justitiae,
894 2687 983 2739 recta
1011 2696 1137 2739 morum
1160 2673 1416 2738 conformatione
1446 2693 1484 2736 ac

275 2784 365 2850 vitae
383 2784 562 2851 sanctitate.

391 3065 419 3141 ¹)
438 3061 514 3125 Gen.
534 3060 562 3135 1,
579 3061 634 3128 26.
651 3058 704 3126 2Ἰ.
722 3060 887 3144 5,1.9,6.
905 3063 977 3143 Sap.
996 3061 1026 3134 2,
1044 3059 1097 3124 23.
1116 3062 1181 3128 001.
1200 3062 1232 3136 3,
1253 3061 1303 3126 10.
1322 3062 1390 3127 Jac.
1406 3059 1436 3136 3,
1446 3057 1476 3124 9.

265 3188 329 3203 α-
346 3148 372 3238 ’)
390 3151 467 3214 Gen.
486 3152 514 3225 1,
532 3150 585 3216 28.
601 3155 684 3214 Eccl.
704 3151 756 3226 17,
773 3150 803 3214 3.
822 3191 864 3199 -
883 3150 910 3239 ³)
927 3155 981 3217 Ps.
999 3151 1030 3227 8,
1047 3151 1168 3218 5—10.
