3775 5625
353 386 420 454 402

461 554 503 615 11.
526 551 669 638 Denique
685 574 781 639 quum
797 573 855 637 per
870 565 1037 637 peccatum
1052 552 1188 638 primum
1205 575 1269 617 uon
1286 564 1413 618 tautum
1428 551 1544 618 virilu!

353 660 648 745 supernaturalibus
671 662 773 727 simus
794 660 913 737 orbati,
929 663 988 726 sed
1005 674 1037 726 et
1052 661 1139 726 vires
1155 674 1288 727 nostrae
1303 662 1473 726 naturales
1486 661 1545 726 sint

350 767 534 833 imminutae
551 782 584 833 et
599 782 796 836 attenuatae:
821 772 861 835 ad
877 792 976 855 opera
1007 771 1274 856 supernaturalia,
1307 770 1425 857 qrrilrus
1443 772 1543 834 autad

346 876 611 961 justificationem
629 897 871 964 praeparamur,
892 892 947 943 aut
961 900 1040 944 vero
1058 881 1097 945 ad
1113 879 1342 944 beatitudinem
1359 890 1540 963 supernatu-

350 988 451 1050 ralem
481 987 696 1071 perducimur,
727 988 792 1053 imo
814 989 853 1052 ad
877 988 949 1073 ipsa
979 1010 1080 1074 opera
1110 988 1266 1053 naturalia
1289 986 1474 1052 difficiliora
1487 1008 1540 1051 nos

350 1097 432 1160 haud
449 1095 647 1163 sufficientes
663 1119 754 1173 esse,
771 1098 834 1163 nisi
850 1098 944 1164 nobis
960 1098 1111 1164 auxilium
1129 1099 1268 1163 divinum
1300 1098 1539 1184 supernaturale

349 1218 533 1281 succurrat,
549 1219 616 1271 tum
633 1220 772 1272 mentem
787 1220 932 1273 nostram
965 1208 1158 1274 debilitatam
1189 1206 1387 1282 illuminans,
1411 1219 1475 1271 tum
1490 1227 1537 1269 vo·

348 1317 501 1380 luntatem
532 1315 691 1382 inlirmam
723 1319 763 1381 ad
788 1318 907 1382 bonum
929 1318 1145 1383 inchoandum
1161 1329 1194 1382 et
1209 1316 1444 1402 perficiendum
1459 1316 1536 1400 adju·

348 1447 443 1501 vans,
459 1425 530 1510 ipsa
545 1426 628 1491 ratio
641 1427 788 1510 judicare
806 1430 909 1493 debet.
940 1426 1095 1492 Debilitas
1119 1449 1159 1493 ac
1180 1429 1318 1515 languor
1334 1424 1537 1511 spiritualium

347 1536 462 1601 virium
481 1549 666 1601 nostrarum
687 1538 758 1601 sola
773 1537 970 1602 revelatione
987 1559 1046 1602 seu
1060 1536 1205 1601 veritatis
1223 1536 1412 1625 cognitione
1429 1555 1535 1622 nequa·

346 1666 441 1732 quam
458 1647 585 1731 depelli,
617 1649 675 1712 sed
697 1648 825 1713 nonnisi
847 1670 906 1733 per
932 1649 1091 1713 occultam
1112 1647 1240 1712 virtutis
1257 1646 1399 1731 Spiritus
1418 1649 1454 1710 S.
1469 1644 1535 1708 sult-

347 1756 614 1823 ministrationem
631 1758 740 1822 sanari
754 1772 870 1845 potest.
1478 1758 1482 1774 '

347 1995 1533 2091 §.saorottaoctuansetiamjustisestneoessorta.

456 2196 542 2272 Quae
559 2196 622 2258 lme
637 2212 738 2278 usque
770 2191 1016 2277 disputavimus,
1041 2193 1080 2257 de
1100 2190 1229 2256 homine
1249 2191 1372 2264 valent,
1396 2188 1450 2275 qui
1464 2209 1530 2252 non·

341 2305 420 2368 dum
436 2305 575 2391 gratiam
585 2302 815 2389 justificantem
831 2315 883 2367 est
899 2315 1109 2378 consecutus,
1126 2302 1231 2367 sedin
1248 2312 1334 2364 statu
1352 2301 1457 2364 adlruc
1471 2318 1530 2361 ver·

344 2425 434 2476 satur
449 2413 654 2489 infidelitatis,
669 2425 723 2477 aut
738 2414 850 2476 saltem
867 2412 1001 2497 peccati.
1020 2412 1190 2491 Quaeritur
1201 2411 1308 2497 itaque
1317 2411 1427 2485 modo,
1439 2420 1531 2472 utrum

344 2523 429 2586 dicta
445 2522 540 2587 etiam
558 2526 597 2587 ad
608 2526 718 2608 justos
735 2522 904 2595 attineant3
930 2544 1042 2608 quum,
1067 2534 1101 2585 ut
1121 2543 1181 2607 per
1201 2542 1238 2587 se
1261 2518 1467 2583 marrilestum
1481 2526 1531 2589 est,

343 2652 495 2718 magnum
527 2633 700 2698 discrimen
731 2632 815 2695 inter
845 2631 984 2717 injustos
1005 2652 1044 2695 ac
1066 2630 1226 2706 iulideles,
1251 2631 1312 2694 sub
1342 2640 1478 2714 peccato
1507 2636 1531 2689 et

342 2753 503 2826 potestate
518 2742 602 2806 illius
619 2741 824 2817 constitutos,
842 2742 895 2827 qui
910 2741 1025 2806 mortis
1041 2742 1138 2805 lralrct
1151 2739 1331 2827 imperium,
1349 2750 1445 2825 atque
1459 2737 1531 2800 inter

338 2855 459 2936 justos,
475 2854 581 2940 gratia
597 2851 818 2917 sanctificante
834 2865 977 2927 sanatos,
990 2853 1177 2917 intercedat.
1196 2852 1288 2929 Quod
1299 2851 1369 2935 jam
1386 2850 1427 2913 ad
1443 2849 1529 2911 lrosce

343 2963 469 3026 attinet:
494 2976 633 3049 possunt
657 2963 719 3048 ipsi
743 2984 786 3026 ex
807 2976 913 3027 mente
937 2963 1105 3028 Ecclesiae
1124 2961 1324 3035 Catholicae,
1343 2959 1469 3045 quando
1485 2977 1528 3019 ro·

343 3073 425 3149 lunt,
451 3074 610 3158 justitiam
632 3087 696 3138 tam
717 3074 878 3137 internam
900 3094 993 3159 quam
1015 3085 1181 3138 externam
1197 3091 1374 3146 exercere,
1396 3090 1435 3134 ac
1450 3087 1528 3153 prae·

344 3197 437 3267 cepta
458 3184 563 3248 divina
586 3204 718 3249 servare
725 3207 734 3256 ;
759 3204 862 3269 neque
885 3183 1033 3271 indigent
1053 3183 1215 3247 ordinarie
1231 3203 1317 3246 nova
1332 3179 1441 3268 gratia
1457 3176 1528 3243 exei-

343 3306 447 3369 tante,
462 3308 514 3358 ast
528 3295 674 3382 indigent
691 3294 821 3357 omnino
837 3295 943 3380 gratia
960 3295 1144 3379 adjuvante,
1166 3294 1280 3358 saltem
1296 3292 1337 3355 ad
1355 3311 1455 3376 opera
1469 3307 1529 3376 gra·

344 3405 436 3469 viora
451 3404 649 3489 perficienda
664 3418 697 3469 et
713 3406 751 3468 ad
768 3405 938 3492 graviores
955 3405 1150 3469 tentationes
1167 3403 1380 3488 superandas.

453 3517 526 3579 Non
542 3517 689 3602 indigere
701 3518 825 3600 justum
842 3516 1002 3580 ordinarie
1019 3515 1126 3604 gratia
1142 3515 1313 3588 excitante,
1331 3524 1365 3576 et
1380 3510 1475 3576 etiam
1490 3507 1530 3572 ad·
1569 3498 1572 3561 l

341 3628 475 3709 juvante
500 3626 602 3708 quoad
622 3627 707 3688 hona
730 3646 830 3709 opera
850 3624 988 3700 leviora,
1012 3645 1054 3688 ex
1077 3637 1190 3688 natura
1221 3622 1347 3711 gratiae
1380 3616 1531 3684 habitualis

350 3756 409 3798 seu
425 3731 655 3829 sanctificantis
688 3735 863 3822 colligitur,
889 3737 981 3820 cujus
1004 3735 1130 3799 indoles
1152 3745 1242 3797 recte
1259 3733 1291 3795 in
1308 3752 1349 3796 eo
1372 3728 1533 3816 reponitur,

348 3846 434 3929 quod
465 3845 627 3908 hominem
658 3859 765 3929 aptum
789 3859 821 3909 ct
844 3859 991 3930 paratum
1022 3846 1136 3908 reddat
1160 3845 1199 3909 ad
1223 3845 1304 3906 hene
1339 3840 1534 3926 operandum,
1570 3884 1572 3889 -

347 3955 473 4038 quando
491 3968 586 4042 urget
602 3968 808 4039 praeceptum
825 3956 975 4019 divinum.
999 3957 1041 4018 Et
1058 3975 1136 4019 sane
1154 3955 1182 4017 si
1193 3955 1262 4038 jam
1279 3951 1455 4026 naturalis,
1471 3964 1535 4034 quat

347 4063 380 4124 iu
396 4065 490 4128 nohis
522 4066 692 4139 remansit,
713 4066 787 4128 lieet
808 4064 929 4139 minor,
961 4063 1107 4148 pronitas
1130 4065 1170 4127 ad
1185 4064 1360 4126 honesturn
1378 4082 1417 4128 ac
1433 4062 1534 4124 lronuu

349 4175 502 4237 naturalis
519 4174 640 4237 ordinis
656 4174 872 4257 incipiendum
888 4187 920 4238 et
935 4173 1167 4259 perficiendum
1183 4171 1319 4236 sufficit:
1347 4192 1387 4235 an
1405 4190 1470 4233 non
1485 4165 1535 4231 sul·

349 4281 435 4346 liciet
459 4285 498 4345 ad
520 4305 619 4368 opera
642 4286 727 4347 hona
749 4285 1003 4368 supernaturalis
1027 4285 1149 4347 ordinis
1170 4282 1370 4357 inchoanda,
1393 4293 1426 4344 et
1447 4277 1535 4346 etiaun

350 4395 463 4456 saltem
479 4393 507 4456 si
528 4395 651 4457 leviora
670 4394 802 4470 luerint,
834 4393 1030 4478 perficienda
1062 4393 1318 4478 supernaturalis
1342 4373 1397 4455 illa
1419 4391 1536 4454 lacultat

350 4522 408 4565 seu
424 4502 579 4576 charitas,
611 4503 797 4568 necessario
823 4506 1026 4588 conjunctam
1047 4505 1170 4567 liabens
1194 4500 1447 4566 delectationem
1456 4496 1534 4587 justi·

351 4610 428 4686 tiae,
444 4633 524 4697 quae
540 4626 687 4696 promtos
708 4635 768 4676 nos
787 4626 819 4677 et
834 4616 1004 4699 expeditos
1021 4615 1121 4679 elficit
1137 4615 1177 4677 ad
1195 4635 1290 4677 omne
1310 4616 1449 4689 bonum,
1464 4623 1493 4676 et
1505 4626 1535 4672 ex

352 4742 411 4806 qua
432 4722 504 4786 ideo
526 4735 687 4808 tamquam
711 4746 770 4788 sua
784 4727 893 4789 radice
910 4738 1087 4791 nascuntur
1104 4725 1181 4790 lroni
1198 4725 1337 4793 allectus
1356 4740 1389 4793 ot
1403 4725 1456 4815 pia
1469 4717 1532 4785 deti·

354 4835 462 4900 deria?
478 4842 581 4923 Atque
598 4840 627 4901 si
642 4852 751 4922 potest
766 4841 861 4902 lromo
881 4845 1020 4909 nondum
1033 4846 1231 4930 justificatus
1248 4867 1292 4912 ex
1310 4844 1436 4911 semine
1450 4843 1532 4905 bonu
