3775 5625
341 410 410 499 dih

349 608 440 662 certa
463 604 515 661 est
535 583 694 660 sententia
715 594 842 669 nos'tm,
858 593 893 658 ut
909 605 942 659 et
956 580 1017 658 viri
1033 582 1077 678 pii
1093 603 1125 658 et
1142 589 1393 660 concionatores
1415 608 1455 660 ac
1471 614 1532 659 con·

349 704 495 780 fossarii,
526 726 587 770 nec
603 726 667 769 nou
683 703 813 789 ipsimet
828 703 1046 789 poenitentes,
1078 707 1203 789 quando
1225 706 1265 770 ad
1280 705 1423 769 tribunal
1437 704 1533 790 poeui-

351 814 469 879 tentiae
491 814 664 887 accedunt,
687 833 758 877 eam
778 812 850 898 ipso
866 834 927 877 uso
944 812 1130 897 praedicent
1146 834 1184 878 ac
1201 812 1406 879 confirment.
1435 813 1534 879 Solent

351 923 435 989 enim
450 921 512 987 viri
526 922 571 1007 pii
587 943 624 987 se
638 922 730 1007 ipsos
746 922 961 1011 negligentiae
979 941 1144 999 accusare,
1161 924 1246 1009 quod
1263 945 1336 989 cum
1349 936 1486 1009 accepta
1498 922 1532 987 di·

349 1032 423 1097 vina
453 1031 559 1119 gratia
583 1053 621 1097 ea
643 1030 770 1115 pietatis
792 1052 891 1115 opera
908 1052 973 1095 nou
990 1032 1205 1107 exercuerint,
1223 1054 1303 1118 quae
1321 1053 1480 1098 exercere
1494 1052 1533 1096 re·

352 1163 429 1208 vera
436 1154 595 1227 poterant,
609 1140 703 1205 etalii
716 1154 806 1205 certo
818 1141 1051 1205 exercuissent.
1067 1142 1142 1206 lnde
1154 1141 1383 1230 Augustini,
1396 1163 1435 1207 sc
1446 1141 1536 1227 ipsum

354 1251 393 1315 ad
403 1251 564 1315 fervorem
571 1250 698 1334 pietatis
705 1250 886 1324 excitantis,
899 1251 1121 1337 pervulgatum
1130 1275 1137 1311 ε
1146 1253 1225 1313 Noe
1231 1259 1373 1334 poteria,
1384 1255 1535 1335 puodlatt,

353 1371 387 1424 et
399 1359 511 1425 istae?
528 1358 727 1425 Confessarii
743 1380 782 1424 ac
798 1359 884 1424 sacri
900 1360 1148 1425 concionatores
1165 1373 1270 1425 autem
1282 1360 1379 1436 omni,
1398 1381 1461 1447 qua
1476 1359 1537 1446 pos'·

355 1482 443 1546 sunt,
460 1467 691 1534 adhortationis
711 1470 743 1534 vi
766 1490 804 1534 ac
826 1469 982 1534 orationis
999 1468 1199 1534 vehementia
1212 1468 1325 1535 fideles
1342 1470 1495 1544 excitant,
1509 1481 1537 1532 ut

355 1579 484 1644 sincero
501 1578 600 1643 corde
617 1579 657 1641 ad
672 1578 774 1642 Deum
790 1580 942 1653 redeant,
963 1590 995 1643 et
1011 1578 1171 1643 continuis
1186 1578 1339 1663 precibus
1356 1579 1470 1644 *Deum
1485 1578 1538 1643 sol·

355 1688 492 1763 licitent,
512 1709 634 1775 eosque
656 1689 835 1764 confutant,
868 1687 919 1774 qui
940 1688 1064 1776 gradec
1082 1688 1143 1753 sibi
1159 1689 1197 1753 ad
1215 1689 1297 1753 bene
1314 1690 1478 1776 agendum
1492 1709 1537 1751 nc·

357 1797 520 1863 cessariae
542 1798 701 1862 defectum
722 1819 781 1862 seu
803 1796 980 1861 absentiam
1000 1798 1086 1861 velut
1103 1796 1345 1861 excusationem
1362 1798 1538 1863 obtendunt.

356 1912 459 1993 Atque
490 1920 698 1990 peccatores,
719 1907 846 1992 quoties
868 1907 1025 1971 accedunt
1040 1908 1079 1969 ad
1095 1906 1232 1970 tribunal
1247 1906 1480 1991 poenitentiae,
1494 1904 1537 1970 fir·

357 2037 443 2080 mum
458 2016 578 2081 habere
595 2018 721 2092 debent,
738 2016 845 2082 omnia
859 2029 1003 2101 peccata,
1019 2017 1133 2080 saltem
1146 2015 1330 2092 deliberata,
1340 2015 1463 2081 vitandi
1476 2036 1537 2101 pro·

357 2125 513 2209 positum
546 2128 630 2212 quod
653 2126 767 2190 sinon
792 2125 976 2201 habuerint,
1000 2125 1200 2189 absolutione
1217 2124 1415 2190 sacerdotali
1430 2124 1539 2212 indigui

359 2248 542 2301 censentur.
567 2237 654 2315 Quae
676 2236 781 2300 omnia
804 2234 971 2300 manifeste
995 2247 1151 2323 arguunt,
1172 2255 1246 2299 esse
1264 2234 1401 2321 aliquam
1418 2233 1539 2322 gratiam

359 2342 581 2417 sufficientem,
598 2345 689 2429 cujus
705 2365 784 2408 usus
799 2345 850 2407 vel
866 2363 1010 2408 nouusus
1028 2344 1070 2409 sit
1085 2344 1118 2407 in
1133 2343 1272 2409 hominis
1287 2352 1458 2429 potestate.

472 2456 700 2519 Verumtamen
732 2454 760 2518 si
792 2453 862 2538 quis
892 2453 1073 2537 praeferret
1094 2453 1230 2541 gratiam
1253 2452 1421 2518 efficacem
1436 2452 1541 2525 dicere,

362 2577 517 2650 quatenus
549 2586 622 2629 cum
653 2562 768 2627 effectu
792 2564 963 2646 conjuncta
985 2574 1050 2637 est,
1082 2576 1114 2627 et
1136 2562 1364 2637 sufficientem,
1399 2574 1542 2648 qnatenus

362 2674 448 2738 illum
466 2675 670 2758 conjunctum
687 2693 750 2735 non
766 2671 875 2744 habet;
893 2683 1031 2735 attamen
1048 2671 1206 2755 duplicem
1223 2670 1315 2757 quasi
1330 2671 1469 2759 gratiam
1485 2668 1542 2735 effi·

364 2804 474 2850 cacem
495 2782 725 2871 distingueret,
747 2781 858 2857 aliam,
881 2802 962 2867 quae
985 2793 1075 2846 certo
1093 2793 1125 2845 et
1141 2781 1346 2846 infallibiliter
1366 2802 1411 2846 ex
1428 2801 1463 2846 se
1479 2778 1543 2845 elie·

364 2907 449 2959 ctum
466 2893 662 2979 assequitur,
693 2892 801 2965 aliam,
824 2913 903 2976 quae
919 2903 1042 2955 tantum
1058 2912 1099 2955 ex
1115 2890 1263 2975 praeviso
1281 2913 1448 2956 consensu
1470 2891 1543 2954 illum

365 3006 570 3088 conjunctum
601 3003 710 3067 habet:
743 3000 897 3065 contrarii
917 3022 982 3064 non
1004 3021 1130 3075 sumus,
1147 3023 1242 3086 Qum
1258 3001 1498 3065 manifestares
1514 2998 1545 3062 ad

364 3114 448 3177 idem
464 3135 599 3198 prorsus
616 3113 737 3184 redeat,
753 3122 846 3195 atque
863 3112 981 3197 dogma
998 3109 1195 3175 Catholicum
1211 3122 1277 3173 tum
1294 3110 1333 3174 de
1349 3110 1474 3198 gratiae
1489 3106 1544 3173 elli·

366 3222 465 3296 cacia,
497 3235 563 3286 tum
585 3222 624 3285 de
647 3220 751 3284 divina
772 3219 943 3304 sapientia,
974 3218 1170 3306 benignitate
1194 3240 1232 3284 ac
1248 3219 1420 3284 sanctitate
1436 3220 1545 3287 salvum

366 3343 500 3397 maneat.

368 3569 394 3651 ξ.
413 3564 509 3637 109.
526 3565 669 3635 vario
687 3566 1031 3652 'theologorum
1057 3567 1315 3652 systemata
1332 3567 1394 3634 ad
1411 3562 1547 3652 expll-

516 3677 666 3745 canda
683 3676 874 3752 diversa
890 3674 1070 3761 gratiae
1087 3675 1425 3762 phoenomena.

474 3879 523 3942 Ad
546 3878 765 3963 explicandam
796 3876 955 3941 diversam
987 3875 1109 3963 gratiae
1133 3875 1275 3940 efficacis
1306 3889 1341 3942 et
1371 3874 1548 3942 sufficientis

371 3985 584 4062 efficientiam,
606 4001 639 4052 et
660 3989 801 4072 priorem
824 4009 896 4050 cum
925 3986 1071 4049 libertate
1096 3985 1219 4049 arbitrii
1248 3982 1482 4052 conciliandam
1506 4006 1548 4048 aa·

372 4095 419 4160 ria
449 4097 634 4185 excogitata
663 4110 738 4163 sunt
766 4108 940 4181 systemata
978 4116 1036 4158 seu
1067 4095 1281 4180 hypotheses,
1314 4097 1549 4162 Thomista·

372 4226 475 4280 rum,
513 4206 822 4280 Molinistarum,
865 4202 1326 4292 Augustinianorumet
1375 4203 1550 4294 Congrui-

372 4327 533 4381 starum.

479 4426 768 4490 Themistarum
785 4423 985 4497 sententiam,
1002 4423 1033 4486 ni
1049 4423 1180 4499 invenit,
1196 4437 1303 4489 tamen
1317 4425 1450 4491 uberius
1467 4420 1552 4509 expli·

374 4534 457 4603 cavit
471 4549 504 4599 et
520 4535 672 4618 expolivit
687 4532 921 4597 Dominicus
943 4533 1082 4606 Renes,
1104 4554 1188 4598 saec.
1209 4535 1292 4597 XVl.
1327 4536 1553 4622 'l'heologus‚e

374 4644 490 4710 familia
516 4648 549 4708 S.
570 4642 739 4710 Dominici.
779 4643 978 4706 Thomistica
994 4655 1098 4706 autem
1115 4644 1305 4727 adpellatur,
1324 4645 1399 4729 quia
1417 4645 1468 4731 qui
1484 4645 1553 4708 illam

375 4756 615 4838 amplectuntur,
632 4775 669 4816 se
685 4753 717 4816 in
734 4752 881 4816 omnibus
893 4754 925 4815 S.
938 4752 1081 4816 'l'homae
1097 4752 1236 4839 vestigia
1252 4753 1346 4838 sequi
1363 4754 1552 4838 profitentur.

377 4863 523 4928 Statuunt
548 4875 653 4926 autem
679 4862 725 4936 hi,
748 4862 832 4927 sicut
854 4863 893 4925 ad
919 4863 1188 4954 actusuaturales
1206 4883 1271 4926 non
1288 4861 1433 4930 sufficiat
1449 4874 1553 4930 unua
