3775 5625
355 391 424 466 474

355 585 489 629 suorum
512 564 677 644 repapulis
698 570 909 630 obserandam
929 576 1065 629 mentem
1082 570 1252 647 propriam
1268 569 1489 646 judicaverit,
1514 578 1538 631 et

358 679 456 740 Verbi
471 700 492 739 a
508 698 543 738 se
559 683 761 754 splendorem
777 677 896 741 stultus
912 689 1106 751 auertatme
1121 682 1183 740 sili
1199 680 1326 753 inferat
1340 683 1537 759 insipientiae

351 793 553 851 eaecitatem:
571 793 703 850 causari
715 794 851 867 poterit,
873 797 962 868 quael
985 791 1048 852 sol
1061 793 1254 867 justitiae
1277 796 1464 854 noluerit
1488 797 1536 855 in·

350 910 477 971 trare,
497 909 568 959 aut
591 900 883 971 infirmitatem
905 903 1069 960 luminis
1100 903 1289 961 eoelestis
1309 902 1536 983 arpuere¹)i

350 1006 387 1073 si
402 1019 508 1070 autem
531 1027 574 1070 ex
593 1018 699 1070 mente
731 1006 894 1071 Ambrosii
924 1006 1093 1070 iufirmitas
1126 1006 1249 1092 gratiae
1271 1008 1366 1093 argui
1387 1032 1536 1096 nunquam

349 1129 472 1201 potest:
498 1137 633 1181 necesse
656 1117 759 1180 estin
781 1137 819 1180 ea
839 1117 926 1181 vires
947 1138 1043 1201 pares
1065 1129 1096 1181 et
1121 1118 1269 1202 aequales
1301 1121 1536 1203 agnoscerem

351 1226 531 1312 oppositam
549 1225 752 1311 cupiditatem
768 1226 958 1291 vincendam
975 1239 1007 1291 et
1022 1226 1082 1290 Dei
1099 1228 1280 1291 mandatum
1297 1229 1534 1294 observandum.

349 1337 611 1424 Augustinus:
635 1338 696 1399 lla
721 1358 758 1399 eo
781 1346 868 1416 ouoel
886 1359 953 1400 non
975 1343 1112 1417 aceepit,
1135 1346 1249 1400 nullus
1270 1360 1349 1400 reus
1366 1352 1431 1403 est:
1449 1361 1534 1404 eaeo

349 1470 444 1521 uero,
462 1456 549 1526 quoa
562 1467 629 1509 non
642 1450 746 1522 facit,
763 1456 851 1526 quael
864 1454 969 1521 delet,
977 1453 1068 1526 juste
1085 1469 1162 1510 reus
1177 1460 1234 1513 est.
1257 1450 1362 1512 Debet
1378 1455 1536 1523 autenti

315 1593 319 1601 ·
349 1564 473 1639 aceepit
487 1570 520 1621 et
533 1560 731 1620 uoluntatem
747 1562 897 1631 literam,
920 1569 954 1619 et
973 1560 1375 1633 sufficientissimam
1392 1562 1534 1633 faculta-

349 1672 458 1747 teor’).
483 1668 554 1731 Non
576 1666 679 1750 potuit
701 1686 779 1730 sane
801 1670 834 1731 S.
856 1668 951 1730 Pater
976 1666 1093 1731 clarius
1114 1666 1219 1752 eloqui
1240 1666 1365 1753 gratiae
1387 1688 1496 1752 parem
1509 1679 1536 1732 et

347 1779 441 1862 plane
457 1774 669 1840 sufficientem
686 1774 835 1840 virtutem
851 1777 891 1840 ad
907 1778 1012 1863 legem
1029 1776 1166 1840 divinam
1182 1777 1381 1860 explendam.
1394 1814 1439 1825 -
1454 1778 1533 1842 Con·

349 1885 481 1951 cilium
512 1884 791 1950 Arausicanum
824 1898 930 1949 autern
954 1884 1109 1949 definivit:
1142 1888 1216 1949 Hoc
1247 1895 1424 1949 seeundum
1454 1891 1534 1964 filla

351 1999 555 2060 catholicam
571 2002 743 2071 eredimus,
765 2006 852 2076 quoa
870 2009 1001 2076 accepta
1015 2017 1074 2075 per
1090 2000 1293 2074 Baptismum
1306 2003 1423 2075 pratia
1439 2018 1534 2061 omnes

349 2113 522 2186 baptisati,
558 2108 690 2169 Oltristo
723 2111 908 2169 ausiliante
928 2120 960 2169 et
980 2118 1185 2186 cooperante,
1218 2128 1301 2185 puae
1327 2115 1371 2169 ael
1406 2115 1532 2171 salutem

348 2222 476 2279 animae
487 2221 667 2296 pertinent,
683 2221 904 2294 elpossint‚
919 2228 958 2279 et
972 2221 1149 2289 deleant,
1166 2220 1202 2277 si
1220 2218 1419 2290 fideliter
1435 2224 1532 2281 laio·

349 2348 440 2388 rare
460 2330 680 2399 voluerint,
704 2330 880 2405 adimplere
888 2328 928 2402 ³).
958 2325 1126 2403 Quomodo
1145 2344 1221 2387 vero
1239 2338 1377 2408 possent
1394 2346 1431 2389 ea
1448 2326 1532 2391 adin·

348 2435 454 2518 plere,
476 2434 637 2519 quomodo
658 2432 794 2497 fideliter
813 2434 978 2507 laborare,
1000 2432 1028 2497 si
1049 2432 1186 2519 gratiam
1208 2435 1259 2496 vel
1290 2455 1355 2497 non
1380 2434 1533 2508 haberent,

348 2545 398 2608 vel
420 2543 575 2628 imparem
598 2563 636 2606 ac
658 2541 779 2608 viribus
809 2541 1056 2607 insufficientem
1086 2555 1154 2606 turn
1175 2544 1215 2605 ad
1237 2542 1343 2608 divina
1374 2557 1535 2629 praecepta

348 2652 522 2736 implenda,
537 2664 605 2715 tum
621 2651 715 2716 etiam
732 2654 772 2716 ad
787 2652 1019 2736 implorandum
1052 2651 1217 2727 auxilium,
1250 2674 1312 2737 quo
1345 2653 1533 2738 impleantur.

347 2765 451 2848 Atque
467 2762 506 2826 ab
522 2761 756 2826 innocentio
772 2762 810 2824 X.
835 2773 867 2825 ct
890 2763 1114 2826 Alexandro
1132 2762 1198 2826 Vll.
1215 2762 1403 2848 proscripta
1419 2777 1451 2828 et
1466 2776 1533 2828 tun·

348 2894 440 2957 quam
460 2870 621 2936 haeretica
645 2873 792 2935 damnata
814 2885 864 2935 est
883 2870 1027 2935 lauscnii
1047 2871 1246 2956 propositio:
1279 2877 1441 2938 [nteriori
1461 2897 1532 2954 pra-

348 2990 412 3045 tiae
433 2989 576 3046 instate
597 2994 738 3045 naturae
759 2990 869 3062 lapsae
890 3003 1087 3061 nunquam
1110 2987 1331 3046 resistitur.
1364 2984 1438 3048 Non
1462 3005 1531 3070 ergo

347 3091 451 3156 omnis
474 3091 578 3179 gratis
600 3103 651 3155 est
671 3090 800 3166 efficere,
822 3104 854 3155 et
877 3114 971 3156 omne
994 3091 1107 3166 efficit,
1130 3093 1169 3155 ad
1192 3094 1277 3176 quod
1300 3091 1531 3158 efficienduma

345 3203 415 3266 Deo
440 3201 542 3266 datur.

456 3312 493 3374 0.
517 3309 661 3395 Denique
677 3311 709 3374 id
724 3309 829 3394 ipsum
841 3313 909 3395 jam
925 3310 1102 3395 peripsam
1118 3309 1276 3374 rationem
1294 3313 1529 3378 demonstrans.

343 3420 471 3483 Etenim
494 3419 555 3482 nisi
576 3419 670 3483 nobis
693 3431 824 3504 praesto
849 3419 891 3483 sit
910 3418 1015 3507 gratia
1032 3418 1137 3484 divina
1155 3440 1255 3504 eaque
1270 3441 1349 3484 vere
1368 3421 1529 3493 sufficiens,

343 3549 402 3612 per
424 3549 516 3613 quam
540 3530 687 3592 mandata
717 3528 823 3591 divina
852 3527 986 3613 implere
1007 3525 1151 3612 potentii
1167 3528 1313 3613 perfecta
1329 3550 1369 3594 ac
1387 3532 1531 3615 completa

343 3634 523 3719 possimus,
546 3647 578 3698 et
598 3635 724 3720 quidem
739 3636 771 3699 in
788 3636 828 3700 iis
847 3636 1111 3711 circumstantiis,
1132 3636 1163 3700 in
1181 3636 1296 3722 quibus
1313 3661 1428 3704 sumus
1444 3640 1528 3704 collo·

345 3742 421 3805 eati:
446 3743 497 3806 illa
519 3765 653 3827 prorsus
675 3757 785 3809 essent
804 3745 939 3821 intrtilia,
960 3745 1025 3809 imo
1046 3745 1179 3831 injusta,
1206 3759 1300 3832 atque
1322 3748 1437 3824 homo,
1459 3749 1485 3814 si
1499 3768 1529 3812 ea

344 3849 525 3926 violaverit,
547 3873 651 3937 poena
672 3854 800 3917 minime
822 3867 911 3918 esset
932 3854 1064 3941 dignus3
1088 3876 1183 3940 quum
1200 3858 1239 3919 ad
1256 3856 1471 3943 impossibilia
1484 3877 1527 3922 ue·

344 3979 398 4021 mo
423 3959 592 4047 obligetur.

449 4199 474 4275 ¹)
492 4198 586 4260 Serm.
604 4202 653 4261 19.
671 4200 705 4258 in
720 4203 774 4260 Ps.
793 4204 862 4260 118.
880 4222 910 4264 η.
925 4205 955 4262 4.
973 4200 1052 4280 Ορρ.
1070 4203 1107 4264 T.
1129 4201 1156 4263 1.
1171 4224 1199 4270 c.
1219 4199 1371 4264 12201).
1389 4239 1433 4250 -
1450 4201 1475 4285 ²)
1489 4207 1529 4262 De

345 4285 395 4346 tit.
412 4290 476 4346 arb.
495 4291 513 4348 l.
530 4293 558 4348 3.
579 4311 602 4349 c.
621 4294 670 4349 16.
687 4293 776 4351 aas.
795 4290 875 4370 Opp.
886 4293 922 4352 T.
935 4290 964 4352 l.
983 4313 1007 4350 c.
1020 4290 1095 4354 629.
1114 4292 1159 4352 Of.
1176 4296 1226 4352 De
1244 4297 1334 4356 duab.
1353 4297 1528 4357 animali.

344 4397 373 4436 n.
393 4379 439 4438 17.
458 4375 496 4438 T.
514 4376 544 4439 8.
563 4401 587 4440 c.
605 4377 657 4440 87.
680 4380 724 4440 (tf.
740 4381 915 4461 Prosper.
937 4385 985 4441 De
1000 4391 1094 4444 vocal.
1114 4390 1192 4460 peni.
1217 4387 1236 4444 l.
1254 4389 1283 4448 2.
1302 4406 1326 4446 c.
1346 4390 1398 4446 26.
1416 4385 1492 4466 Opp.
1507 4406 1528 4441 c.

346 4462 420 4527 913.
442 4468 653 4548 Hieronym.
678 4474 717 4528 In
733 4475 777 4529 Is.
795 4475 823 4551 5,
843 4477 861 4530 2
879 4493 919 4535 ss.
944 4470 1023 4551 Opp.
1041 4475 1078 4535 T.
1102 4471 1133 4535 4.
1158 4496 1182 4532 c.
1201 4471 1244 4535 69
1262 4496 1302 4537 se.
1321 4476 1448 4536 Auctor.
1465 4479 1527 4534 Bre-

345 4554 420 4618 uiur.
438 4557 471 4615 in
486 4560 617 4617 Psalter.
639 4564 679 4620 In
694 4564 749 4621 Ps.
767 4564 836 4622 140.
860 4562 905 4621 Ib.
924 4564 962 4623 T.
982 4561 1011 4624 7,
1028 4565 1158 4643 append.
1176 4587 1201 4624 c.
1220 4562 1297 4628 503.
1321 4565 1478 4648 Gregor.
1493 4566 1526 4625 ii.

345 4646 453 4709 Moral.
479 4650 507 4710 9.
529 4670 553 4707 e.
570 4653 619 4709 46.
636 4671 666 4713 n.
685 4654 732 4711 71.
750 4649 828 4730 Opp.
843 4653 880 4713 T.
901 4651 928 4713 1.
947 4675 971 4714 c.
986 4651 1061 4716 320.
1080 4691 1121 4700 --
1142 4655 1168 4733 ³)
1187 4657 1220 4716 0.
1240 4660 1290 4718 25.
1309 4657 1446 4732 Manui,
1463 4657 1525 4718 uolt.

301 4780 304 4787 .
347 4734 523 4799 Ooue.T.8.
535 4737 643 4799 alit.
657 4739 701 4800 cf.
713 4739 819 4803 Cone.
837 4742 968 4807 Senon.
985 4766 1011 4806 a.
1025 4743 1122 4808 1528.
1139 4747 1412 4822 Decr.15.Bail,
1428 4751 1526 4812 Saron.

347 4824 436 4891 Ome.
453 4828 523 4893 Par.
544 4825 640 4895 1659.
658 4831 695 4897 T.
712 4830 743 4894 2.
759 4853 789 4914 p.
806 4829 881 4895 410.
899 4834 1007 4898 Cone.
1024 4835 1154 4898 Gelon.
1173 4859 1201 4905 a,
1219 4835 1386 4904 1536.1b.
1403 4863 1432 4925 p.
1448 4836 1514 4905 488.
