3775 5625
346 460 410 527 150

343 631 425 690 dicta
457 640 539 689 sunt.
580 630 725 690 Ceterum
748 631 776 688 si
797 647 855 688 non
872 638 991 709 pugnat
1008 647 1075 688 cum
1094 629 1286 708 benignitate
1302 647 1340 690 ac
1352 628 1473 704 justitie

342 740 425 812 vina,
442 759 480 799 ex
496 739 772 800 Rationalistarum
788 740 953 809 sententia,
971 758 1071 818 genus
1089 739 1252 799 humanum
1277 739 1345 800 sine
1362 738 1432 815 ejus
1448 757 1473 802 ct

342 848 452 917 malis,
477 849 586 925 quibus
612 848 798 925 premimur,
824 847 988 907 obnoxium
1015 847 1206 916 condidisse,
1224 866 1261 907 eo
1278 848 1379 908 minus
1396 865 1469 911 eum

342 975 483 1035 pugnare
500 958 624 1034 poterit,
642 958 715 1016 illud
731 967 860 1034 propter
877 976 964 1037 suam
982 958 1101 1034 culpam
1118 957 1228 1018 iisdem
1245 956 1431 1033 subjecisse.

451 1063 482 1130 3.
508 1068 545 1127 Si
559 1086 655 1147 vero,
676 1068 762 1142 aJ'unt
776 1068 941 1135 instantes,
959 1086 998 1125 ex
1015 1067 1116 1126 divina
1131 1075 1262 1127 naturae
1279 1066 1432 1128 humanae
1447 1066 1473 1128 it

343 1176 472 1246 tutione,
487 1177 608 1253 parvuli
625 1195 694 1237 cnm
709 1186 839 1253 peccato
856 1186 946 1254 atque
963 1175 1117 1252 pronitate
1136 1175 1173 1235 ad
1188 1185 1351 1251 peccatum
1366 1193 1473 1238 nascer

344 1296 410 1345 tur:
448 1286 535 1343 Deus
561 1289 627 1361 ipsc
651 1285 735 1343 foret
757 1293 866 1344 auctor
888 1284 1025 1361 peccati,
1053 1285 1132 1361 qnod
1148 1302 1295 1345 asserere
1312 1294 1423 1361 aperte
1439 1301 1473 1348 m<

345 1394 533 1456 ohaeismum
549 1394 693 1470 profiteri
709 1397 806 1466 est¹].
824 1427 866 1437 -
882 1396 923 1453 At
938 1393 1013 1455 lieet
1030 1401 1196 1474 statuatur,
1215 1395 1317 1453 Deum
1332 1395 1377 1457 ita
1394 1403 1473 1458 notu

343 1504 504 1565 humanam
520 1521 577 1579 pro
592 1502 845 1578 inperserutebili
861 1502 1031 1578 sapientiae
1047 1502 1183 1562 infinitae
1201 1504 1332 1564 consilio
1349 1502 1473 1564 institui

344 1623 377 1672 ut
393 1613 493 1689 culpa,
511 1630 600 1689 quam
616 1610 873 1689 transgressione
890 1610 984 1670 divini
1000 1611 1135 1672 mandati
1152 1622 1376 1673 contraxerunt
1391 1622 1473 1689 prou

343 1731 462 1791 rentes,
479 1739 537 1779 non
555 1738 649 1797 penes
666 1720 736 1779 iilos
753 1729 944 1798 remaneret,
964 1719 1018 1779 sed
1041 1730 1071 1780 et
1087 1720 1118 1779 in
1140 1731 1283 1797 posteros
1308 1740 1416 1782 eorum
1431 1731 1473 1784 trt

343 1832 519 1891 mitteretur
547 1847 607 1890 una
632 1848 702 1889 cum
719 1828 972 1905 coucupiscentia
988 1839 1078 1906 atque
1095 1830 1223 1907 reliquis
1239 1831 1376 1908 sequelis
1392 1849 1473 1910 settp

344 1942 413 2000 nis:
429 1940 499 1998 inde
516 1948 618 1999 tamen
634 1948 696 1998 tam
711 1956 818 2014 parum
836 1938 1053 2015 consequitur,
1078 1941 1179 1999 Deum
1196 1949 1358 2003 auctorem¹
1377 1958 1473 2019 esse]

344 2046 416 2120 cati,
434 2067 522 2126 quarn
538 2063 647 2125 parum
664 2067 703 2107 ex
719 2067 775 2121 eo,
800 2048 879 2125 quod
895 2066 953 2107 nos
974 2067 1030 2125 pro
1048 2049 1183 2109 naturali
1199 2050 1373 2110 conditione
1394 2068 1452 2112 seu

344 2159 496 2236 positione
529 2166 658 2217 naturae
691 2167 816 2217 nostrae
848 2176 904 2234 per
934 2157 1035 2233 ipsum
1052 2158 1151 2227 facta,
1182 2159 1305 2235 peccati
1326 2177 1383 2221 seu
1405 2160 1473 2221 acti

346 2269 443 2329 malae
461 2285 593 2343 capaces
610 2267 719 2348 simus,
735 2277 766 2326 et
783 2268 899 2344 quando
915 2285 1092 2343 peccamus,
1110 2268 1231 2345 culpam
1248 2251 1473 2332 contrahamus

344 2386 527 2454 peccatores
559 2395 737 2438 maneamus
760 2396 779 2436 a
797 2378 867 2437 Deo
890 2376 1013 2446 aversi,
1031 2378 1128 2438 donee
1143 2396 1200 2453 per
1210 2377 1473 2459 justificationisq

345 2488 418 2547 tiam
436 2487 472 2545 ad
491 2503 559 2544 eum
576 2486 689 2544 iterum
707 2495 935 2555 convertamur,
954 2495 986 2544 et
1000 2487 1207 2563 perpetrando
1223 2497 1354 2563 peccata
1371 2488 1409 2547 ad
1424 2504 1473 2558 nn

345 2614 468 2672 semper
484 2594 690 2671 procliviores
707 2595 881 2656 reddamur.
921 2597 998 2655 Nam
1014 2598 1045 2654 in
1062 2596 1217 2656 sententia
1232 2596 1291 2656 hac
1308 2596 1432 2658 minime
1449 2615 1473 2660 ct

346 2716 435 2765 turae
452 2704 569 2764 suntin
586 2722 620 2761 se
638 2705 746 2774 malae,
763 2713 867 2781 utpote
885 2723 903 2766 a
919 2706 987 2765 Deo
1004 2706 1054 2766 vel
1071 2723 1088 2763 a
1103 2706 1254 2782 principio
1271 2707 1350 2765 malo
1368 2706 1473 2768 iactae

346 2815 538 2875 somniarunt
567 2800 760 2884 Manichaei,
781 2816 835 2875 sed
853 2816 970 2875 suntin
988 2835 1039 2885 se,
1058 2825 1151 2892 prout
1167 2835 1185 2875 a
1202 2816 1354 2876 creatore
1377 2817 1473 2896 benig

345 2925 422 2983 simo
440 2942 477 2987 ac
493 2924 723 3000 sapientissimo
740 2925 881 2986 conditae
899 2934 980 3004 suut,
996 2926 1104 2985 bonae.
1122 2924 1197 2985 Maii
1214 2925 1335 3002 quidem
1351 2935 1424 2985 sunt
1439 2925 1473 2991 ist

346 3052 401 3092 nes
424 3032 574 3093 nascendi
599 3032 789 3106 conditione,
811 3035 866 3092 sed
883 3051 981 3110 neque
997 3036 1086 3095 Deus
1101 3035 1215 3093 malum
1230 3034 1289 3095 hoc
1307 3034 1423 3106 effecit,
1440 3053 1473 3096 nt

346 3143 427 3205 aliud
443 3143 626 3219 principium
641 3144 709 3203 Deo
727 3152 937 3213 coaeternum,
955 3139 1043 3220 quale
1064 3143 1239 3207 Manichaei
1260 3144 1427 3207 finxerunt.
1450 3146 1473 3207 Ι]

345 3262 485 3313 naturam
503 3229 658 3332 integram
675 3262 707 3312 st
721 3253 932 3329 incorruptam
950 3254 1079 3325 creavit,
1097 3263 1187 3330 atque
1204 3253 1323 3313 animas
1337 3256 1473 3330 parvulo:

345 3364 488 3441 integras
520 3372 551 3423 et
582 3363 783 3439 incorruptas
806 3372 910 3433 creat3
932 3364 1046 3424 maium
1067 3373 1169 3423 autem
1185 3363 1297 3425 diaboli
1313 3343 1434 3425 malitia
1449 3380 1473 3425 st

346 3472 447 3533 centis
462 3481 710 3548 protoparentes,
726 3473 777 3530 vei
792 3472 932 3548 proxime
948 3472 1051 3549 potius
1067 3492 1123 3549 per
1140 3473 1196 3533 hos
1214 3483 1315 3532 ortum
1332 3484 1401 3544 est,
1418 3474 1473 3552 qui

344 3580 479 3640 luntarie
502 3589 535 3638 et
555 3580 653 3639 libere
674 3580 705 3638 in
730 3591 891 3657 peccatum
908 3591 1150 3651 consenserunt,
1172 3591 1373 3661 naturamque
1389 3584 1473 3645 itavss

347 3696 430 3758 runt,
446 3698 480 3748 ut
496 3688 618 3749 nonnisi
635 3691 775 3766 corrupti
791 3702 983 3769 generentur
996 3692 1063 3755 filii.
1078 3691 1234 3753 Naturae
1249 3696 1431 3771 nascentis,
1449 3712 1473 3757 tu

347 3795 554 3875 Augustinus,
571 3801 623 3857 est
637 3803 754 3858 auctor
770 3797 875 3867 Deus,
891 3803 947 3878 qui
962 3802 1124 3860 hominem
1141 3801 1297 3878 condidit,
1315 3805 1349 3859 et
1362 3804 1420 3880 qui
1435 3804 1473 3865 ott

333 3927 388 3985 ,oc
400 3908 580 3982 foeminam
593 3907 824 3985 meptialijore
840 3910 1034 3985 contonam
1050 3913 1120 3969 etttt
1135 3928 1210 3969 cero
1225 3914 1342 3971 auctor
1358 3910 1473 3972 vatdio

348 4015 536 4093 decipientia
552 4014 731 4096 calliditas,
749 4023 782 4080 et
794 4020 935 4078 taminia
953 4023 1187 4080 consentientia
1202 4018 1358 4080 voluntas
1367 4016 1407 4091 ²).
1441 4021 1473 4081 At

348 4125 617 4202 quomodocunque
640 4127 760 4189 demum
782 4127 1011 4204 corruptionem
1033 4129 1154 4203 peccati
1177 4128 1362 4189 contrahant
1389 4128 1473 4191 anim

348 4236 416 4292 Deo
445 4233 512 4293 sine
534 4234 609 4295 vitio
643 4245 780 4306 creatae,
817 4245 848 4296 et
880 4255 1076 4314 quascunque
1099 4255 1212 4297 causas
1250 4255 1316 4295 eam
1347 4237 1473 4314 permiti

347 4399 624 4418 -ιιω--ι-ή

456 4523 481 4604 ¹)
500 4522 546 4589 Of.
562 4526 691 4606 Pelag.
709 4525 789 4606 apud
804 4525 1002 4605 Augustin.
1027 4527 1112 4588 Oont.
1130 4529 1208 4586 duae
1224 4526 1326 4605 Epist.
1343 4525 1473 4604 Petraia

348 4618 712 4679 uaesanaee'r.
732 4613 968 4680 lucetius.
990 4618 1473 4683 Ooot.Juttan,t.1.c.4.n.u

350 4701 415 4767 505
443 4728 467 4770 s.
498 4709 546 4766 De
565 4715 650 4786 nupt.
675 4715 702 4768 et
724 4727 849 4783 concup.
871 4710 891 4768 t.
923 4713 952 4770 2.
986 4730 1010 4770 e.
1042 4711 1092 4770 29.
1115 4730 1144 4772 n.
1169 4711 1220 4771 50.
1238 4730 1264 4772 c.
1281 4705 1357 4775 337.
1384 4744 1425 4759 -
1449 4706 1473 4788 ²)

349 4816 429 4874 pecc.
446 4797 524 4875 orig.
542 4818 567 4860 c.
582 4801 633 4862 37.
648 4821 680 4862 n.
695 4803 746 4861 42.
770 4799 808 4861 Τ.
834 4796 886 4861 10.
903 4820 929 4865 c.
945 4796 1021 4862 242.
