3775 5625
346 429 387 494 16

283 672 284 676 ¹
344 601 528 659 surremit
541 593 983 675 continuoqutrautus
995 593 1090 677 juxta
1108 595 1261 658 eundem:
1278 596 1392 661 Nolite
1401 602 1543 671 turbari,

342 704 452 792 inquit,
471 712 602 769 aniate
624 697 735 787 (ψυχὴ)
752 710 837 767 enim
853 709 957 782 ipsine
977 710 1113 785 inipso
1130 706 1223 786 θεῖ’).
1248 709 1351 791 Atque
1368 707 1387 770 J
1393 707 1542 772 acohus

343 815 487 879 tandem:
512 815 610 879 Sicut
623 815 722 897 enim,
748 812 801 887 ait,
825 834 968 894 corpus
983 820 1055 876 sine
1070 821 1218 895 spiritu
1233 828 1397 880 mortuom
1412 828 1473 898 est,
1496 822 1546 879 ita

344 938 377 989 et
397 930 478 1003 fides
505 931 576 988 sine
601 930 753 1004 operibns
785 935 917 987 mortno
941 924 1034 1003 esst).
1070 923 1126 988 Sic
1152 945 1232 1011 ergo
1255 925 1401 990 sexcenti
1427 926 1492 990 loci
1511 925 1545 989 in

345 1037 404 1099 SS.
423 1033 556 1098 Litteris
578 1046 763 1108 occurrunt,
787 1032 820 1096 in
843 1032 957 1117 quihus
981 1053 1046 1096 non
1062 1044 1184 1096 tantum
1200 1033 1337 1097 traditur
1353 1047 1407 1099 ant
1424 1055 1544 1119 suppo-

344 1144 440 1219 nitur,
460 1143 623 1209 hominem
647 1165 690 1207 ex
711 1164 850 1228 corpore
871 1156 904 1207 et
925 1142 1042 1227 spiritu
1059 1143 1219 1228 componi,
1237 1145 1295 1209 sed
1311 1166 1353 1209 ex
1369 1144 1483 1230 quibus
1502 1143 1544 1207 si·

298 1325 300 1329 ¹
345 1255 409 1318 mul
430 1255 481 1317 vel
502 1266 612 1339 aperte
635 1254 793 1339 sequitur,
820 1254 871 1317 vel
892 1254 1146 1340 argumentando
1175 1254 1268 1319 facile
1291 1254 1428 1331 eruitur,
1449 1275 1546 1318 unam

344 1376 467 1427 tantum
482 1385 557 1428 csse
573 1363 606 1427 in
622 1364 751 1428 homine
768 1363 915 1439 animam,
933 1384 1047 1448 nempe
1063 1364 1262 1429 rationalem.

455 1475 544 1552 Quae
570 1486 676 1539 autem
702 1495 720 1538 a
742 1473 1005 1538 Trichotomistis
1031 1475 1121 1538 vela
1146 1475 1259 1539 schola
1283 1474 1458 1540 recentiori
1484 1495 1545 1559 pro

346 1583 504 1649 sententia
526 1604 585 1649 sua
611 1605 653 1648 ex
674 1588 707 1649 S.
732 1584 901 1669 Scriptura
926 1585 1127 1659 adferuntur,
1155 1584 1230 1648 talia
1255 1605 1320 1648 non
1345 1596 1447 1660 sunt,
1464 1605 1545 1671 quae

345 1693 512 1759 veritatem
548 1696 692 1779 ejusdem
730 1695 962 1759 demonstrent.
1001 1694 1083 1758 Nam
1116 1694 1195 1757 solis
1228 1695 1354 1758 duobus
1386 1693 1546 1777 exceptis,

347 1804 452 1869 omnia
466 1804 589 1890 reliqua
604 1804 790 1869 testimonia
797 1804 835 1885 ⁴),
852 1826 932 1890 quae
950 1806 990 1868 ad
1005 1802 1244 1868 trichotomiam
1260 1816 1315 1868 aut
1329 1804 1547 1869 recentiorem

346 1913 535 1978 dualismum
552 1914 786 1978 ostendendum
803 1913 918 1978 attrahi
934 1914 1051 1988 solent,
1073 1914 1202 1977 nonnisi
1217 1914 1389 1998 phrasibus
1407 1913 1546 1978 diversis

347 2026 480 2089 eandem
510 2023 701 2088 sententiam
726 2024 768 2087 ob
794 2025 863 2108 ejus
889 2023 1094 2111 gravitatem,
1126 2023 1172 2087 uti
1199 2024 1261 2087 fert
1286 2024 1412 2088 indoles
1435 2023 1547 2108 poesis

347 2134 534 2208 Hebraicae,
553 2146 712 2218 repetunt,
737 2134 781 2197 ita
801 2146 837 2197 ut
857 2155 899 2198 ex
919 2133 970 2197 his
991 2133 1072 2197 locis
1089 2132 1197 2218 potius
1220 2134 1427 2209 contrarium,
1454 2155 1547 2221 quam

348 2244 433 2329 quod
449 2242 627 2307 adversarii
643 2243 705 2308 sihi
720 2243 753 2306 in
768 2242 831 2307 illis
848 2243 1090 2328 deprehendere
1106 2242 1263 2318 videntur,
1281 2255 1443 2330 sequatur,
1459 2242 1546 2307 vide·

349 2350 424 2416 licet
438 2352 523 2417 inter
539 2344 637 2431 ψυχὴν
652 2364 746 2438 atque
762 2356 875 2431 πνεῦμα
891 2352 1010 2415 nullum
1027 2352 1199 2417 discrimen
1220 2354 1327 2418 locum
1342 2354 1472 2426 habere,
1490 2352 1548 2416 sed

349 2473 485 2547 utroque
505 2462 663 2527 vocabulo
686 2484 783 2526 unum
811 2462 959 2548 idemque
985 2461 1171 2549 significari.
1207 2464 1328 2527 Verum
1355 2473 1387 2525 et
1414 2462 1476 2526 duo
1504 2460 1547 2524 illi

348 2569 422 2646 loci,
440 2592 482 2635 ex
498 2571 644 2656 epistolis
660 2571 768 2635 Pauli
788 2572 828 2635 ad
843 2571 1044 2635 Hebraeos
1067 2582 1100 2635 et
1115 2570 1218 2655 priori
1233 2571 1273 2634 ad
1291 2568 1548 2635 Thessaloni·

350 2701 490 2745 censes
514 2680 690 2766 depromti,
716 2680 860 2756 minime,
886 2693 955 2745 tres
976 2702 1050 2745 esse
1071 2679 1104 2744 in
1125 2680 1253 2745 homine
1270 2692 1391 2765 partes,
1418 2680 1548 2743 demon·

350 2790 462 2855 strant.
492 2789 573 2854 Nam
594 2789 626 2854 in
647 2788 750 2876 priori
769 2790 842 2854 loco
863 2790 943 2855 haec
962 2790 1135 2855 hahentur:
1163 2794 1264 2854 Vivus
1280 2804 1329 2855 eet
1343 2796 1427 2853 enim
1444 2771 1550 2853 sermo

349 2905 413 2964 Dei
434 2906 511 2985 (quo
528 2899 666 2964 minatur
683 2920 823 2985 poenas,
851 2898 924 2985 quia
945 2898 1147 2964 exsecutioni
1170 2900 1289 2980 datur),
1310 2913 1343 2963 et
1361 2901 1499 2981 efficax,
1521 2910 1554 2961 et

348 3016 584 3089 penetrabilior
607 3017 693 3073 omni
712 3015 824 3088 plodio
842 3015 991 3091 ancipiti,
1017 3021 1049 3072 et
1059 3016 1248 3088 pertineatis
1263 3031 1365 3089 nsque
1380 3017 1429 3072 nd
1442 3013 1551 3070 divi-

350 3125 497 3183 sionem
513 3127 677 3203 animne,
695 3141 740 3182 ac
756 3124 946 3201 spiritns,
976 3140 1164 3198 compnpnm
1187 3141 1315 3199 quoqne
1336 3140 1374 3181 ac
1390 3121 1552 3180 ntedulln·

349 3251 437 3313 rum,
454 3243 486 3293 et
501 3236 662 3294 discretor
678 3235 923 3311 capitationem,
935 3242 968 3293 et
982 3235 1198 3293 intentionum
1212 3235 1333 3309 cordis,
1352 3220 1554 3304 trimitania

350 3328 417 3418 ἄχρι
430 3342 575 3419 μερισμοῦ
589 3343 687 3418 ψυχῆς
703 3358 733 3397 m
751 3337 801 3397 καὶ
819 3335 992 3417 πνεύματος,
1004 3334 1106 3417 ἁρμῶν
1119 3358 1149 3397 τε
1160 3337 1211 3396 καὶ
1223 3337 1345 3417 μυελῶν,
1356 3336 1406 3396 καὶ
1422 3330 1555 3418 κριτικὸς

350 3446 540 3529 ἐνθυμήσεων
556 3450 606 3510 καὶ
621 3453 738 3510 ἐννοιῶν
754 3449 882 3527 καρδίας
890 3451 925 3529 ⁵).
958 3448 1078 3528 Quibus
1100 3450 1277 3534 Apostolus
1298 3449 1467 3514 manifeste
1484 3463 1551 3515 tan-

351 3573 418 3625 tum
435 3561 543 3626 dicere
559 3562 635 3636 vult,
658 3581 844 3625 sermonem
858 3559 919 3623 Dei
935 3580 1001 3622 non
1018 3580 1090 3623 esse
1113 3558 1263 3633 otiosum,
1288 3572 1341 3623 aut
1357 3557 1476 3623 effectu
1494 3581 1553 3624 suo

351 3669 510 3744 frustrari,
532 3671 592 3734 sed
612 3691 686 3735 eum
700 3670 821 3744 vivere,
838 3681 931 3754 atquc
947 3668 1012 3731 vim
1028 3689 1119 3732 suam
1136 3689 1300 3742 exserere,
1317 3680 1413 3753 prout
1431 3667 1464 3731 in
1481 3669 1553 3732 red·

353 3779 464 3844 dandis
480 3780 644 3865 praemiis,
657 3780 701 3845 ita
716 3780 749 3843 in
760 3779 876 3865 poenis
889 3778 1092 3843 comminatis
1104 3791 1194 3843 certo
1211 3778 1406 3866 infligendis,
1416 3798 1554 3863 esseque

352 3889 466 3975 quovis
484 3890 613 3975 ancipiti
629 3890 736 3978 gladio
753 3889 1111 3974 penetrantiorem,non
1127 3888 1238 3952 forsan
1255 3900 1387 3963 tantum,
1405 3889 1556 3974 quoniam

352 3999 462 4064 intima
480 4013 594 4065 nostra
610 4021 703 4085 quam
720 3999 859 4066 maxime
876 4013 1069 4075 commovet,
1092 4000 1149 4063 sed
1172 3999 1245 4084 quia
1259 3998 1556 4085 transgressiones,

351 4109 553 4195 quantumvis
574 4112 730 4186 occultas,
751 4109 909 4175 acerrime
934 4109 1054 4195 puniet,
1077 4109 1122 4173 ita
1143 4120 1177 4172 ut
1192 4120 1334 4172 mentem
1349 4107 1466 4192 ipsam,
1484 4129 1555 4193 par-

352 4232 417 4285 tem
441 4220 563 4285 animae
589 4220 775 4286 sensitivam
803 4232 835 4284 et
853 4219 1095 4293 intellectivam,
1125 4238 1300 4305 compages
1331 4230 1364 4281 et
1389 4219 1558 4293 medullas,

353 4328 567 4416 cogitationes
585 4342 617 4394 et
632 4328 839 4404 intentiones,
861 4328 953 4414 quasi
970 4328 1120 4392 dissecet.
1150 4327 1240 4390 Unde
1263 4348 1304 4391 ex
1320 4327 1383 4391 hoc
1400 4327 1476 4391 loco
1493 4339 1559 4391 tam

348 4505 575 4516 -ψ

466 4607 492 4685 ¹)
509 4608 586 4671 Luc.
605 4605 636 4678 8,
653 4604 698 4668 54
714 4627 738 4666 s.
757 4605 802 4668 Of.
820 4602 873 4676 23,
891 4602 946 4667 46.
964 4604 1035 4666 Act.
1055 4601 1083 4676 7,
1100 4600 1155 4664 59.
1174 4639 1218 4646 -
1238 4602 1262 4683 ²)
1281 4601 1351 4664 Act.
1368 4599 1423 4676 20,
1442 4601 1498 4666 10.
1517 4640 1560 4650 -

357 4697 382 4782 ³)
399 4698 467 4758 Jac.
485 4696 515 4773 2,
532 4696 585 4760 26.
605 4734 647 4743 -
672 4695 700 4776 ⁴)
719 4697 792 4778 Sap.
813 4694 863 4770 15,
892 4694 943 4757 11.
964 4692 1015 4767 16,
1040 4691 1091 4755 14.
1115 4690 1144 4766 9,
1163 4690 1214 4754 15.
1238 4692 1365 4753 Baruch.
1383 4691 1414 4767 2,
1434 4693 1487 4755 17.
1507 4693 1560 4758 18.

354 4789 407 4851 Ps.
424 4787 478 4864 33,
498 4787 549 4851 19.
568 4787 621 4861 76,
639 4788 668 4851 7.
690 4785 764 4862 102,
783 4788 813 4850 1.
833 4783 906 4860 142,
924 4782 1025 4846 3-4.
1043 4784 1115 4845 Job.
1136 4782 1165 4866 7,
1184 4782 1235 4844 11.
1258 4781 1307 4858 12,
1327 4781 1378 4845 10.
1398 4786 1441 4845 Is.
1459 4783 1516 4862 26,
1530 4784 1563 4850 9.

353 4882 429 4943 Luc.
449 4881 477 4953 l,
495 4878 642 4945 46—47.
659 4881 731 4943 Act.
746 4875 779 4951 4,
796 4875 850 4940 32.
867 4887 927 4938 etc.
947 4912 989 4922 -
1010 4875 1035 4955 ¹⁵)
1053 4875 1149 4936 Hebr.
1167 4872 1198 4955 4,
1217 4873 1269 4936 12.
