3775 5625
1462 394 1530 462 3⁷5

336 572 522 649 deplutum
537 576 682 644 mortem,
698 564 719 630 i.
737 587 763 631 e.
781 566 928 631 absumta
942 575 1064 637 morte,
1081 572 1120 627 ot
1137 569 1221 626 eltae
1238 570 1393 626 aeternae
1408 568 1529 627 haere·-

336 684 398 744 dee
420 684 639 761 efficeremur:
668 677 1052 759 proseelmineoelum,
1085 676 1282 751 subjectio
1303 676 1382 735 etti
1408 695 1528 752 anpe-

336 792 410 868 le‘e,
449 791 743 870 potestatibus,
785 794 822 847 et
850 785 1120 859 virtutibne¹).
1160 782 1202 844 Et
1233 781 1429 847 doarrnes:
1465 782 1531 859 oos

337 900 473 982 (Jeeus
491 898 668 977 Christus)
690 904 742 957 eet
762 902 855 957 testis
868 895 989 976 fidelis,
1004 897 1241 973 primopem‘lus
1257 900 1481 972 mortuorum,
1499 900 1533 956 el

331 1017 534 1092 princepe
550 1028 681 1086 repom
699 1014 855 1067 terroe:
872 1010 927 1087 qui
944 1005 1063 1064 dilexit
1084 1023 1162 1080 noe,
1187 1011 1220 1064 et
1240 1003 1321 1064 levit
1335 1024 1397 1065 noe
1414 1025 1435 1064 a
1447 1025 1529 1083 pee-

335 1126 425 1183 eatie
440 1125 566 1181 nostrie
580 1124 613 1179 in
630 1122 789 1194 sanquine
803 1117 910 1197 conf).
935 1110 1097 1177 Christum
1114 1131 1211 1197 ergo,
1235 1121 1345 1194 utpote
1371 1108 1424 1195 qui
1440 1112 1531 1175 sedet

334 1230 379 1294 ad
403 1229 570 1291 dexteram
595 1224 715 1299 Patris,
740 1234 835 1308 caput
848 1220 1007 1285 invisibile
1022 1218 1205 1294 Ecclesiae,
1230 1240 1370 1283 necnon
1387 1218 1528 1307 singulo-

334 1358 410 1401 rum
427 1334 590 1400 hominum
607 1347 699 1421 atque
719 1331 917 1419 Angelorum
940 1328 1099 1394 exsistere
1122 1329 1297 1393 secuudum
1315 1329 1374 1392 SS.
1389 1325 1531 1393 Litteras

333 1444 626 1511 luculentissimum
643 1456 701 1508 est.

449 1556 490 1617 B.
517 1554 582 1617 Sed
598 1564 629 1616 et
644 1550 835 1616 Ecclesia
851 1549 974 1613 huncce
999 1546 1072 1611 lidei
1090 1546 1256 1611 articulum
1274 1567 1403 1631 semper
1419 1545 1530 1621 tenuit,

331 1686 377 1730 ac
393 1663 520 1750 publice
535 1662 685 1748 professa
708 1673 766 1725 est.
808 1659 1032 1743 Symbolum
1051 1656 1134 1721 enim
1152 1656 1428 1741 Apostolicum
1444 1654 1528 1721 inter

329 1772 481 1859 reliquos
498 1786 531 1837 et
546 1772 642 1837 istum
660 1770 826 1836 articulum
843 1769 954 1833 hebet:
983 1766 1058 1843 Oui
1092 1804 1131 1813 -
1165 1770 1352 1829 aseendit
1371 1770 1423 1829 ad
1443 1790 1531 1829 eoe-

330 1887 420 1963 Ios,
454 1887 567 1946 sedet
597 1885 652 1944 ed
681 1885 896 1943 demerem
911 1880 984 1939 Dei
1005 1880 1148 1939 Patrio
1172 1884 1464 1957 omnipotentie.
1490 1877 1533 1939 Et

330 1984 1290 2078 SymbolumNicaeno-Constantinopolitanum:
1330 1987 1531 2048 Εἴποι-οη-

330 2104 640 2180 detinentem,
673 2101 1077 2162 adeladem-teram
1093 2099 1249 2159 Putris.
1283 2095 1370 2174 Quae
1385 2106 1474 2159 certo
1492 2096 1532 2159 ad

328 2210 439 2277 lidem
469 2208 627 2295 publicam
660 2206 828 2272 Ecclesiae
860 2205 1142 2270 demonstrandam
1160 2202 1338 2278 sufficiunt,
1355 2202 1400 2267 ita
1416 2216 1450 2268 nt
1463 2202 1533 2269 aliis

328 2319 535 2388 testimoniis
550 2320 634 2385 haud
651 2318 693 2383 sit
711 2340 802 2403 opus.

501 2577 527 2658 §-
546 2573 611 2643 to.
629 2570 847 2642 chrislus
862 2567 1115 2640 intercedit
1130 2585 1217 2656 pro
1232 2568 1381 2640 notris.

445 2775 585 2840 Muneris
602 2772 686 2862 regii
712 2771 831 2839 Cluisti
852 2794 932 2838 vero
959 2772 1075 2857 duplex
1092 2771 1182 2858 quasi
1197 2793 1275 2857 pars
1292 2771 1446 2861 distingui
1462 2785 1532 2859 pot·

331 2899 407 2960 est,
441 2884 501 2950 alia
517 2885 564 2944 tot
585 2881 624 2943 sd
646 2873 718 2960 ἄνω,
741 2897 773 2948 et
795 2882 856 2948 alio
873 2887 913 2952 εἰς
936 2875 974 2940 τὰ
990 2880 1081 2944 κάτω.
1122 2874 1191 2941 Ἐπὶ
1210 2875 1248 2940 τὰ
1271 2872 1342 2957 ἅνω,
1360 2883 1426 2964 nod
1446 2885 1530 2966 utem

332 2994 491 3064 Christus
523 2996 641 3059 sedens
664 2996 704 3058 ed
726 2994 891 3058 dexteram
914 2995 1021 3059 Patris
1046 2994 1216 3060 intercedit
1237 3016 1297 3079 pro
1315 2992 1419 3067 uobis,
1438 2991 1534 3057 etsie

331 3126 403 3171 una
423 3126 537 3168 munus
560 3125 652 3168 suum
674 3105 875 3168 sacerdotale
893 3105 1058 3170 continuat
1075 3118 1169 3192 atque
1186 3106 1303 3188 explet.
1345 3101 1533 3168 Sacerdotis

331 3214 425 3281 enim
441 3235 505 3277 non
522 3225 643 3278 tantum
660 3225 710 3277 est
726 3213 886 3278 sacrificia
903 3214 1021 3279 offerre
1037 3237 1096 3299 pro
1113 3215 1249 3300 populo,
1272 3215 1330 3277 sed
1347 3225 1379 3277 et
1394 3211 1531 3277 interce-

331 3327 426 3391 dere.
467 3322 643 3398 Christum,
674 3324 841 3388 sedentem
863 3326 902 3389 ad
930 3327 1096 3389 dexteram
1116 3323 1233 3398 Patris,
1249 3323 1455 3407 interpellare
1472 3344 1532 3406 pro

330 3431 445 3507 uobis,
462 3433 579 3496 docent

448 3545 487 3604 Α.
500 3545 559 3606 SS.
577 3540 763 3606 Litterae.
782 3543 866 3618 Quis
881 3552 943 3622 est,
963 3542 1006 3607 ait
1021 3544 1178 3617 Paulus,
1203 3550 1258 3626 qni
1275 3548 1336 3624 (sc.
1355 3546 1431 3622 nos)
1449 3565 1531 3605 eon-

332 3652 488 3718 demnet?
506 3651 618 3731 (Num)
639 3653 794 3715 Christus
811 3653 927 3732 Jeme,
947 3661 1002 3736 put
1018 3662 1169 3716 mortuus
1185 3663 1247 3733 eal,
1265 3660 1328 3716 imo
1347 3660 1403 3735 qui
1428 3661 1461 3716 et
1475 3675 1532 3715 re·

331 3768 505 3840 surrexit,
539 3768 605 3843 qui
630 3771 693 3824 est
708 3766 759 3824 od
772 3766 985 3825 deuterum
1001 3765 1090 3843 Dei,
1110 3771 1175 3846 pei
1191 3771 1311 3826 etlam
1327 3765 1532 3854 interpel-

332 3876 398 3936 lat
408 3892 484 3952 pro
501 3873 674 3950 nobie³)?
699 3872 804 3935 Docet
818 3870 869 3936 his
885 3873 1083 3955 Apostolus,
1100 3873 1216 3936 nullam
1232 3883 1427 3956 potestatem
1444 3870 1530 3956 quid-

332 4001 434 4068 quam
464 3981 619 4043 adversus
651 4001 712 4044 nos
743 3982 867 4056 valere,
897 3981 992 4068 idque
1014 3981 1098 4046 inter
1120 3981 1181 4045 alia
1202 3980 1275 4045 inde
1292 3979 1425 4065 repetit,
1458 3979 1533 4066 quia

332 4089 486 4157 Cluistus
517 4088 762 4154 intercessionis
794 4112 925 4156 munere
950 4094 1032 4176 apud
1053 4093 1181 4156 Putrem
1205 4090 1355 4178 fungitur.
1396 4091 1438 4152 Et
1459 4089 1532 4155 alibi

332 4197 468 4266 scribit:
509 4200 573 4261 Hie
598 4209 706 4261 nutem
723 4222 760 4263 eo
768 4248 780 4281 ,
799 4204 888 4284 quod
901 4210 1037 4264 moneat
1049 4208 1083 4264 in
1099 4209 1285 4272 oeternum,
1301 4206 1532 4280 sempiternom

332 4313 437 4372 habet
465 4312 697 4373 sacerdotium.
741 4311 835 4373 Unde
851 4319 884 4374 et
897 4313 1032 4374 salvere
1048 4317 1289 4393 inperpetuum
1307 4317 1419 4390 potest
1433 4328 1531 4371 neee-

336 4423 452 4481 dentes
465 4440 526 4499 per
542 4426 750 4501 eeneetipsnm
766 4422 938 4501 edDeum,
956 4443 1109 4503 semper
1125 4428 1260 4483 eirene
1276 4422 1328 4481 ad
1341 4421 1530 4500 interpel-

337 4530 497 4592 landum
510 4550 583 4609 pro
602 4533 765 4608 nebim).
792 4533 917 4596 Sensus
935 4543 1000 4596 est:
1027 4529 1175 4595 Christus
1198 4548 1391 4614 permanens
1416 4534 1530 4595 Sacer-

336 4679 557 4696 m-

369 4828 371 4833 ,
443 4767 470 4848 ¹)
487 4766 517 4834 1.
532 4768 616 4828 Petr.
644 4765 676 4839 3,
697 4765 750 4832 22.
778 4807 822 4818 -
854 4770 1001 4852 ’)Αροο.
1020 4768 1057 4845 1,
1080 4765 1111 4835 5.
1145 4804 1189 4815 -
1222 4765 1247 4851 ⁸)
1263 4769 1350 4831 Rom.
1367 4765 1399 4840 8,
1416 4765 1469 4836 34.
1489 4805 1530 4819 -
1570 4803 1573 4806 ⁴

341 4859 368 4938 ⁴)
382 4858 481 4923 Hebri
497 4857 528 4931 9,
546 4854 689 4923 24-25.
