3775 5625
418 429 483 502 bid

417 611 520 664 eatis
541 610 714 665 nostris:
747 623 812 664 nort
825 622 888 681 pro
905 606 1033 662 nostris
1050 608 1159 662 eutem
1176 608 1302 663 tontum
1311 645 1324 679 ,
1349 601 1412 662 sed
1435 607 1533 664 etium
1544 625 1587 684 pro

417 719 518 774 totr'ns
534 716 645 774 mundi
659 719 694 792 ¹).
734 714 836 795 Atque
853 708 983 773 iterum:
1017 710 1059 770 Ira
1073 716 1134 771 boe
1151 718 1203 771 est
1223 717 1395 772 ebaritas:
1427 732 1495 773 non
1514 722 1587 794 quod

414 841 477 882 nos
494 823 710 883 dilexerimus
726 823 831 882 Deum
839 866 850 897 ,
885 822 946 879 sed
968 826 1122 901 quoniam
1138 827 1208 900 ipse
1221 827 1318 900 prior
1340 822 1461 882 dolere
1473 842 1547 900 nos,
1566 833 1589 885 et

414 938 506 991 misit
519 932 667 991 n'tttum
683 951 794 991 ouum
807 935 1137 1010 propitiationem
1155 922 1319 1009 (ἱλασμὸν)
1337 950 1413 1009 pro
1427 940 1593 1011 perculis

413 1046 572 1099 nostris
583 1044 622 1118 ²).
647 1040 718 1101 Jam
735 1031 860 1115 ἱλασμὸς
881 1057 923 1099 cx
938 1057 1001 1099 usu
1017 1036 1165 1120 loquendi
1181 1035 1394 1111 hellenistico,
1419 1049 1453 1101 ut
1468 1033 1606 1116 ἁμαρτία,

414 1144 608 1208 sacrificium
632 1167 691 1229 pro
720 1156 854 1229 peceato
871 1142 1042 1230 significat.
1083 1142 1251 1208 Sacrificia
1266 1157 1371 1208 autem
1389 1148 1618 1230 propeccatis

412 1254 445 1316 in
463 1253 589 1338 antiqua
613 1255 701 1340 Lege
723 1252 839 1336 partim
860 1264 1027 1316 externam
1049 1273 1088 1315 ac
1111 1251 1236 1316 civilem
1251 1253 1472 1337 expiationem
1487 1252 1637 1318 ellieie-

413 1364 498 1436 bant,
515 1362 630 1446 partim
647 1362 862 1446 expiationem
884 1361 1041 1424 internam
1064 1382 1102 1424 ac
1122 1381 1232 1424 veram
1253 1362 1371 1425 virtute
1389 1360 1574 1426 sacrificiifu
1597 1398 1640 1411 -

414 1471 485 1545 turi,
502 1472 534 1534 in
553 1471 677 1534 illorum
695 1473 800 1535 locum
823 1471 1050 1559 substituendi,
1073 1469 1278 1534 efficiendam
1293 1474 1644 1557 praemonstrabant.

412 1582 515 1659 Quum
530 1581 635 1666 itaque
651 1582 828 1666 Apostolus
845 1581 970 1654 doceat,
987 1580 1150 1645 Christum
1167 1579 1363 1644 sacrificirnn
1385 1603 1444 1665 pro
1462 1581 1645 1666 peccati-a

411 1710 504 1765 esse,
537 1690 707 1755 sacrificiis
739 1690 972 1776 propitiatoriis
1004 1692 1041 1754 A.
1079 1692 1117 1753 T.
1155 1689 1468 1777 praesignificatum:
1507 1684 1645 1754 morti

412 1799 542 1874 Christi,
559 1822 620 1885 qua
635 1800 704 1886 ipse
728 1812 886 1885 tamquam
910 1820 1013 1886 agnus
1036 1798 1088 1861 ille
1103 1820 1201 1862 verus
1218 1799 1256 1863 N.
1274 1800 1311 1862 T.
1328 1812 1444 1864 nostra
1458 1798 1535 1874 vice,
1547 1799 1643 1862 irn-

412 1922 481 1972 star
512 1930 671 1996 agnorum
691 1913 729 1974 A.
755 1912 792 1973 T.
815 1921 973 1975 mactatus
1000 1922 1074 1983 est,
1098 1908 1266 1972 manifeste
1282 1907 1433 1974 virtutem
1450 1931 1509 1973 nos
1522 1919 1643 1972 rer-*t

410 2018 560 2102 expiandi
582 2031 676 2104 atque
701 2040 773 2082 cum
788 2020 858 2082 Deo
874 2017 1104 2081 reconciliandi
1124 2016 1245 2102 pariter
1267 2018 1430 2083 adscribit.
1447 2057 1491 2067 -
1505 2013 1640 2081 Doni·

410 2148 470 2210 que
487 2128 519 2190 id
533 2128 649 2211 ipsum,
667 2129 751 2213 quod
770 2128 863 2191 modo
882 2148 924 2192 ex
939 2126 1069 2192 disertis
1093 2130 1126 2190 S.
1145 2127 1331 2212 scripturae
1353 2127 1463 2191 verbis
1480 2147 1608 2214 cogn«)
1624 2155 1638 2169 ·

411 2235 534 2311 vimus,
551 2238 619 2321 jam
643 2258 686 2300 ex
707 2237 746 2301 iis
763 2236 950 2301 necessario
969 2236 1141 2324 colligitur,
1159 2257 1239 2321 quae
1257 2236 1290 2299 in
1299 2235 1478 2301 'sacrificiis
1493 2236 1604 2321 piacet
1618 2264 1634 2278 ·

408 2345 528 2409 laribus
550 2350 587 2410 A.
609 2348 646 2410 T.
669 2346 802 2419 liehant3
835 2367 930 2432 quum
952 2348 1033 2410 hacc
1054 2344 1213 2410 sacrificia
1229 2347 1405 2409 seeundum
1423 2343 1630 2410 doctrinam

409 2457 468 2519 SS.
491 2455 684 2519 Litterarum
708 2457 822 2520 umbra
844 2477 882 2519 ac
898 2456 1007 2543 imago
1025 2453 1177 2520 sacrificii
1193 2454 1225 2518 in
1236 2476 1339 2519 cruce
1355 2454 1530 2542 peragendi
1543 2473 1600 2517 es
1612 2486 1626 2500 ·

408 2576 489 2627 serit.
514 2565 596 2629 Nam
611 2565 643 2628 in
661 2564 830 2629 sacrifieiis
846 2565 907 2629 illis
923 2585 1000 2629 reus
1016 2565 1181 2640 victimae,
1205 2585 1297 2650 quam
1318 2566 1358 2629 de
1375 2586 1436 2629 suo
1454 2565 1526 2628 dare
1540 2564 1618 2626 de·

406 2674 512 2748 bebat,
544 2696 671 2738 inanum
703 2676 735 2738 in
767 2675 896 2761 signum
929 2677 1155 2739 translatorum
1177 2685 1386 2760 peccatorum
1407 2673 1610 2760 imponebat,

407 2804 541 2868 eamque
558 2806 618 2849 suo
635 2787 707 2851 loco
726 2786 955 2858 substituebat;
974 2806 1035 2871 quo
1053 2786 1137 2850 l'acto
1154 2784 1283 2849 victima
1300 2786 1507 2859 mactabatur,
1521 2803 1601 2866 sup·

410 2893 537 2978 plicium
559 2895 607 2959 rei
629 2895 699 2960 viee
721 2896 852 2960 subiens
860 2905 901 2972 ³),
925 2896 1036 2982 sieque
1054 2908 1188 2960 externa
1205 2894 1346 2980 expiatio
1363 2894 1592 2981 perficiebatur,
1642 2902 1667 2960 :l

407 3003 533 3066 interna
548 3026 627 3068 uero
644 3007 673 3062 ἐν
688 3004 769 3079 τύπῳ
788 3007 1026 3069 ostendebatur.
1043 3005 1077 3067 ln
1095 3004 1257 3070 sacrificio
1272 3026 1364 3079 vero,
1381 3006 1465 3090 quod
1481 3020 1583 3090 magno
1634 3046 1667 3087 .

407 3114 602 3199 expiationis
625 3114 675 3177 die
698 3114 867 3199 quotannis
889 3114 1068 3178 laciendum
1094 3125 1177 3187 erat,
1201 3115 1263 3177 duo
1280 3113 1362 3177 hirci
1378 3113 1577 3177 statuebantur
1625 3114 1634 3193 J

408 3245 518 3288 eoram
533 3224 691 3299 Domino,
712 3245 848 3308 qnorum
870 3245 952 3286 rarius
974 3236 1133 3308 tamquam
1150 3223 1322 3306 piacularis
1340 3222 1470 3287 victima
1484 3219 1569 3286 offere·
1622 3212 1626 3287 s

407 3335 519 3409 batur,
545 3335 577 3398 id
602 3347 652 3397 est
667 3337 882 3408 mactabatur,
905 3355 978 3397 eum
994 3333 1026 3396 in
1042 3334 1132 3420 Lege
1148 3341 1284 3411 conpote
1296 3355 1360 3414 pro
1379 3337 1567 3413 ontmoepio·
1623 3280 1667 3411 lli(

407 3554 487 3617 catis
503 3553 565 3616 illis
582 3554 672 3638 quasi
689 3568 824 3618 onustus
841 3554 872 3617 in
890 3555 1054 3618 desertum
1070 3552 1289 3627 emittebatur,
1311 3552 1344 3616 in
1361 3552 1501 3641 signum,
1517 3567 1564 3635 pec·
1610 3541 1654 3647 ff

408 3675 479 3726 cata
494 3663 592 3725 veluti
608 3685 625 3727 e
643 3677 820 3748 conspectu
836 3664 964 3728 Domini
981 3685 1055 3727 esse
1073 3664 1184 3727 ablata.
1226 3663 1306 3727 Cum
1327 3662 1428 3751 igitur
1449 3663 1480 3727 in
1494 3653 1562 3725 sacri·
1614 3640 1637 3668 ⁴

406 3771 489 3836 ficiis
521 3773 620 3860 Legis
650 3775 850 3861 subrogatio,
882 3773 1069 3848 satisfactio,
1103 3785 1195 3858 atque
1228 3784 1438 3856 peccatorum
1467 3779 1564 3857 proptr
1631 3797 1667 3853 a]

407 3883 527 3947 hancce
544 3882 796 3947 satisfactionem
813 3885 952 3968 expiatio
971 3885 1084 3946 saltem
1101 3895 1237 3946 externa
1253 3904 1291 3946 ac
1303 3881 1409 3947 civilis
1420 3883 1518 3947 locum
1530 3876 1562 3940 ob·

408 3991 538 4057 tineret:
556 3994 587 4056 in
605 3993 765 4058 sacrificio
784 3995 820 4057 N.
839 3996 876 4057 T.
893 4015 969 4058 vera
987 3992 1187 4066 substitutio,
1204 3991 1384 4056 satisfactio
1402 4014 1441 4058 ac
1457 3982 1561 4075 expiato
1629 4034 1636 4046 .

407 4102 490 4165 adsit
506 4125 641 4167 neeesse
658 4107 757 4186 est⁵);
791 4105 951 4188 quomodo
973 4103 1057 4166 enirn
1074 4101 1165 4165 aliter
1181 4101 1300 4166 veritas
1324 4101 1449 4189 figurae
1464 4113 1561 4183 respon·
1607 4098 1626 4171 ’,’”

407 4214 518 4276 deret?
536 4214 648 4299 quidve
666 4213 859 4277 discriminis
877 4212 961 4276 inter
978 4211 1171 4276 sacrificium
1188 4210 1308 4275 veteris
1327 4224 1360 4275 et
1382 4233 1482 4276 novae
1495 4200 1561 4290 Legit

406 4323 518 4386 esset?
536 4325 737 4406 Quapropter
754 4336 786 4387 et
801 4324 977 4407 Apostolus
995 4325 1100 4397 docet,
1117 4322 1149 4385 in
1166 4319 1327 4385 sacrificio
1346 4322 1465 4397 crucis,
1484 4322 1558 4402 utpoll
1606 4346 1637 4390 ιι,

406 4455 481 4498 vere
503 4433 743 4517 propitiatorio,
775 4447 807 4497 et
826 4434 899 4498 ideo
922 4455 987 4496 rino
1011 4455 1049 4497 ae
1072 4445 1204 4497 aeterno
1226 4430 1388 4496 sacrificia
1411 4432 1446 4496 V.
1467 4430 1498 4492 T.
1511 4434 1556 4488 eall
1608 4444 1639 4525 ἐξ
1662 4479 1667 4486 .

405 4610 622 4622 w

498 4713 521 4793 ¹)
540 4710 569 4774 1·
587 4710 679 4775 Joan·
700 4709 729 4785 1,
749 4709 846 4786 7-t‚
865 4710 979 4792 3.-²)
1000 4709 1027 4772 1.
1045 4710 1135 4770 toan.
1152 4707 1183 4786 t,
1205 4707 1256 4772 10.
1276 4709 1320 4771 cf.
1338 4709 1435 4790 apoc.
1449 4702 1476 4778 5,
1490 4698 1548 4792 af
1660 4658 1667 4667 ”

407 4809 449 4958 po
454 4803 611 4959 011}qu
633 4801 682 4877 10,
703 4803 714 4864 1
738 4825 776 4868 ss.
795 4841 838 4850 -
856 4803 881 4885 4)
898 4805 973 4864 sev.
995 4800 1044 4874 rr,
1066 4800 1115 4864 rr.
1135 4838 1177 4848 -
1192 4797 1218 4888 5)
1236 4799 1387 4865 cenea.
1404 4797 1433 4875 o,
1450 4786 1545 4859 11-10·

448 4943 462 4979 ,
595 4942 602 4958 .
