3775 5625
1470 435 1535 504 361

347 606 444 683 prior
460 602 579 663 dilectit
590 621 665 679 reos,
684 608 717 665 ct
730 602 1054 664 mortuummare
1066 607 1331 683 propttiotionem
1344 623 1406 684 pro
1420 624 1542 685 pccca-

350 718 393 774 oe
424 715 599 789 matrim).
663 716 703 773 lit
724 715 791 791 ipse
822 714 1021 781 cbristus:
1053 712 1220 789 Majorcm
1252 718 1314 775 boc
1340 715 1541 777 dilectionem

347 841 443 883 nemo
475 823 572 883 babet
583 866 595 900 ,
628 828 668 883 ut
686 827 829 883 animam
851 841 948 882 suom
974 830 1079 902 ponat
1102 828 1175 903 pute
1192 844 1255 903 pro
1278 829 1393 885 amicte
1424 825 1541 902 suist).

348 934 516 994 Discamus
534 952 613 1012 ergo
630 933 795 992 aestimare
811 934 993 993 immensum
1004 934 1064 993 Dei
1081 935 1188 1012 optimi
1205 936 1329 994 maximi
1345 955 1424 1015 erga
1440 955 1541 1015 genus

347 1042 512 1103 humanum
531 1063 675 1102 amorem.
717 1043 776 1117 Qui
799 1043 883 1102 misit
905 1044 1012 1102 Filium
1037 1045 1171 1102 suumin
1190 1045 1418 1104 similitudinem
1436 1047 1541 1105 carnis

348 1154 483 1229 peccati,
500 1163 534 1212 ut
550 1173 607 1211 nos
625 1172 642 1212 a
657 1154 796 1230 peccatis
813 1154 991 1225 redimeret,
1009 1154 1117 1212 Filium
1134 1154 1325 1233 unigenitum
1343 1174 1430 1214 suum
1448 1156 1541 1214 morti

348 1262 492 1343 tradidit,
516 1273 550 1322 ut
572 1283 628 1322 nos
658 1265 695 1322 ab
723 1263 771 1322 ira
791 1264 869 1335 Dei,
893 1283 952 1340 qua
973 1264 1016 1322 nil
1033 1264 1180 1342 gravius,
1198 1284 1214 1321 e
1230 1274 1384 1342 potestate
1402 1274 1540 1334 satanae,

347 1391 407 1449 qua
430 1372 505 1431 nibil
530 1374 668 1444 tristius,
691 1394 709 1433 a
736 1384 836 1433 morto
863 1384 1002 1444 aeterna,
1027 1392 1085 1451 qua
1102 1375 1144 1432 nil
1159 1374 1358 1445 horribilius,
1381 1376 1539 1435 liberaret.

347 1480 425 1556 Quis
453 1501 583 1559 unquam
606 1485 673 1543 Rex
697 1484 729 1542 in
755 1483 891 1561 gratiam
913 1484 1074 1542 rebellium
1098 1484 1288 1544 subditorum
1306 1484 1399 1542 filium
1417 1486 1538 1545 unicum

346 1593 442 1652 morti
474 1594 641 1670 exposuit?
682 1594 789 1653 Simile
822 1595 865 1652 nil
898 1594 1055 1653 cernimus
1079 1595 1110 1653 in
1138 1596 1232 1653 rebus
1261 1595 1411 1656 humanis.
1452 1595 1538 1653 Atin

345 1713 451 1762 monte
484 1704 645 1763 calvariae
683 1703 834 1763 Dominus
871 1704 1110 1774 dominantium,
1142 1706 1210 1763 Rex
1241 1723 1350 1783 regum
1387 1704 1538 1780 piaculum

345 1821 489 1872 nostrum
521 1814 623 1873 iactus
657 1824 715 1874 est.
756 1813 922 1872 Enimvero
947 1833 1023 1891 opus
1046 1814 1113 1872 sine
1135 1815 1289 1890 exemplo,
1313 1815 1450 1873 ebaritas
1472 1813 1538 1871 sine

345 1924 451 1982 modo!
478 1923 553 1997 Quia
569 1924 722 1983 hominnm
740 1934 802 1983 tarn
820 1943 931 1983 sensns
950 1943 1077 2000 expers,
1103 1924 1200 1983 uthis
1218 1925 1313 2001 probe
1332 1923 1538 1984 consideratis
1560 1961 1566 1974 .

345 2051 406 2092 non
424 2042 584 2112 tangatur,
602 2052 661 2092 non
678 2043 741 2093 toto
759 2035 853 2095 cordo
870 2034 1010 2094 redamet
1025 2034 1086 2093 Dei
1102 2034 1221 2102 Filium,
1239 2034 1339 2091 nostri
1356 2033 1538 2091 amantissi-

344 2161 447 2212 mum,
480 2143 531 2219 qui
553 2162 628 2218 prae
657 2144 748 2202 nimio
777 2144 807 2201 in
829 2162 885 2201 nos
909 2161 1013 2203 amore
1035 2144 1131 2202 vitam
1149 2144 1247 2219 ipsam
1264 2162 1320 2219 pro
1338 2143 1425 2202 nobis
1444 2142 1537 2203 dedit.

341 2252 489 2330 Inspice,
508 2253 551 2311 ait
567 2253 730 2329 praeclare
751 2254 1009 2330 Augustinus,
1031 2253 1170 2313 vulnera
1187 2253 1371 2331 pendentis,
1398 2258 1537 2328 sanqui-

340 2380 418 2422 nem
433 2365 616 2438 morientis,
631 2365 773 2440 pretium
790 2362 990 2439 redimentis,
1010 2364 1181 2420 cicatrices
1197 2366 1410 2437 rccurpenb‘o.
1432 2359 1540 2441 Caput

339 2472 445 2532 tradet
458 2472 652 2532 inclinatum
669 2473 714 2531 od
729 2471 956 2547 osculandum,
977 2471 1113 2530 dracbia
1129 2477 1268 2531 extensa
1285 2473 1331 2531 cd
1344 2471 1535 2550 amplecan·

339 2584 434 2658 dum,
469 2588 572 2642 totum
604 2601 726 2661 corpus
748 2585 934 2661 expositum
957 2582 1002 2640 od
1025 2582 1256 2642 redimendum.
1296 2580 1390 2641 Haec
1412 2586 1537 2661 quanta

334 2696 425 2767 ciret,
449 2697 604 2769 copitote,
628 2696 708 2753 boec
723 2696 758 2752 in
783 2697 912 2751 statera
937 2696 1039 2750 occtrt
1055 2693 1166 2751 cordis
1184 2691 1370 2770 adpendite,
1395 2697 1433 2750 ut
1448 2696 1537 2750 totus

332 2801 434 2863 vobis
447 2803 569 2880 pparur
585 2806 620 2862 tn
636 2803 747 2880 corde,
766 2806 820 2882 put
842 2806 932 2862 totus
943 2822 1007 2881 pro
1024 2802 1118 2862 nodio
1131 2803 1225 2880 ficus·
1240 2806 1292 2861 est
1305 2806 1340 2861 in
1356 2820 1462 2862 cruce.

452 2908 483 2976 3.
507 2914 673 2974 Disesmus
691 2914 891 2973 severitatem
908 2914 969 2971 Dei
985 2913 1138 2989 punientis
1163 2913 1284 2981 timere,
1302 2912 1370 2988 qui,
1388 2902 1421 2970 nt
1436 2913 1535 2972 debita

333 3040 397 3100 pro
414 3023 553 3098 peccatis
570 3024 687 3082 nostris
705 3024 796 3082 fieret
812 3022 998 3091 satisfactio,
1015 3021 1173 3098 proprium
1190 3022 1298 3079 Filium
1323 3023 1421 3079 omnis
1439 3041 1535 3099 gene·

333 3133 384 3192 ris
403 3132 579 3208 opprobriis
601 3152 637 3193 ac
661 3132 852 3193 cruciatibus
877 3131 1005 3200 satiari,
1038 3141 1128 3208 atque
1157 3130 1471 3210 ignominiosissimae
1500 3150 1535 3192 ac

333 3243 577 3304 crudelissimae
594 3244 703 3302 mortis
721 3243 870 3319 supplicio
890 3242 1024 3300 adficere
1040 3241 1146 3300 voluit.

450 3367 481 3432 4.
498 3374 557 3430 Ast
578 3371 669 3429 simul
687 3371 718 3429 in
737 3389 823 3446 spem
841 3370 1018 3448 erigamur,
1039 3388 1128 3445 quum
1151 3370 1226 3448 qui,
1253 3375 1285 3429 ut
1309 3366 1353 3431 ait
1376 3368 1532 3448 Aposto-

332 3481 372 3538 ln
383 3498 417 3548 s,
445 3483 542 3538 etium
560 3483 698 3558 proprio
722 3479 810 3538 Filio
828 3498 889 3538 cuo
915 3498 983 3539 non
996 3482 1153 3557 pepercit,
1170 3479 1231 3538 ced
1240 3500 1304 3558 pro
1320 3482 1416 3541 nodis
1432 3487 1531 3543 omni·

333 3590 402 3649 dua
419 3589 558 3650 tradidit
571 3589 681 3650 illum:
698 3592 857 3670 quomodo
873 3609 940 3650 non
957 3594 1054 3648 ettam
1071 3608 1144 3649 cum
1159 3589 1217 3650 otto
1235 3595 1343 3652 omnia
1358 3593 1453 3654 nobis
1469 3594 1532 3653 do·

330 3699 479 3775 Mvii³):

450 3823 480 3886 5.
496 3828 596 3886 Porro
613 3829 703 3888 docet
720 3827 907 3890 sacrificium
925 3828 1031 3889 crucis
1048 3829 1171 3905 peceati
1188 3831 1387 3909 gravitatem,
1406 3832 1531 3910 ejusque

331 3937 441 3998 odium
457 3937 584 4016 ingerit.
608 3939 685 3997 Nam
702 3949 842 4014 peccato,
860 3939 948 4013 cujus
971 3939 1059 3997 virus
1081 3941 1202 3999 nonnisi
1220 3942 1370 4020 sanguine
1387 3942 1456 4000 lilii
1471 3944 1530 4002 Dei

330 4060 465 4131 poterat
481 4049 558 4120 tolli,
576 4049 617 4110 nil
634 4061 737 4128 potest
754 4071 824 4110 esse
842 4050 1069 4121 detestabilius,
1097 4053 1138 4111 nil
1161 4052 1229 4112 odio
1246 4053 1379 4132 dignius.
1403 4056 1450 4111 lix
1468 4058 1531 4111 toto

326 4163 442 4238 itaque
475 4161 574 4220 animo
600 4172 761 4238 peccatum
784 4162 954 4240 fugiamus,
977 4162 1147 4238 virtutique
1173 4165 1360 4225 studeamus.
1391 4164 1427 4222 Si
1450 4162 1529 4222 enim

326 4272 424 4332 Deus
458 4269 489 4327 in
512 4271 604 4329 nullis
628 4271 715 4328 nobis
739 4270 856 4339 defuit,
883 4272 1025 4347 numquid
1048 4271 1202 4331 deerimus
1227 4273 1286 4348 ipsi
1303 4273 1411 4330 nobis?
1451 4274 1528 4330 Num

326 4381 472 4442 animam
505 4389 643 4439 nostram
676 4381 807 4456 perdere
838 4381 1026 4450 valebimus,
1047 4398 1123 4457 quae
1154 4381 1218 4440 vito
1250 4381 1347 4458 ipsius
1377 4383 1436 4441 Dei
1460 4382 1529 4439 Filii

326 4489 498 4554 constitit?

448 4591 479 4658 6.
498 4598 634 4657 Tandem
666 4597 898 4674 despicientiam
925 4599 1073 4657 bonorum
1097 4600 1303 4660 aemulorum
1328 4600 1528 4663 commendat.

326 4775 557 4801 nnn-¹¹⁸⁸·-

449 4889 475 4971 ¹)
494 4886 523 4957 1.
539 4887 632 4958 doen.
647 4886 680 4976 4,
699 4887 750 4956 10.
766 4923 812 4940 —
827 4892 854 4974 ²)
870 4890 962 4956 doen.
980 4887 1032 4966 15,
1051 4889 1101 4956 13.
1120 4928 1162 4940 -
1179 4895 1207 4973 ⁸)
1222 4893 1310 4956 Rom.
1327 4889 1358 4968 8,
1376 4888 1428 4957 32.
