3775 5625
342 410 411 490 tet

451 586 621 651 calviniani
638 597 738 648 autem
756 606 772 648 e
791 586 962 659 contrario,
979 588 1118 667 quemvis
1135 588 1171 649 de
1189 607 1245 650 sua
1259 589 1390 668 propria
1408 589 1531 670 praede·

348 702 516 762 stinatione
543 706 749 760 certumesse
775 700 907 769 debere,
940 710 971 759 et
1003 701 1122 778 quidem
1156 702 1340 761 certitudine
1372 703 1447 762 fidei
1477 715 1536 764 eta·

345 814 480 874 tutabant.

454 916 582 982 Veritas
615 916 779 982 Catholica
810 928 978 1003 utrumque
1006 937 1166 992 errorem,
1198 929 1262 982 tam
1292 919 1537 1006 Pelagianorum

345 1050 439 1115 quam
456 1026 833 1101 Praedestinatianorum‚
849 1026 964 1111 rejicit,
982 1039 1075 1112 atque
1092 1029 1196 1102 docet,
1213 1028 1536 1111 praedestinationem

345 1138 424 1213 dari,
441 1135 600 1201 neminem
617 1148 722 1200 tamen
740 1136 810 1200 sine
821 1135 955 1221 speciali
970 1134 1167 1200 revelatione
1184 1135 1269 1200 seire
1281 1158 1394 1221 posse,
1412 1160 1449 1203 se
1467 1160 1536 1205 esse

344 1267 518 1313 enumero
541 1245 863 1330 praedestinatorum.
902 1247 945 1310 Et
970 1247 1050 1310 haec
1082 1246 1209 1331 quidem
1242 1246 1426 1334 dogmatice
1451 1262 1535 1313 certa

344 1369 430 1422 sunt.
455 1356 566 1434 Quoad
586 1354 726 1419 indolem
750 1369 856 1419 autem
877 1354 1182 1439 praedestinationis
1198 1356 1348 1420 Ecclesia
1370 1356 1447 1420 nihil
1464 1357 1535 1421 deii·

344 1465 432 1540 nivit,
448 1477 480 1529 et
497 1464 656 1550 Theologi
671 1485 787 1534 revera
802 1464 835 1528 in
852 1466 935 1529 duas
953 1465 1100 1529 diversas
1115 1477 1225 1549 partes
1249 1464 1449 1531 scinduntur.
1480 1467 1537 1531 Alii

345 1575 460 1661 quippe
483 1576 693 1649 contendunt,
714 1575 816 1638 Deum
838 1575 960 1639 electos
983 1595 1061 1638 suos
1078 1574 1214 1659 primum
1231 1574 1394 1639 destinare
1411 1578 1452 1640 ad
1469 1578 1533 1664 glo·

341 1684 440 1759 riam,
456 1697 523 1748 tum
544 1683 680 1771 gratiam
698 1697 730 1748 et
745 1683 1018 1768 perseverantiam
1035 1686 1233 1758 concedere,
1250 1696 1285 1747 ut
1301 1697 1392 1748 certo
1415 1687 1534 1751 salven·

346 1808 409 1869 tur,
426 1814 506 1879 quos
523 1794 648 1858 salvare
666 1793 822 1868 decrevit,
843 1793 863 1857 i.
886 1815 913 1857 e.
930 1815 995 1858 non
1012 1794 1188 1869 attendere,
1205 1795 1366 1882 quomodo
1384 1794 1451 1859 sint
1466 1817 1534 1883 gra·

341 1904 409 1970 tiae
426 1902 520 1968 donis
536 1903 641 1979 usuri,
662 1905 721 1969 sed
737 1925 755 1967 e
771 1924 880 1968 massa
895 1903 1095 1988 perditorum
1111 1902 1242 1990 eligere,
1259 1925 1470 1990 quoscunque
1485 1927 1535 1968 vo·

343 2013 452 2088 luerit,
484 2025 578 2099 atque
603 2012 729 2077 illorum
757 2012 960 2077 sanctitatem
982 2034 1020 2077 ac
1036 2013 1311 2097 perseverantiam
1331 2013 1462 2079 finalem
1478 2037 1536 2079 nou

276 2118 278 2126 ’
344 2144 419 2188 esse
437 2143 569 2187 causam
586 2118 898 2206 praedestinationis,
915 2142 1010 2206 quam
1025 2121 1132 2207 potius
1150 2123 1219 2206 ejus
1237 2120 1397 2186 effectum.
1425 2124 1536 2189 Paucis

346 2232 509 2319 Theologi
543 2232 575 2295 hi
614 2233 796 2296 absolutum
826 2231 1130 2314 praedestinationis
1163 2233 1326 2296 decretum
1359 2232 1535 2298 defendunt.

342 2342 396 2407 Ex
428 2343 489 2406 hae
519 2354 611 2426 parte
648 2352 734 2405 stant
769 2340 996 2405 Thomistae
1036 2354 1069 2405 et
1099 2339 1389 2428 Augustiniani.
1447 2344 1535 2429 Apud

344 2450 418 2515 illos
436 2449 685 2536 praedestinatio
705 2462 853 2514 versatur
875 2449 963 2514 eirca
985 2452 1152 2515 decretum
1175 2448 1269 2515 dandi
1291 2450 1416 2537 gratias
1433 2451 1534 2517 effica-

343 2581 400 2624 ces
413 2558 546 2644 physice
567 2560 825 2633 determinantes,
842 2561 927 2644 apud
943 2561 1004 2624 hos
1022 2559 1109 2624 circa
1130 2561 1266 2624 dandam
1288 2560 1533 2626 delectationem

344 2668 510 2733 moraliter
525 2667 701 2732 victricem.
739 2666 802 2732 Alii
818 2680 924 2732 autem
941 2669 1068 2744 docent,
1084 2681 1206 2733 tantum
1222 2668 1307 2743 illos,
1323 2692 1405 2754 quos
1425 2671 1537 2759 dignos

344 2797 403 2844 seu
433 2790 643 2864 praeparatos
674 2778 802 2843 tuturos
826 2798 900 2842 esse
925 2777 1128 2863 praevideat,
1151 2777 1314 2843 destinare
1331 2780 1371 2843 ad
1387 2780 1535 2867 gratiam,

344 2901 377 2952 et
391 2910 471 2974 quos
486 2889 519 2952 in
535 2887 641 2976 gratia
657 2900 926 2972 perseveraturos
943 2909 1018 2952 esse
1035 2887 1177 2971 praescit
1193 2908 1293 2973 usque
1311 2886 1473 2964 adfinem,
1490 2892 1536 2954 de·

344 2997 463 3062 stillare
484 3001 524 3062 ad
545 2999 683 3063 suturam
706 2997 853 3084 gloriam.
893 2999 957 3061 Pro
980 2997 1138 3062 sententia
1160 2999 1220 3062 hac
1236 2998 1537 3081 praedestinationis

343 3106 565 3193 hypotheticae
582 3119 669 3172 stant
683 3105 924 3181 Molinistac‚
941 3119 1035 3191 atque
1048 3106 1208 3193 Theologi
1225 3106 1431 3171 recentiores
1448 3109 1536 3172 facile

344 3239 477 3292 omnes,
514 3217 627 3303 quibus
659 3229 692 3280 et
721 3236 783 3279 nos
814 3216 1054 3299 adstipulamur.
1101 3219 1279 3301 Antequam
1318 3227 1430 3281 tamen
1471 3240 1535 3282 scn-

343 3327 474 3392 tentiam
491 3329 572 3392 hane
589 3328 862 3401 demonstremus,
880 3325 1027 3390 doctrina
1041 3324 1210 3390 Ecclesiae
1227 3337 1316 3389 certa
1332 3325 1426 3410 prius
1444 3347 1535 3411 expo·

344 3437 448 3500 nenda
464 3449 523 3501 est.

449 3547 626 3610 Probamus
647 3545 753 3630 itaque
776 3557 849 3609 ante
871 3544 995 3620 omnia,
1018 3542 1345 3629 praedestinationem
1361 3544 1536 3630 generatim

346 3665 524 3738 spectatam
541 3654 618 3717 dari.
642 3655 769 3719 Doceat
783 3657 847 3719 hoc

450 3766 488 3826 A.
506 3765 566 3826 SS.
589 3762 768 3829 Litterae
793 3763 923 3829 disertis
944 3762 1063 3828 verbis.
1104 3760 1184 3840 Quid
1201 3760 1286 3825 enim
1302 3761 1427 3825 clarius
1445 3775 1533 3847 atque

344 3870 541 3956 expressius
558 3892 650 3956 quam
666 3874 765 3937 verba
782 3872 978 3938 salvatoris:
1022 3871 1174 3935 Gaudete
1190 3873 1280 3952 quod
1297 3878 1460 3934 nomina
1479 3893 1534 3933 ve·

344 3992 434 4045 atra
450 3979 609 4062 scriptu
630 3992 725 4046 su'nt
743 3990 783 4044 tn
806 3984 983 4060 coelts¹),
1007 4001 1064 4044 seu
1079 3988 1119 4042 tn
1136 3983 1243 4042 libro
1260 3986 1381 4058 ottae,
1404 3992 1440 4043 ut
1456 3984 1533 4063 Apo·

345 4093 448 4156 stolus
473 4091 664 4174 explicate),
690 4091 709 4155 i.
736 4112 763 4155 e.
789 4089 940 4175 quoniam
960 4089 1053 4152 vobis
1069 4091 1165 4179 Pater
1182 4087 1335 4152 coelestis
1352 4087 1533 4153 felicitatem

344 4199 456 4286 largiri
488 4201 656 4263 decrevit?
695 4204 796 4285 Atque
828 4199 957 4263 effatum
977 4199 1069 4262 illud:
1116 4202 1229 4260 Venite
1245 4200 1406 4260 denedicti
1423 4200 1533 4261 Patris

345 4317 416 4383 enei,
445 4313 613 4390 possidete
647 4319 832 4391 paratum
863 4313 975 4370 vodis
1007 4330 1164 4386 regnum
1196 4330 1216 4368 a
1248 4313 1532 4369 constitutione

343 4421 532 4496 mundt³)?
555 4419 675 4497 Quibus
691 4419 800 4482 verbis
817 4418 936 4481 diserte
959 4416 1107 4482 Christus
1124 4416 1282 4478 Dominus
1299 4427 1459 4488 testatur,
1482 4417 1529 4476 ho·

344 4527 482 4591 minibus
499 4527 612 4610 probis
629 4528 822 4601 felicitatem,
839 4547 931 4611 quam
949 4525 1116 4610 aliquando
1135 4524 1341 4588 consecuturi
1359 4538 1450 4600 sunt,
1464 4525 1527 4588 inde

345 4638 383 4700 ab
404 4649 536 4701 aeterno
561 4650 781 4720 praeparatam
806 4657 897 4709 esse,
930 4647 1027 4718 prout
1047 4634 1131 4697 idem
1150 4632 1416 4722 praecedentibus
1435 4632 1525 4718 quoad

454 4880 480 4954 ¹)
497 4877 570 4941 Luc.
589 4874 642 4949 10,
660 4873 713 4940 20.
731 4911 773 4922 -
791 4881 819 4956 ²)
836 4875 932 4956 Apoe.
951 4873 1004 4954 20,
1024 4871 1076 4938 15.
1094 4910 1134 4922 -
1155 4871 1182 4962 ³)
1200 4876 1310 4940 Matth.
1330 4871 1384 4955 25,
1401 4872 1452 4942 34.
