3775 5625
1448 415 1510 484 197

293 588 513 670 ymentum
551 582 743 662 denique,
785 603 805 641 o
844 589 999 642 saiano
1039 588 1243 645 inoectom
1283 589 1321 645 in
1359 585 1511 649 Eeote·

294 698 483 762 nieme.
499 711 528 752 s.

427 798 466 862 St
497 805 573 881 pois
604 801 749 878 dicerit,
782 819 860 860 non
892 821 982 860 esse
1013 807 1052 861 in
1079 809 1282 880 potestate
1317 806 1510 885 bominis,

299 919 408 981 vioe
437 930 538 971 suos
568 909 701 970 motos
736 912 899 987 facere,
940 913 1014 971 sed
1050 913 1154 972 niolo
1193 933 1315 991 opero
1354 921 1430 993 ito,
1471 923 1516 978 ut

307 1028 441 1099 boos,
474 1020 597 1080 Deum
634 1025 819 1098 operari,
853 1039 931 1080 non
959 1026 1206 1099 permissive
1245 1024 1401 1101 solum,
1443 1028 1515 1086 sed

313 1137 437 1194 etiam
463 1134 647 1209 proprie,
682 1135 719 1189 et
745 1149 818 1207 per
849 1149 911 1205 se,
937 1132 1035 1190 odeo
1058 1137 1400 1212 utsitpropriom
1426 1139 1514 1212 ejus

234 1249 239 1258 '
322 1260 429 1320 opos
458 1259 548 1299 nom
578 1241 960 1318 minosproditio
985 1239 1160 1317 Iudae,
1193 1250 1512 1322 pooroooootio

254 1377 256 1382 ·
329 1348 599 1422 Posti:o.s.¹).

426 1460 476 1522 Ex
492 1457 606 1543 quibus
622 1455 793 1544 colligitur,
810 1456 1002 1522 sententiam
1018 1479 1117 1542 supra
1129 1458 1329 1543 propositam
1346 1462 1386 1523 ad
1403 1462 1510 1526 solen·

338 1566 403 1631 niter
423 1566 583 1632 definitam
613 1565 791 1630 doctrinam
814 1566 1010 1631 catholicam
1034 1568 1211 1652 pertinere,
1229 1580 1322 1654 atque
1345 1569 1513 1635 arbitrium

340 1689 465 1741 nostrum
495 1676 591 1742 etiam
616 1688 692 1761 post
714 1677 838 1760 lapsum
870 1676 1003 1763 generis
1024 1677 1151 1740 humani
1177 1699 1241 1742 non
1266 1690 1388 1742 tantum
1404 1700 1423 1743 a
1439 1701 1512 1745 coa·

299 1833 304 1846 .
342 1785 427 1852 ctione
458 1799 593 1851 externa
613 1785 645 1849 in
669 1786 897 1861 exsecutione,
929 1788 987 1850 sed
1016 1799 1049 1851 et
1069 1789 1108 1850 ab
1141 1788 1228 1851 omni
1249 1788 1444 1854 necessitate
1462 1789 1509 1854 in·

343 1906 426 1972 terna,
457 1896 525 1962 sive
549 1896 683 1981 physica
704 1895 772 1961 sive
794 1896 921 1971 morali,
939 1917 1001 1981 qna
1018 1897 1144 1960 tollatur
1160 1896 1376 1963 indifferentia
1392 1900 1432 1963 ad
1449 1900 1511 1963 ele·

344 2003 458 2071 ctionem
478 2006 563 2072 inter
587 2007 669 2071 duos
691 2007 741 2070 vel
762 2007 870 2091 plures
895 2006 1051 2071 terminos
1069 2006 1234 2082 diversos,
1252 2007 1319 2072 sive
1338 2008 1510 2094 oppositos

345 2112 394 2179 sive
422 2116 515 2182 etiam
540 2115 739 2191 contrarios,
756 2116 788 2179 in
805 2115 962 2181 exercitio
980 2138 1038 2180 seu
1055 2115 1087 2179 in
1106 2116 1155 2181 sui
1173 2117 1438 2182 determinatione
1455 2118 1512 2183 im·

255 2213 258 2218 ¹
298 2241 300 2246 ·
345 2244 516 2292 nuneesse.

296 2329 301 2338 ’
428 2337 586 2401 Probatur
602 2348 708 2400 autem
724 2347 838 2399 contra
854 2334 1059 2399 adversarios
1077 2336 1195 2422 dogma
1211 2334 1425 2401 Catholicnm:

431 2447 458 2513 1.
477 2468 520 2512 ex
536 2450 596 2511 SS.
612 2445 792 2510 Litteris.
816 2446 886 2509 Huc
903 2444 1070 2529 pertinent·

430 2580 459 2620 a.
476 2555 555 2630 loci,
576 2555 628 2640 qui
649 2553 816 2618 veritatem
839 2566 984 2617 nostram
1006 2553 1136 2618 disertis
1158 2553 1267 2619 verbis
1284 2554 1462 2631 enarrtiant,
1481 2570 1515 2622 ut

233 2686 256 2734 .·‚
272 2729 275 2734 ,
344 2680 364 2723 t.
376 2684 431 2749 gn:
452 2668 567 2728 Testes
581 2673 694 2728 inoooo
711 2668 806 2727 bodie
822 2667 960 2743 eoelum,
980 2673 1012 2727 et
1026 2674 1163 2744 terram,
1182 2669 1272 2748 qood
1282 2674 1514 2747 proposuerim

344 2776 413 2838 ooiis
427 2783 538 2855 oitom,
556 2784 589 2838 et
602 2783 751 2855 mortem,
771 2777 1036 2855 benedictionem,
1055 2785 1087 2838 et
1102 2778 1372 2863 maledictionem.
1400 2778 1515 2856 Elipe

344 2903 416 2963 erpo
435 2894 552 2950 oitom
560 2933 572 2965 ‚
598 2881 641 2949 ot'
649 2894 682 2947 et
700 2894 735 2948 to
750 2891 862 2963 oiooe,
881 2894 914 2947 et
927 2907 1038 2948 semem
1053 2890 1192 2965 tuom).
1232 2886 1321 2950 Deus
1337 2885 1437 2973 igitur
1454 2888 1509 2950 du·

261 3060 281 3081 .·
344 2990 412 3060 daeis
426 2995 578 3082 proponit
593 3008 657 3060 tam
679 2995 798 3058 bonnm
815 3016 908 3081 quam
924 2995 1055 3070 malum,
1082 2995 1133 3060 cui
1153 2995 1356 3082 indulgentes
1377 3009 1514 3060 mortem

261 3102 275 3167 ’ἱ
331 3099 395 3168 ¹siva
408 3118 568 3171 aeternam
582 3103 800 3169 infelicitatem
817 3104 1023 3169 consecuturi
1039 3104 1119 3177 sint;
1138 3125 1258 3190 eosque
1275 3106 1465 3169 exhortatur
1475 3107 1514 3169 ad

343 3208 443 3281 divinas
458 3216 550 3303 leges
567 3215 796 3290 observandas,
812 3236 852 3279 ne
869 3236 888 3278 a
904 3227 993 3279 recta
1008 3213 1060 3278 via
1076 3215 1288 3288 abducantur3
1307 3227 1339 3278 et
1354 3236 1513 3301 expresse

233 3345 249 3399 '.
342 3320 555 3414 defigendam
570 3326 668 3389 vitam
685 3325 813 3389 excitat.
855 3327 923 3404 Qua
943 3323 1069 3388 ratione
1085 3336 1192 3389 autem
1208 3325 1289 3388 haec
1304 3324 1374 3388 fieri
1391 3326 1512 3411 potuis·

246 3429 258 3440 '
342 3445 413 3510 sent,
437 3436 465 3501 si
480 3437 577 3500 homo
604 3434 696 3500 liberi
713 3435 837 3500 arbitrii
853 3456 972 3520 expers
990 3437 1103 3499 esset?
1134 3433 1276 3498 Deinde:
1293 3437 1333 3498 N
1334 3458 1382 3499 on
1399 3441 1513 3499 dise·

237 3524 245 3535 ”
266 3570 272 3581 ·
343 3546 399 3606 ris:
413 3549 492 3610 Per
508 3547 631 3609 Deum
648 3550 763 3609 obest
778 3544 984 3630 (sapientia):
1002 3567 1087 3628 quoe
1103 3551 1187 3606 enim
1208 3549 1293 3624 odit,
1318 3569 1359 3608 ne
1377 3552 1512 3627 seceris.

343 3646 409 3716 Non
438 3662 569 3720 dicos:
601 3659 677 3719 lite
708 3679 763 3718 me
793 3660 1066 3738 implantooit,
1091 3656 1120 3718 b.
1143 3675 1170 3719 e.
1197 3655 1442 3740 peccaresecit‚
1461 3656 1511 3720 vel

339 3753 411 3836 Juxta
430 3777 551 3830 textum
571 3785 743 3851 graecum,
766 3766 861 3828 Deos
883 3787 933 3827 me
945 3769 1062 3846 pinsit,
1087 3785 1133 3828 sc.
1151 3765 1262 3839 talem,
1280 3766 1320 3829 ad
1336 3765 1387 3849 pie
1403 3765 1512 3830 viven-

233 3941 241 3948 ,
264 3958 272 3965 ι
343 3861 492 3939 lunbaud
508 3873 679 3938 idoneum:-
697 3897 775 3937 non
795 3882 896 3937 enim
923 3880 1149 3936 necessarii
1169 3884 1264 3937 sont
1279 3882 1312 3936 ei
1336 3881 1514 3936 borsines

234 3982 237 3991 '
343 3974 439 4059 inpii,
454 4022 499 4032 —
515 3985 623 4047 Deos
640 3988 685 4046 od
702 3991 819 4047 initio
838 3989 1277 4062 constituitbomimem,
1297 3986 1517 4066 etreliquit

342 4085 494 4158 illumin
513 4117 628 4157 mamm
649 4097 813 4156 consilii
837 4100 912 4155 sui.
937 4095 1099 4170 Adjeoit
1114 4097 1316 4170 monetote,
1344 4102 1381 4155 et
1391 4116 1513 4174 proe-

344 4209 434 4276 cepta
448 4225 539 4266 suo:
554 4208 585 4264 si
599 4205 778 4266 volueris
794 4205 983 4265 mandata
999 4223 1188 4280 servare,
1215 4207 1516 4267 conservabunt

237 4350 242 4357 ·
300 4378 302 4383 ,
345 4304 380 4368 ²⁶·
406 4347 443 4359 —
473 4316 676 4395 Apposuit
705 4316 1160 4395 tidioqmom,etipnem:
1197 4315 1512 4394 adquodootue·

345 4416 405 4494 fit,
417 4430 582 4502 porripe
598 4444 752 4486 monum
768 4431 887 4485 tuom.
913 4425 1013 4484 Ante
1028 4428 1217 4483 borninem
1233 4429 1318 4485 vito
1331 4429 1373 4485 'et
1387 4445 1511 4502 mors,

345 4515 457 4594 donum
474 4541 511 4595 et
525 4535 692 4596 molum:
708 4537 1096 4615 qoodploooerilei,
1124 4535 1289 4595 debitor
1316 4536 1392 4599 titt.
1419 4534 1514 4594 Oculi

428 4769 452 4850 ¹)
468 4770 549 4833 Sese.
571 4775 599 4832 6.
623 4792 688 4834 con.
709 4775 804 4834 4-6.
830 4808 871 4818 -
902 4767 927 4858 ²)
943 4773 1034 4834 Deut.
1052 4769 1112 4848 30,
1136 4768 1177 4833 19
1198 4793 1220 4834 s.
1240 4771 1286 4834 Of.
1303 4770 1371 4832 Jos.
1389 4767 1442 4848 24,
1463 4766 1513 4834 15·

342 4835 382 4909 22.
396 4855 435 4923 a.
451 4860 481 4940 1,
499 4859 549 4926 19.
566 4859 620 4926 20.
