3775 5625
347 391 415 485 ⁵04

345 561 487 638 stinus,
507 558 559 650 qui
576 559 666 639 dicit,
682 560 829 627 timorem
847 582 921 628 csse
937 560 1213 639 medicamentum,
1229 559 1346 630 medici
1362 560 1527 630 ferramen-

346 687 427 746 tum,
460 672 645 738 charitatem
669 694 747 736 uero
780 672 949 737 sanitatem
965 679 1006 753 ¹),
1038 672 1358 757 Hieronymus2),
1395 675 1529 761 Grego

345 782 430 848 rius
446 783 503 857 tt,
520 783 611 867 cujus
627 782 726 846 verba
743 794 832 846 sunt:
857 786 972 845 Pruna
987 804 1089 864 niens,
1108 789 1143 844 si
1166 805 1243 847 non
1262 789 1379 861 prius
1401 806 1473 862 per
1489 791 1531 849 ti·

347 914 489 955 morem
512 896 727 965 evertitur,
752 899 797 955 ab
821 899 995 956 assuetis
1020 893 1131 955 uitiis
1154 914 1228 955 non
1252 895 1533 974 emundatur³).

345 1004 478 1093 Praeter
495 1000 575 1065 alios
587 1005 627 1080 4).
658 1001 792 1065 Accedit
808 1000 900 1065 ratio.
931 1002 1012 1067 Nam
1029 1014 1142 1065 natura
1157 1001 1282 1065 timoris
1300 1014 1366 1077 est,
1390 1016 1426 1066 ut
1442 1004 1536 1090 lugiet

346 1099 444 1186 mala,
469 1123 501 1173 et
524 1121 656 1195 quaerat
678 1108 834 1184 remedia,
852 1110 964 1195 qmbus
986 1108 1038 1173 illa
1054 1110 1189 1175 evadere
1205 1110 1386 1194 possimus;
1413 1111 1466 1197 qui
1488 1133 1535 1176 au·
1582 1188 1585 1199 Ι

346 1232 411 1284 tem
442 1218 511 1283 sinc
542 1217 662 1282 timore
682 1230 748 1292 est,
772 1239 874 1304 neque
898 1218 950 1283 illa
975 1218 1066 1293 vitat,
1091 1240 1193 1303 neque
1216 1220 1255 1283 de
1279 1219 1329 1284 his
1354 1220 1542 1290 adhibendis.

348 1327 505 1402 sollicitus
530 1339 588 1393 est.

455 1456 486 1519 2.
511 1458 641 1540 Spem,
665 1476 727 1541 qua
742 1453 879 1529 scilicet,
902 1467 935 1519 ut
954 1454 1130 1519 Concilium
1146 1456 1258 1530 habet,
1275 1455 1422 1533 fidimus,
1438 1460 1536 1523 Deum

347 1564 440 1629 nobis
458 1576 592 1649 propter
610 1564 776 1629 Christum
789 1564 962 1648 propitium
979 1564 1065 1639 sore,
1083 1576 1114 1628 et
1130 1586 1209 1650 quae
1227 1586 1268 1629 ex
1283 1565 1346 1631 fide
1363 1587 1429 1630 uon
1446 1589 1537 1632 secus

347 1697 387 1740 ac
400 1674 498 1740 timor
514 1673 666 1738 nascitur.
697 1674 820 1738 Eadem
836 1673 919 1738 enim
935 1673 1032 1749 fides,
1057 1696 1137 1760 quae
1154 1677 1263 1749 docet,
1284 1676 1388 1739 Deum
1400 1676 1537 1759 judicem

347 1806 422 1850 esse
438 1781 655 1867 justissimum
671 1796 703 1848 et
718 1783 876 1848 vindicem
897 1796 1105 1868 peccatoram
1127 1784 1334 1859 acerrimum,
1359 1798 1456 1871 atquc
1472 1786 1536 1858 ideo

348 1895 527 1981 geliennam
551 1892 637 1980 ignis
658 1892 928 1980 inexstinguibilis
944 1894 1171 1978 peccatoribus
1188 1893 1356 1958 obstinatis
1374 1907 1407 1957 et
1422 1895 1536 1981 impoe-

347 2002 519 2068 nitentibus
535 2023 765 2087 praeparasse,
783 2004 878 2067 docet
894 2003 1005 2078 etiam,
1022 2000 1157 2089 eundem
1174 2025 1248 2068 esse
1263 2016 1389 2088 patrem
1407 1979 1535 2070 clemen:

347 2112 524 2188 tissimum,
549 2124 581 2175 et
603 2114 687 2177 nolle
710 2124 847 2177 mortem
863 2126 1087 2197 peccatorum,
1105 2114 1163 2178 sed
1178 2126 1213 2177 ut
1229 2126 1460 2179 convertantur
1476 2137 1534 2185 ma·

349 2221 417 2309 gis,
440 2234 472 2285 et
493 2221 615 2296 vivant,
636 2233 729 2307 atque
750 2220 823 2287 ideo
846 2222 960 2287 Filium
977 2222 1118 2288 suumin
1135 2236 1255 2288 terram
1269 2222 1418 2309 misisse,
1435 2246 1475 2290 ac
1489 2247 1535 2310 pa·

348 2342 453 2395 ratum
475 2351 548 2395 esse
570 2331 609 2394 ad
629 2343 819 2415 peccatores
842 2344 974 2416 propter
996 2331 1110 2396 merita
1126 2332 1258 2416 hujusce
1273 2331 1344 2396 titii
1361 2333 1413 2397 sui
1431 2356 1537 2398 omnes

347 2439 380 2503 in
397 2438 534 2527 gratiam
550 2438 768 2524 recipiendos,
786 2439 815 2503 si
830 2439 1060 2524 poenitentiam
1090 2461 1205 2528 agere,
1229 2454 1260 2503 et
1283 2443 1323 2505 ad
1347 2464 1385 2506 se
1410 2464 1453 2507 ex
1476 2456 1536 2508 toto

350 2549 449 2625 eorde
470 2547 576 2612 redire
600 2548 766 2613 voluerint.
797 2551 887 2615 Hanc
910 2572 1002 2634 spem
1026 2550 1216 2614 obtinendae
1239 2550 1351 2615 veniae
1369 2550 1537 2636 disponere

350 2658 389 2721 ad
416 2656 587 2742 justitiam,
620 2670 651 2721 et
679 2658 903 2723 remissionem
933 2672 1157 2745 peccatorum,
1187 2660 1283 2723 docet
1313 2663 1538 2744 Apostolus,

351 2789 446 2854 qurum
464 2766 591 2831 scribit:
625 2768 705 2848 Spe
728 2774 813 2832 enim
837 2775 941 2834 salvi
962 2773 1067 2845 facti
1091 2791 1244 2852 sumus,
1270 2778 1397 2849 ruarmo
1424 2777 1540 2834 scilicet

350 2884 494 2958 adoptati
510 2898 620 2940 santus
629 2883 664 2940 in
676 2882 819 2955 sitisset
833 2883 987 2942 haeredes
1002 2883 1065 2941 Dei
1078 2883 1115 2959 ⁵).
1127 2881 1170 2942 Et
1186 2878 1273 2943 alibi:
1291 2883 1455 2943 Adeamus
1468 2903 1537 2960 eruo

350 3009 433 3050 cum
453 2992 614 3062 fiducia
637 2997 681 3050 ad
703 2992 856 3051 thronum
875 2994 1024 3070 prutina,
1051 3001 1091 3052 ut
1113 2995 1431 3051 misericordiam
1456 3011 1538 3052 cart·

352 3118 574 3177 sequamur,
598 3109 631 3159 et
650 3103 791 3175 qratiam
808 3102 1010 3159 inveniamus
1027 3103 1061 3158 in
1077 3103 1206 3160 auritio
1224 3109 1408 3176 opportuno
1423 3098 1461 3176 ⁶).
1492 3101 1538 3162 At·

351 3227 411 3292 que
429 3206 613 3269 Salvator
631 3205 701 3291 ipse
718 3206 756 3268 ad
773 3205 980 3290 paralyticum
998 3206 1055 3269 ait:
1081 3207 1248 3281 &enfide
1262 3210 1352 3287 fili,
1372 3212 1539 3297 remittun-

352 3329 406 3378 tur
423 3321 480 3378 titi
492 3327 624 3393 peccata
647 3328 702 3378 tua
713 3319 750 3395 ⁷).
782 3315 854 3378 Non
875 3315 967 3399 prius
982 3314 1139 3378 Dominus
1156 3315 1366 3398 paralyticum
1378 3315 1540 3399 justificat,

352 3445 444 3510 quam
462 3422 492 3486 ci
509 3423 645 3488 diceret:
674 3425 806 3500 Confide
819 3428 884 3502 fita·
907 3423 965 3488 sed
981 3436 1094 3487 contra
1110 3423 1199 3508 prius
1217 3422 1305 3487 dicit:
1336 3424 1471 3500 Oortfide
1483 3429 1539 3502 fili·

352 3545 476 3596 etcum
500 3552 572 3595 eum
595 3545 738 3597 erectum
761 3532 792 3594 iu
810 3553 901 3616 spem
925 3532 1037 3596 salutis
1061 3532 1164 3606 uidet,
1189 3532 1289 3595 addit:
1323 3535 1541 3597 Remittentur

324 3692 329 3699 .
353 3648 410 3705 titi
424 3655 556 3721 peccata
572 3653 637 3703 tua.
658 3641 692 3703 ld
708 3641 813 3725 ipsum
829 3654 933 3705 atatem
951 3641 1069 3706 axillis
1087 3662 1210 3728 quoque
1228 3641 1391 3728 colligitur
1410 3645 1444 3706 S.
1463 3641 1539 3706 Scri·

351 3776 616 3790 *-

460 3842 485 3923 ¹)
505 3845 555 3904 Tr.
573 3845 602 3902 9.
619 3843 653 3902 in
669 3845 754 3922 epist.
770 3847 862 3906 Joan.
879 3865 909 3903 n.
927 3848 957 3905 4.
975 3843 1055 3924 Opp.
1073 3845 1110 3903 Τ.
1129 3841 1158 3906 3.
1175 3846 1211 3907 P.
1228 3841 1258 3906 2.
1275 3865 1301 3903 c.
1320 3841 1398 3908 888.
1416 3845 1541 3905 Stimu-

354 3935 408 3993 tat
429 3933 559 3994 timor:
583 3937 636 3994 sed
650 3935 714 3995 noli
730 3935 844 4009 timere,
861 3936 958 3996 intrat
974 3936 1123 4017 charitas,
1141 3942 1330 4011 pudescunt,
1349 3941 1432 4011 quod
1447 3939 1541 3995 aulne-

353 4034 403 4085 rat
418 4026 517 4086 timor.
544 4025 758 4087 TimorDei
782 4028 838 4086 sic
860 4030 1041 4097 uulnerat,
1060 4031 1240 4102 quomoda
1264 4027 1403 4086 medici
1422 4029 1542 4105 ferra·

354 4126 525 4191 mentum·
549 4118 781 4195 putredinem
812 4119 927 4189 tollit,
953 4125 985 4178 et
1008 4119 1119 4194 quasi
1142 4118 1300 4178 uidetur
1323 4121 1468 4177 vulnus
1492 4140 1542 4177 au·

352 4229 444 4287 pere.
462 4245 503 4253 —
523 4210 622 4286 Opus
637 4217 692 4269 est
706 4228 789 4285 erpo,
805 4216 844 4268 ut
859 4209 980 4269 intret
994 4210 1108 4269 timor
1123 4210 1258 4286 primo,
1274 4228 1329 4286 per
1346 4230 1434 4284 quem
1451 4210 1544 4268 ueniat

356 4298 500 4360 charitas.
534 4300 657 4360 Timor
687 4300 999 4371 medicamentum,
1025 4299 1160 4360 charitas
1183 4300 1310 4361 sanitas.
1329 4336 1372 4344 —
1393 4300 1416 4380 ²)
1436 4302 1542 4361 Comm.

355 4392 391 4451 in
405 4392 535 4455 Malaca.
553 4395 580 4461 1,
599 4395 626 4453 6.
644 4391 724 4471 Opp.
741 4393 779 4453 T.
798 4389 828 4454 6.
847 4413 871 4450 c.
890 4389 953 4452 947
973 4413 995 4453 s.
1017 4393 1087 4451 Vult
1099 4392 1265 4461 Dominus,
1284 4428 1325 4436 —
1343 4400 1378 4450 ut
1393 4428 1436 4436 —
1455 4414 1474 4450 a
1489 4412 1544 4451 ma-

357 4483 396 4542 iis
407 4501 475 4558 per
491 4483 767 4561 suppliciorum
783 4483 1030 4561 formidinem
1045 4486 1269 4554 recedamus,
1286 4490 1325 4541 ut
1348 4486 1391 4541 de
1415 4484 1545 4542 timore

357 4593 546 4634 seruorum
570 4577 617 4632 ad
639 4574 804 4650 pieriam
822 4573 1001 4652 fitiorum
1017 4582 1215 4637 transeamus.
1234 4611 1275 4618 -
1293 4568 1320 4657 ³)
1337 4576 1430 4636 Hom.
1448 4579 1498 4635 34.
1515 4574 1545 4632 in

357 4668 432 4726 aaa
449 4685 479 4725 n.
497 4667 524 4725 6.
543 4664 621 4745 Opp.
639 4665 677 4724 Τ.
697 4662 726 4729 1.
743 4686 767 4725 c.
787 4662 882 4727 1603.
900 4701 941 4710 -
961 4663 986 4742 ⁴)
1003 4664 1047 4726 cf.
1066 4665 1233 4725 Cassian.
1253 4667 1301 4724 De
1316 4664 1413 4725 instit.
1432 4673 1544 4725 renunt.

359 4758 378 4817 l.
395 4759 426 4814 4.
443 4776 466 4815 c.
483 4758 532 4816 39.
564 4753 645 4836 Opp.
670 4777 701 4838 p.
722 4753 795 4821 100.
813 4793 856 4800 —
873 4756 899 4838 ⁵)
917 4758 1003 4822 Rom.
1022 4753 1058 4832 8,
1079 4753 1132 4821 24.
1151 4793 1192 4801 -
1211 4755 1237 4838 6)
1254 4756 1350 4818 Hebr.
1374 4754 1413 4839 4,
1441 4755 1492 4819 16.
1508 4791 1546 4802 -

363 4846 386 4934 ⁷)
402 4847 508 4912 Matth.
527 4845 557 4921 9,
574 4845 605 4912 2.
