3775 5625
1429 410 1495 479 183

245 586 398 671 prout
429 572 565 640 eninm
597 571 832 648 sanctificabat,
853 586 886 638 et
907 574 978 639 Deo
1002 576 1171 650 subdebat,
1187 576 1310 651 amicti,
1325 576 1420 662 idque
1436 597 1495 643 aua

245 681 411 770 culpi,
431 696 588 771 quamnva
609 695 777 768 peceatum
806 683 1046 768 protoparentis
1069 697 1138 749 erat
1153 685 1247 750 simul
1262 698 1429 770 peccatum
1444 699 1493 751 to·

248 800 367 867 tius
381 805 515 858 naturae
530 791 697 858 humanae.
720 792 848 856 Docent
867 792 974 878 itaque
997 794 1156 882 Theologi
1172 794 1204 858 hi
1220 793 1431 880 privationem
1441 796 1492 880 ju·

252 901 408 976 ,fidae
424 921 444 966 a
458 902 529 967 Deo
548 900 673 966 infusae
693 899 726 964 in
743 920 780 965 se
795 913 988 986 spectatam,
1011 923 1075 966 non
1099 922 1173 967 esse
1198 903 1363 989 proprium
1386 922 1425 968 ac
1439 924 1494 968 ve·

256 1033 374 1083 rum
389 1021 571 1097 peccamen,
588 1005 761 1096 etquidem
784 1021 888 1085 recte,
912 1031 1008 1096 quum
1033 1024 1147 1095 posset
1161 1010 1266 1076 anima
1282 1012 1375 1078 etiarn
1391 1033 1410 1077 a
1424 1013 1495 1078 Deo

263 1123 384 1191 eim
397 1125 566 1205 peccatm
576 1115 703 1205 justitia
717 1118 794 1193 hac,
817 1130 928 1204 utpote
945 1120 1105 1206 gratuita,
1129 1120 1277 1206 spoliari;
1300 1123 1357 1187 sed
1374 1134 1495 1188 tantum

268 1232 376 1299 ideo
391 1240 559 1315 peceatum
575 1247 665 1303 esee,
682 1227 755 1315 quia
770 1247 812 1293 ex
828 1228 999 1294 aversione
1015 1229 1130 1295 actuali
1145 1229 1293 1315 procedit
1306 1232 1341 1310 ¹).
1592 1215 1598 1230 ’

409 1355 471 1423 atti
486 1375 565 1421 vcro
586 1353 789 1421 aversionem
812 1355 913 1432 illam,
930 1358 1073 1443 adeoque
1105 1369 1250 1423 naturam
1266 1377 1305 1423 ac
1321 1358 1495 1424 essentiam

281 1463 426 1555 peccati
441 1463 609 1553 originalia
624 1463 773 1549 proxime
787 1478 949 1551 reponunt
963 1465 995 1531 in
1011 1466 1184 1531 voluntatis
1196 1465 1390 1551 obliquitate,
1402 1487 1495 1553 quam

288 1575 461 1641 divertam
476 1593 497 1639 a
511 1571 689 1659 privatione
709 1572 833 1661 gratiae
857 1573 1088 1640 sanctificantis
1105 1575 1210 1640 animo
1228 1575 1421 1661 concipiunt,
1437 1597 1495 1642 eeu

289 1687 330 1751 in
350 1679 402 1749 illa
415 1681 588 1749 voluntatis
603 1681 826 1768 perversitate,
842 1705 903 1768 pro
921 1705 983 1770 qua
999 1684 1101 1750 eidem
1119 1683 1380 1770 concupiscentia
1395 1684 1493 1750 domi·

291 1806 405 1870 natur,
428 1799 462 1858 et
477 1793 520 1856 ol>
536 1811 629 1878 quam
644 1792 741 1856 homo
757 1812 876 1858 recens
892 1806 988 1858 nauus
1003 1793 1154 1883 indignus
1179 1793 1284 1883 gratia
1305 1794 1376 1869 Dei,
1400 1806 1433 1859 et
1448 1793 1493 1859 di·

290 1917 386 1993 gnus
402 1901 478 1967 odio
494 1913 659 1985 astatque
673 1899 748 1965 ideo
765 1899 796 1965 ei
806 1900 932 1985 justitia
949 1901 1115 1990 originalis
1131 1925 1196 1968 non
1212 1902 1404 1978 infundetur,
1415 1923 1494 1990 quae
1617 1995 1619 2000 Ι

290 2009 439 2097 alioquin
453 2007 518 2096 ipsi
532 2008 639 2074 inlusa
656 2022 753 2085 esset,
770 2030 828 2076 seu
844 2022 879 2075 nt
894 2012 1076 2097 loquuntur,
1093 2020 1133 2076 in
1148 2016 1321 2077 dominio
1346 2033 1494 2077 coaeu-

285 2125 518 2201 pa'aeeettlae
529 2124 797 2200 privationem
813 2126 1035 2199 originalia
1042 2126 1235 2202 justitiae
1249 2128 1493 2202 importante.

288 2221 462 2317 Theologi
484 2227 517 2293 hi
540 2247 621 2315 ergo
647 2225 821 2293 carentiam
845 2226 969 2316 gratiae
993 2229 1223 2296 sanctificantis
1246 2231 1495 2317 haudquaquam,

284 2348 332 2400 nt
357 2338 410 2415 illi,
425 2359 487 2423 pro
504 2357 567 2402 una
581 2358 619 2402 re
636 2357 709 2403 cum
726 2336 851 2401 defectu
882 2337 1084 2404 rectitudinis
1101 2351 1134 2403 ct
1149 2337 1360 2424 subjectionis
1383 2339 1494 2403 volun·

282 2442 560 2523 metallicum,
576 2467 635 2511 scu
651 2457 786 2531 peccato
808 2446 934 2522 habent,
959 2448 1017 2512 sed
1032 2446 1117 2514 illam
1141 2447 1248 2533 potius
1271 2446 1396 2533 pcccati
1419 2445 1493 2513 effe·

282 2563 389 2621 ctum
410 2555 578 2642 ipsumque
603 2552 806 2642 consequens
823 2575 898 2620 esse
915 2557 1043 2632 docent,
1059 2578 1099 2621 eo
1116 2556 1287 2642 praecipue
1303 2569 1494 2644 argumento

282 2657 399 2741 ducti,
422 2667 508 2753 quod
533 2665 562 2731 si
584 2663 670 2739 illud,
695 2663 779 2750 quod
803 2677 955 2750 superest
970 2666 1008 2730 de
1025 2678 1159 2750 peceato
1184 2664 1299 2731 actuali
1321 2678 1397 2750 post
1411 2664 1495 2753 legis

282 2774 613 2864 transgressionem,
630 2773 833 2866 solummodo
849 2785 939 2839 esset
954 2773 1091 2860 privatio
1115 2773 1238 2864 gratiae
1254 2772 1494 2850 sanctificantis,

279 2874 324 2942 in
352 2886 451 2950 anima
467 2883 693 2970 multiplicante
708 2894 856 2968 peccata,
871 2904 937 2947 non
953 2883 1216 2969 multiplicaretur
1232 2883 1326 2950 etiam
1343 2883 1490 2958 foeditas,

284 3002 395 3071 (tuum
409 3014 449 3060 eo
465 2993 549 3080 ipso,
566 3013 629 3079 quo
646 2990 716 3078 quis
732 2990 888 3056 lethaliter
903 2992 1060 3077 peccavit,
1086 2994 1154 3077 jam
1185 3014 1322 3079 prorsus
1353 2991 1490 3081 gratiam

288 3098 552 3169 sanctificantem
568 3100 757 3181 amiserim).
783 3100 842 3180 Qui
857 3112 963 3167 tamen
981 3102 1170 3167 sententiam
1185 3103 1267 3167 hanc
1281 3101 1383 3187 priori
1398 3120 1489 3186 prae·

292 3196 461 3278 iterandam
477 3212 606 3288 ducunt,
638 3213 802 3277 attendere
818 3212 944 3286 debent,
971 3210 1112 3277 ncillam
1127 3209 1299 3276 voluntatis
1315 3211 1355 3274 ad
1369 3230 1490 3295 pravos

298 3318 480 3388 consensus
511 3320 766 3406 dispositionem,
783 3340 841 3385 seu
856 3320 1108 3406 perversionem,
1119 3322 1188 3406 jam
1202 3319 1235 3384 in
1251 3339 1288 3385 se
1304 3318 1488 3384 considera·

248 3450 250 3519 j
302 3426 448 3497 tantine
464 3430 620 3496 relatione
636 3450 675 3497 ac
690 3441 841 3514 respectu
857 3430 897 3494 ad
912 3430 1050 3516 primurn
1070 3431 1158 3495 Adae
1178 3439 1359 3516 peccatum,
1376 3448 1488 3515 pecca·

307 3541 368 3600 turn
381 3540 527 3614 habeant,
543 3551 598 3604 aut
612 3538 696 3604 illam
710 3537 756 3603 ita
771 3552 984 3627 exaggerent,
1007 3551 1043 3603 ut
1059 3560 1100 3604 ex
1115 3559 1155 3604 ea
1170 3535 1358 3604 necessario
1375 3535 1489 3601 deinde

310 3645 469 3720 positivum
484 3647 546 3712 Dei
562 3647 668 3713 odium
685 3649 808 3713 actuale
825 3660 992 3735 aequatum
1017 3670 1090 3714 nam
1112 3660 1246 3734 utraque
1269 3645 1428 3713 sententia
1441 3645 1488 3710 in·

246 3842 250 3851 .
309 3755 349 3811 itt
361 3756 605 3846 propositiones
619 3758 787 3842 Bajanas
807 3759 930 3843 rejecta
945 3769 1011 3832 est,
1027 3768 1060 3823 et
1075 3756 1202 3843 quidem
1216 3755 1307 3843 prior
1321 3756 1354 3821 in
1369 3777 1487 3843 propo·

294 3851 429 3932 'fflonez
468 3869 648 3930 Peccatum
679 3868 818 3945 originis
848 3889 939 3930 vere
970 3871 1085 3931 dabat
1113 3872 1307 3940 rationem
1334 3872 1489 3945 peceati

300 3965 385 4034 ’itte
399 3983 491 4040 atla
505 3980 668 4038 ratione
683 3996 730 4038 ue
745 3988 929 4052 respecta
945 3984 993 4039 ad
1006 3983 1263 4058 volantatem,
1282 3999 1303 4039 a
1317 3995 1391 4055 aaa
1407 3980 1487 4038 ora·-

289 4073 423 4151 lt'tbem
439 4088 625 4164 aetatu).
648 4085 691 4149 Et
706 4084 807 4149 altera
821 4084 854 4149 in
870 4106 979 4171 prop:
993 4088 1055 4149 Ec
1071 4089 1231 4149 tattonem·
1247 4091 1413 4148 volentate
1427 4091 1488 4146 do·
1519 4102 1524 4111 ‘

288 4195 572 4233 *κὴ-.-

312 4357 319 4372 ·
403 4287 429 4369 ¹)
445 4287 491 4350 (tf.
508 4285 629 4348 Thom.
647 4290 676 4348 2.
692 4293 766 4349 aetat.
783 4287 854 4349 diet.
870 4291 961 4364 30.q.
972 4291 1001 4350 1.
1012 4290 1105 4350 αντὶ.
1116 4284 1194 4366 Opp.
1206 4283 1297 4347 tut,
1308 4280 1359 4347 10.
1370 4279 1488 4364 p.442.

277 4351 319 4417 “h
340 4379 419 4440 ait:
436 4381 480 4441 ut
492 4377 527 4437 in
542 4377 673 4455 quolibet
686 4377 805 4439 domine
819 4378 971 4441 rationem
987 4381 1091 4455 eulpae
1105 4377 1193 4437 tabet
1207 4395 1244 4437 aa
1258 4377 1322 4446 lwo,
1340 4377 1421 4452 quod
1434 4394 1490 4452 par

272 4448 477 4532 numm
493 4467 663 4549 principit,
687 4468 708 4531 t.
726 4489 749 4532 ο.
764 4469 863 4549 preme
883 4469 1016 4530 tomenta
1036 4468 1177 4529 eneam
1199 4473 1244 4527 m
1263 4465 1335 4527 me
1357 4464 1489 4544 estem

271 4528 466 4635 (maritalis
477 4554 640 4644 justitiae).
657 4560 835 4626 Bellarm.
852 4562 900 4622 De
915 4561 1021 4622 amite.
1035 4579 1083 4636 pr.
1099 4565 1127 4618 et
1140 4558 1488 4638 etat.peoo.l.6.o.17-

269 4618 313 4689 19·
337 4642 455 4732 Dap
481 4646 518 4712 de
533 4657 626 4712 contr.
644 4649 702 4728 fid.
720 4650 767 4713 ed.
784 4651 874 4732 Prag.
894 4648 991 4714 1727.
1016 4650 1054 4712 T.
1070 4647 1101 4712 4.
1122 4670 1153 4730 p.
1172 4644 1236 4712 189
1253 4663 1293 4711 st.
1309 4646 1489 4722 Patrono,

268 4708 287 4772 ¹·
301 4737 332 4781 ⁰·
370 4740 608 4823 1121691-
628 4739 653 4825 ¹)
670 4742 715 4805 Of.
738 4743 906 4822 Panaeti,
929 4741 1039 4804 Theoi.
1060 4742 1138 4802 Mor.
1159 4742 1178 4802 l.
1202 4741 1231 4802 5.
1256 4746 1294 4800 tr.
1311 4741 1339 4798 1.
1358 4741 1394 4798 de
1407 4757 1487 4818 paco.

271 4807 368 4890 0119·-
394 4854 418 4898 o.
435 4838 465 4899 2.
479 4855 510 4897 a.
528 4828 623 4894 θωθ.
639 4833 739 4916 Neep.
758 4826 853 4897 1824.
871 4828 909 4896 V.
926 4830 958 4896 3.
973 4854 1004 4914 p.
1019 4829 1065 4895 42
1082 4853 1121 4894 ss.
1139 4867 1180 4878 —
1198 4825 1227 4916 ⁸)
1243 4833 1339 4908 Prop.
1355 4830 1406 4894 4⁷.
1509 4834 1512 4838 ’
