3775 5625
1434 416 1477 487 96

272 599 311 649 ut
328 607 424 665 snpra
434 586 502 663 jam
518 585 836 656 commemoravimus,
860 586 1074 657 defendebant,
1098 586 1189 662 primi
1211 587 1344 650 bominis
1361 592 1476 650 sancti·

274 708 374 760 tatem
392 716 428 757 ac
440 697 603 772 justitiam,
619 696 650 755 in
668 714 726 772 qua
742 696 871 756 liberam
890 695 1053 754 arbitrium
1070 698 1260 773 reponebant
1289 699 1388 775 (inter
1405 700 1477 759 cba-

275 809 406 871 ritatem
424 815 455 864 et
472 804 754 880 concupiscentiam
772 804 952 863 facultatem
969 804 1136 863 voluntatis
1154 824 1188 863 se
1206 824 1261 881 per
1278 808 1477 884 semetipsam

279 918 346 976 sive
363 918 401 976 ad
417 916 501 976 illam
518 914 585 973 sive
603 914 640 972 ad
657 913 736 973 banc
754 914 976 973 determinandi
994 914 1084 976 sitam
1103 914 1182 973 baud
1200 916 1428 990 admittentes),
1447 928 1479 978 et

278 1045 357 1103 quae
375 1044 415 1083 ex
432 1044 469 1084 oa
486 1025 632 1094 fluebant,
658 1023 777 1082 animae
804 1024 1006 1100 corporisque
1030 1024 1124 1094 dona,
1149 1033 1183 1083 ut
1207 1025 1349 1085 eximiam
1376 1026 1476 1086 scien·

275 1136 362 1205 tiam,
381 1135 553 1193 absolutam
570 1132 724 1209 appetitus
741 1132 895 1191 sensualis
920 1134 976 1192 sub
1001 1133 1132 1209 imperio
1157 1134 1287 1193 rationis
1311 1134 1477 1208 surbjectio·

276 1262 358 1315 nem,
382 1243 555 1320 perlectum
571 1243 602 1300 in
625 1260 678 1307 res
703 1251 827 1301 creatas
852 1242 1027 1313 dominium,
1053 1252 1144 1320 atque
1169 1243 1351 1304 felicitatem
1374 1254 1477 1304 exter-

276 1372 358 1424 nam,
376 1353 413 1412 ad
431 1361 560 1411 naturae
577 1351 726 1410 humanae
744 1350 911 1409 essentiam
928 1351 1097 1427 pertinere,
1110 1353 1146 1410 ab
1165 1371 1261 1429 eaque
1277 1353 1401 1431 sejungi
1418 1372 1477 1412 non

276 1481 383 1539 posse,
406 1462 451 1520 ita
474 1470 509 1519 ut
532 1460 598 1520 sine
623 1460 671 1518 bis
696 1459 863 1519 virtutibus
886 1459 976 1518 bomo
998 1479 1096 1537 neque
1114 1480 1196 1533 csse,
1220 1480 1319 1539 neque
1345 1463 1479 1541 cogitari

276 1572 389 1648 possit.
415 1570 519 1645 Quare
543 1570 758 1630 virtutcsbas
783 1571 982 1628 naturales
1007 1582 1167 1633 vocarunt.
1192 1573 1293 1631 Porro
1318 1592 1356 1629 ex
1374 1571 1434 1643 bis,
1450 1572 1479 1634 si

275 1684 363 1740 Deos
381 1682 522 1740 homines
539 1680 668 1752 creavit,
679 1681 779 1757 ipsum
796 1681 863 1740 sine
881 1681 943 1741 illis
961 1681 1128 1740 virtutibus
1146 1700 1201 1740 eos
1219 1700 1331 1741 creare
1348 1700 1407 1741 uon
1424 1700 1477 1757 po-

276 1791 390 1863 tuisse,
407 1792 637 1862 concluserunt,
662 1791 864 1867 dixeruntque
883 1799 997 1848 statum
1015 1789 1198 1867 originalem
1216 1790 1325 1866 primis
1341 1791 1476 1867 parenti·

275 1901 333 1959 bns
359 1900 459 1958 fuisse
485 1900 669 1969 debitum,
694 1908 800 1975 utpote
825 1917 914 1975 quem
937 1917 994 1975 pro
1019 1908 1129 1958 natura
1151 1918 1208 1958 sua
1225 1900 1413 1975 exposcendi
1422 1900 1477 1974 jus

275 2008 441 2079 baberent,
465 2029 556 2087 quum
574 2028 611 2068 ex
629 2018 742 2067 natura
765 2010 842 2067 bene
865 2009 1036 2068 constituta
1059 2011 1240 2069 necessario
1265 2019 1423 2086 sequatur,
1441 2009 1477 2068 ad

273 2119 423 2197 illamque
447 2120 611 2196 pertineat.
642 2119 779 2177 Tandem
803 2119 954 2195 principio
980 2137 1036 2177 suo
1062 2128 1274 2197 congruenter
1299 2118 1479 2182 ratiocinati

275 2238 362 2299 sunt,
387 2228 538 2299 homines,
562 2228 614 2304 qui
634 2246 714 2287 nunc
731 2228 798 2287 sinc
815 2227 940 2300 justitia
964 2228 1111 2305 originali
1132 2236 1313 2299 nascuntur,
1330 2228 1477 2291 facultate

269 2339 312 2399 ad
330 2338 517 2416 religionem
534 2337 670 2408 destitui,
682 2356 775 2412 porro
792 2339 907 2397 luctam
925 2338 1030 2397 carnis
1048 2338 1198 2396 adversus
1212 2337 1354 2413 spiritum
1365 2356 1475 2404 verum

270 2467 349 2506 csse
374 2457 548 2523 peccatum,
572 2456 663 2523 atque
679 2446 831 2505 bominem
849 2447 952 2517 talem,
978 2447 1075 2523 qualis
1101 2464 1181 2505 nunc
1206 2447 1358 2517 nascitur,
1383 2447 1476 2506 etiam

265 2557 345 2615 sine
362 2557 464 2631 culpa,
481 2575 576 2615 sensu
592 2555 726 2634 genuino
743 2566 881 2632 accepta,
898 2575 915 2614 a
930 2559 1000 2615 Deo
1017 2557 1122 2615 creari
1137 2574 1196 2615 non
1215 2556 1363 2632 potuisse,

390 2660 542 2725 Ecclesia
561 2660 726 2727 Catholiea
747 2672 855 2725 autem
880 2659 1028 2745 opposite
1046 2662 1085 2723 ad
1102 2681 1234 2745 errores
1251 2663 1352 2726 hosce
1370 2663 1477 2736 docet,

254 2769 482 2848 sanctitatem
499 2783 532 2836 et
546 2770 702 2856 reliquas,
731 2791 810 2856 quae
832 2791 905 2834 curn
922 2792 961 2836 ea
978 2771 1169 2854 conjunctae
1201 2783 1309 2846 crant,
1341 2771 1477 2842 eximas

249 2880 404 2944 animae
436 2880 649 2966 corporisque
680 2881 848 2944 facultates
879 2881 1121 2965 haudquaquam
1138 2880 1177 2944 ad
1194 2894 1326 2946 naturae
1344 2894 1476 2946 nostrae

243 2987 455 3054 essentiam
475 2989 653 3074 pertinere,
674 2992 733 3053 scd
755 3010 829 3054 esse
846 3011 935 3053 mera
952 2989 1076 3076 gratiae
1093 2988 1217 3054 divinae
1236 2992 1322 3055 dona
1336 2990 1477 3060 hominis

239 3112 428 3173 maturae,
445 3120 526 3183 quae
543 3099 612 3165 sine
634 3098 696 3163 illis
714 3112 801 3164 stare
823 3098 942 3184 possit,
965 3098 1183 3184 superaddita,
1204 3098 1250 3165 ita
1265 3112 1300 3164 ut
1316 3099 1477 3185 exipsius

241 3207 445 3294 principiis
462 3209 608 3273 absolute
626 3230 728 3294 neque
746 3209 912 3283 fluxerint,
929 3230 1031 3293 neque
1053 3209 1152 3272 lluerc
1174 3208 1345 3293 potuerint.
1371 3211 1476 3288 Quare

250 3330 469 3383 ornamenta
492 3330 567 3382 sunt
588 3316 920 3402 supernaturalia,
941 3329 974 3380 et
994 3329 1098 3381 status
1119 3316 1171 3380 ille
1190 3316 1357 3404 originalis
1373 3318 1476 3384 homi·

245 3426 371 3492 nibus
403 3425 517 3511 primis
548 3448 622 3490 non
654 3439 738 3490 erat
769 3425 937 3498 debitus;
970 3447 1029 3510 pcr
1045 3437 1213 3511 peccatum
1233 3425 1382 3490 homines
1399 3426 1474 3493 nihil

255 3535 501 3622 perdiderunt,
527 3538 611 3621 quod
632 3537 672 3600 ad
694 3549 826 3601 natiuae
848 3538 1004 3600 humanae
1021 3534 1197 3600 essentiam
1214 3535 1359 3601 absolute
1377 3536 1475 3622 perti·

260 3655 350 3716 nct;
373 3658 467 3731 atque
483 3647 572 3711 Deus
588 3645 736 3711 homines
753 3646 823 3732 sinc
838 3646 901 3710 illis
924 3647 1069 3720 dotibus,
1101 3647 1215 3710 saltem
1247 3667 1327 3731 quae
1359 3645 1477 3713 limites

269 3763 411 3820 naturae
427 3756 583 3820 humanae
616 3757 786 3831 excedunt,
798 3757 886 3821 salva
902 3777 962 3821 sua
977 3754 1119 3820 bonitate
1137 3776 1175 3819 ac
1192 3754 1371 3830 sanctitate,
1387 3776 1475 3821 crea·

273 3864 501 3945 repotuisset.

391 3975 463 4038 lam
479 3987 595 4040 statum
612 3975 714 4052 illum,
730 3973 763 4040 in
780 3997 843 4061 qno
861 3987 1109 4062 protoparentes
1126 3988 1198 4042 ante
1215 3974 1339 4061 lapsum
1355 3971 1475 4040 consti·

284 4077 456 4159 tulierant,
472 4086 748 4169 supernaturalem
765 4107 805 4150 ac
821 4106 946 4150 merum
962 4085 1084 4172 gratiae
1102 4097 1134 4150 et
1150 4084 1339 4150 abundantis
1355 4083 1474 4150 bertefr-

291 4193 403 4258 cennas
425 4192 552 4259 divinae
570 4195 690 4258 donum
705 4215 822 4260 revera
837 4193 953 4269 luisse,
971 4193 1063 4259 facile

293 4387 299 4401 .
393 4303 421 4368 1.
446 4324 489 4367 ex
515 4303 775 4369 consideratione
796 4303 913 4368 indolis
934 4317 1067 4368 naturae
1083 4295 1242 4370 humanae
1259 4316 1354 4390 atque
1371 4288 1497 4369 status

291 4392 363 4509 {flius
384 4410 552 4498 originalis
575 4411 745 4500 colligitur.
777 4413 859 4477 Nam
880 4426 1012 4477 naturae
1032 4414 1189 4477 humanae
1206 4413 1348 4490 essentia
1365 4424 1474 4497 aperte

292 4517 318 4564 ¹¹¹
331 4518 431 4584 anima
446 4519 610 4596 rationali,
628 4542 748 4606 corpus
767 4521 958 4608 organicum
974 4520 1186 4596 inhabitante,
1204 4520 1368 4597 consistit,
1385 4520 1473 4584 nibil·

294 4625 342 4692 ilss
361 4628 492 4694 involvit
513 4643 642 4714 practer
662 4644 808 4696 naturam
829 4631 873 4696 ita
895 4643 1104 4715 temperatam
1119 4643 1152 4696 ct
1169 4644 1402 4706 constructam,
1424 4630 1476 4694 cui

294 4716 355 4795 aaa
371 4759 484 4801 eorum
501 4739 594 4815 desit,
611 4763 690 4825 quae
707 4739 859 4805 animanti
875 4739 1003 4804 ratione
1018 4738 1163 4824 praedito
1177 4741 1266 4829 justa
1282 4752 1404 4804 suntet
1420 4762 1473 4804 ne·

292 4842 432 4937 ttssaria.
449 4851 491 4912 At
506 4847 611 4934 gratia
629 4847 847 4924 sanctificans,
858 4869 920 4934 qua
934 4848 968 4911 in
985 4848 1184 4919 consortium
1201 4860 1333 4913 naturae
1350 4847 1475 4920 &noae
