3775 5625
351 383 415 456 rell
429 384 499 452 sive
514 385 622 474 gratio
636 384 867 460 sarretilicante,
885 399 950 452 tum
968 388 1117 462 rramrali,
1136 388 1157 456 i.
1176 410 1202 452 e.
1220 388 1417 456 flexibilitate
1433 393 1473 454 ad
1489 393 1546 456 bo·

353 515 448 569 num,
468 495 583 581 majori
604 495 734 560 fervore
754 515 793 560 ae
812 494 928 559 minori
951 518 1028 583 erga
1047 496 1183 560 divinam
1207 498 1400 564 voluntatem
1418 501 1546 585 opposi-

353 609 456 677 tione,
471 604 638 688 spoliatur,
655 617 686 669 et
701 603 835 689 proinde
852 604 1024 691 imaginem
1043 606 1099 668 llei
1116 606 1147 669 in
1166 606 1259 670 nobis
1276 607 1393 681 foedat,
1412 608 1546 693 dignita·

357 732 423 781 tem
439 726 582 778 nostram
597 715 796 788 dehonestat,
813 714 939 778 diabolo
958 714 1088 788 similes,
1106 728 1198 799 atque
1216 715 1428 780 damnationis
1445 732 1546 783 aeter-

360 843 421 890 nae
431 843 504 887 reos
516 844 577 886 nos
589 821 694 886 efficit
706 825 739 902 ¹).
756 823 883 886 Etenim
899 824 929 886 in
948 823 1060 907 quotis
1085 836 1217 907 peccato
1234 824 1337 910 gravi,
1350 826 1547 911 Legislatori

363 930 561 998 sanctissimo
584 930 817 1004 inobedientes,
840 953 998 995 summum
1021 933 1142 995 Bonum
1166 945 1409 997 contemnentes
1433 935 1463 998 in
1488 939 1545 1000 Pa·

364 1056 443 1106 trem
456 1039 719 1128 benignissimum
734 1040 863 1127 ingrati,
880 1041 1009 1125 perjuri,
1033 1055 1125 1126 atque
1148 1042 1240 1105 donis
1262 1042 1376 1107 divinis
1399 1046 1546 1110 naturali·

367 1152 426 1214 bns
438 1161 466 1212 et
480 1149 775 1234 supernaturalibus
792 1151 907 1213 stolide
925 1171 963 1214 ac
980 1171 1134 1234 perverse
1152 1153 1330 1226 abutentes,
1347 1153 1460 1226 Deum,
1478 1154 1545 1219 ulti·

371 1279 447 1320 mum
458 1258 551 1322 finem
567 1271 725 1333 nostrum,
741 1258 960 1343 relinquimus,
977 1271 1070 1344 atque
1086 1262 1279 1324 voluntatem
1303 1263 1484 1325 sensualem
1501 1263 1546 1326 in·

322 1337 326 1362 ¹
376 1365 500 1430 solenter
515 1367 746 1452 praeferentes,
769 1367 878 1431 adres
896 1379 1022 1430 creatas
1039 1368 1266 1443 convertimur,
1283 1391 1345 1454 quo
1361 1372 1547 1436 necessario

380 1473 494 1540 manns
508 1476 541 1539 in
559 1478 657 1540 corde
674 1487 788 1542 nostro
806 1476 979 1559 exstingui,
995 1477 1168 1561 propensio
1185 1479 1223 1541 ad
1241 1480 1358 1541 bonum
1381 1479 1547 1554 debilitari,

383 1592 454 1669 atque
472 1585 731 1670 eoncupiscentia
754 1584 860 1651 carnis
884 1585 995 1671 augeri
1019 1588 1121 1649 debet.
1168 1587 1258 1650 Unde
1279 1588 1310 1649 in
1334 1591 1393 1652 SS.
1416 1588 1547 1654 Litteris

383 1706 546 1772 peccatores
560 1694 742 1768 infantibus,
758 1693 873 1767 stultis,
890 1693 1112 1777 insipientibus
1129 1696 1165 1774 ἶ),
1182 1695 1246 1758 imo
1258 1695 1412 1779 jumentis
1429 1698 1544 1761 brutis·

385 1817 428 1881 que
439 1802 618 1868 animalibus
631 1808 659 1876 ³]
676 1816 913 1888 comparantur,
929 1803 1086 1887 inarrcipia
1103 1804 1210 1869 cernis
1227 1818 1259 1867 et
1276 1805 1361 1869 servi
1375 1809 1414 1884 ⁴),
1436 1827 1475 1870 ae
1489 1806 1546 1871 lilii

348 1979 351 1988 ¹
385 1905 474 1975 ddott
487 1912 635 1976 dicuntur
648 1917 686 1986 ὕ).

464 2037 491 2103 3.
509 2039 653 2104 Tandem
672 2051 837 2124 peccatum
852 2039 946 2104 etiam
964 2037 1044 2115 aliis,
1061 2038 1124 2104 imo
1143 2039 1199 2104 toti
1216 2039 1329 2126 gerteri
1346 2041 1483 2106 humano
1500 2043 1546 2108 in·

380 2133 471 2220 iinon
499 2147 604 2212 infert.
643 2149 725 2212 Nam
744 2161 966 2233 praeterquam
984 2152 1067 2234 quod
1084 2162 1216 2233 peccata
1234 2147 1352 2213 officiis
1370 2173 1450 2237 erga
1465 2152 1546 2217 alios

381 2257 565 2342 repugnantia
589 2269 700 2341 suapte
725 2270 838 2322 natura
854 2279 996 2321 amorem
1014 2258 1083 2321 aliis
1101 2258 1240 2322 debitum
1258 2259 1392 2336 laedant,
1410 2262 1545 2346 quodvis

381 2375 521 2437 peecatum
538 2366 697 2431 bominem
713 2369 889 2431 membrum
907 2367 999 2453 regni
1011 2367 1142 2431 moralis
1152 2367 1256 2432 minus
1274 2381 1391 2452 aptum,
1408 2381 1460 2433 aut
1476 2369 1544 2432 inu·

381 2461 471 2539 bleso
489 2475 622 2540 noxium
644 2475 763 2548 reddit3
797 2497 891 2562 quum
914 2489 1017 2540 tamen
1045 2476 1161 2564 singuli
1189 2477 1285 2541 veluti
1314 2479 1456 2561 ejusdem
1473 2501 1544 2542 eor-

377 2577 448 2653 llu's
462 2586 604 2650 membra
620 2607 776 2649 summum
795 2584 885 2672 regni
903 2584 999 2648 divini
1016 2584 1046 2647 in
1067 2585 1161 2651 terris
1179 2587 1297 2649 bonum
1314 2599 1345 2649 et
1362 2586 1545 2653 felicitatem

376 2679 441 2756 titas
459 2694 551 2779 hujus
574 2715 636 2757 non
658 2696 753 2758 modo
775 2716 838 2758 non
855 2694 1024 2779 impedire,
1048 2696 1105 2759 sed
1122 2716 1178 2780 per
1194 2693 1320 2759 virtutis
1338 2696 1543 2760 exercitatio·

374 2807 432 2866 tem
446 2826 637 2890 promovere
652 2803 744 2892 gravi
761 2802 870 2869 officio
887 2816 1054 2869 teneantur
1064 2809 1100 2883 ⁸).

460 2936 590 2997 Adnot.
614 2936 784 3013 Expressio
808 2937 876 3005 itta,
901 2955 959 3012 qua
990 2938 1077 2994 Deus
1098 2945 1329 3012 perpeccatum
1362 2936 1473 2994 offendi
1502 2937 1544 2994 di·

368 3029 448 3114 titur,
459 3046 765 3124 anthropopathetiea
777 3046 895 3122 quidem
910 3056 968 3125 est,
982 3054 1030 3104 ast
1043 3045 1137 3103 nihilo
1148 3045 1248 3102 minus
1264 3063 1452 3121 nequaquam
1472 3045 1543 3118 reji-

365 3139 471 3215 alenda,
511 3156 587 3214 Nam
611 3156 670 3214 alio
692 3157 780 3213 modo
802 3173 859 3212 nos
882 3154 1020 3212 homines
1044 3155 1080 3211 de
1102 3155 1169 3211 Deo
1192 3153 1275 3230 loqui
1291 3171 1350 3210 non
1368 3171 1544 3228 possumus,

363 3264 446 3324 luam
460 3264 603 3325 humano.
639 3266 705 3323 Non
722 3266 788 3340 ipse
807 3264 1082 3340 anthropopathiae
1101 3282 1186 3332 usus,
1204 3263 1257 3320 sed
1276 3261 1410 3335 ejusdem
1429 3262 1543 3321 abusus

362 3374 508 3433 cavendus
526 3384 584 3444 est,
601 3393 640 3432 ne
657 3375 780 3433 scilieet
797 3392 881 3432 more
899 3373 1100 3431 Ethnieorum
1119 3372 1191 3430 talia
1208 3372 1354 3459 inhDeum
1371 3369 1542 3430 transfera-

361 3483 527 3560 l¹¹1s,quae
544 3484 734 3548 dlvinitstem
751 3483 931 3542 dedeceant.
971 3483 1063 3558 Atqui
1080 3482 1149 3540 dum
1165 3483 1265 3539 Deum
1281 3499 1337 3557 per
1352 3490 1482 3557 peccata
1499 3481 1543 3539 ot*-

361 3574 441 3649 sffltdi
460 3594 605 3662 dicimus,
637 3592 714 3652 baec
736 3611 796 3650 vox
818 3594 893 3651 adeo
912 3592 1059 3651 indecens
1076 3610 1134 3648 non
1152 3600 1218 3660 est,
1236 3601 1268 3648 ut
1283 3591 1386 3666 potius
1404 3592 1544 3650 absoluta

360 3682 422 3754 bei
448 3703 595 3762 sanctitas
627 3702 697 3760 inde
727 3720 813 3779 quarn
841 3702 971 3760 maxime
996 3700 1235 3762 commendetur
1274 3703 1323 3757 Ex
1352 3709 1441 3775 parte
1468 3720 1544 3758 vero

361 3810 463 3869 ¹¹⁰stra
482 3813 567 3870 nulls
589 3830 644 3869 nos
668 3811 826 3887 expressio
846 3820 1006 3886 speecato
1024 3808 1124 3887 magis
1143 3809 1304 3867 deterrere
1320 3817 1437 3883 potest,
1455 3827 1543 3885 quam

361 3904 413 3967 lbi
428 3921 607 4000 cogitamus,
624 3921 697 3978 illud
713 3920 744 3977 in
762 3921 821 3978 Dei
838 3922 985 3978 offensem
1004 3928 1093 3996 atque
1116 3927 1301 3978 contemtum
1319 3917 1441 3981 cedere.
1466 3918 1543 3977 Sen-

359 4014 451 4086 tentia
472 4039 594 4098 autem,
627 4032 694 4088 Deo
711 4048 776 4087 rem
794 4029 1021 4089 indifferentem
1038 4047 1119 4097 esse,
1138 4038 1240 4086 utrum
1257 4020 1422 4096 virtutem,
1441 4046 1477 4086 an
1495 4029 1540 4086 vi·

357 4155 571 4192 X-
724 4145 726 4149 ,

468 4282 490 4362 ¹)
508 4281 553 4346 Of.
571 4284 622 4344 Ps.
640 4280 693 4363 39,
712 4280 763 4343 13.
780 4281 871 4343 Joan.
891 4280 920 4355 8,
938 4279 991 4346 44.
1011 4279 1039 4342 1.
1057 4279 1147 4341 Joan.
1166 4279 1196 4352 3,
1215 4277 1244 4340 8.
1278 4315 1318 4322 —
1353 4281 1382 4357 ²)
1406 4281 1496 4338 Prov.
1516 4277 1544 4352 l,

348 4338 403 4414 22·
423 4365 458 4452 5,
474 4370 527 4435 23.
544 4373 633 4432 som.
653 4373 682 4453 1,
698 4370 752 4434 21.
769 4406 810 4418 -
829 4376 856 4450 3)
877 4372 904 4432 1.
923 4367 1257 4452 (1011111148,
1278 4367 1329 4430 13.
1347 4404 1389 4415 -
1408 4369 1433 4450 4)
1450 4370 1542 4428 nan.

345 4427 375 4503 ⁸2
407 4449 466 4527 34.
488 4465 575 4525 mm.
598 4462 629 4536 e,
652 4461 793 4525 1o-2o
817 4460 847 4524 2.
876 4465 960 4525 rer.
982 4462 1012 4533 2,
1036 4462 1086 4524 12.
1111 4461 1162 4525 19.
1197 4496 1237 4506 -
1273 4466 1300 4538 ⁵)
1326 4461 1418 4522 Joan.
1437 4457 1471 4533 s,
1488 4458 1543 4521 41.

345 4517 374 4585 ¹·
394 4537 496 4618 ³011.
514 4553 544 4636 s,
564 4552 614 4615 10.
631 4555 701 4617 Aa.
723 4552 774 4625 13,
794 4552 844 4618 10.
863 4590 903 4599 -
924 4553 949 4633 6)
968 4556 1054 4616 som.
1073 4553 1123 4630 12,
1140 4551 1162 4617 4
1179 4574 1219 4617 ss.
1240 4549 1289 4623 13,
1309 4549 1339 4617 s.
1359 4551 1387 4616 1,
1405 4551 1476 4612 001.
1490 4549 1541 4624 12,

343 4604 388 4678 13
413 4656 457 4704 ss.
474 4644 587 4727 Ephes.
605 4642 636 4719 4,
653 4643 673 4705 3
689 4666 731 4709 ss.
