3775 5625
348 402 414 473 378

346 571 490 639 firmitas.
514 569 596 636 Hinc
611 568 779 635 Ecclesiae
795 571 976 653 praesules,
1008 567 1060 654 qui
1082 565 1171 633 vices
1187 569 1257 653 ejus
1274 582 1447 655 gerentes,
1469 591 1528 634 mu·

346 702 424 746 nere
452 678 603 754 docendi,
635 678 819 744 sacerdotio
845 700 884 743 ac
899 677 1056 765 regimine
1072 677 1173 762 ipsius
1206 677 1335 743 nomine
1352 679 1533 767 funguutur,

345 791 484 855 illustrat
504 810 543 855 ac
559 787 684 876 dirigit,
709 788 753 852 ita
776 787 856 853 utin
874 787 1021 852 doctrina
1035 787 1233 876 Evangelica
1249 789 1423 863 tradenda,
1440 788 1473 853 iu
1489 810 1532 854 sa·

347 900 412 966 eris
429 897 687 965 administrandis
710 911 804 985 atque
825 897 971 962 fidelibus
993 896 1167 963 universim
1189 900 1381 964 adsalutem
1398 897 1536 986 dirigen-

347 1010 396 1074 dis
412 1010 451 1073 ab
469 1008 555 1073 omni
571 1029 684 1073 errore
701 1007 766 1072 sint
781 1007 954 1082 immunes,
975 1019 1007 1072 et
1023 1006 1173 1094 quoniam
1188 1008 1252 1093 ipsi
1269 1011 1302 1073 S.
1321 1003 1495 1094 Scriptura
1510 1020 1540 1073 et

347 1117 544 1193 Traditione,
561 1118 647 1181 fonte
665 1116 805 1204 gemino,
822 1138 864 1181 ex
880 1138 942 1202 qno
961 1138 1073 1203 aquam
1089 1116 1173 1182 vitae
1194 1116 1343 1181 fidelibus
1364 1117 1539 1203 propinan-

346 1228 417 1292 dam
438 1226 599 1302 hauriant,
629 1226 788 1315 indigent,
811 1226 1053 1313 huncquoque,
1077 1248 1116 1291 ne
1133 1225 1279 1291 turbidus
1294 1227 1470 1305 reddatur,
1490 1240 1544 1293 aut

345 1357 481 1420 prorsus
498 1336 692 1411 exsiccetur,
709 1334 848 1401 custodit
864 1357 903 1401 ac
918 1348 1034 1401 tuetur.

450 1446 541 1525 Quod
564 1448 602 1510 ad
625 1445 771 1533 singulos
793 1444 918 1509 attinet:
943 1444 1092 1511 Christus
1115 1457 1274 1531 tamquam
1295 1447 1369 1510 Rex
1391 1459 1428 1511 et
1451 1459 1545 1533 eaput

346 1567 491 1619 nostrum
507 1577 568 1621 nos
584 1577 648 1619 non
665 1568 786 1619 tantum
803 1575 860 1639 per
875 1554 1057 1618 Ecclesiam
1079 1554 1247 1619 docentem
1270 1554 1473 1621 salutaribus
1494 1578 1542 1619 re·

345 1662 475 1751 ligionis
492 1685 570 1729 suae
586 1664 773 1730 veritatibus
789 1662 926 1727 instituit
943 1684 981 1728 ac
999 1662 1122 1750 dirigit,
1144 1665 1201 1728 sed
1218 1676 1251 1729 et
1266 1664 1442 1730 nobiseum
1465 1679 1541 1730 tam·

345 1795 437 1860 quam
468 1773 620 1838 membris
649 1772 717 1838 suis
748 1771 935 1838 interiorem
960 1770 1118 1860 gratiam,
1143 1772 1218 1837 vitis
1233 1772 1337 1838 instar
1353 1773 1540 1859 palmitibus

343 1886 510 1949 humorem
526 1904 565 1949 ac
580 1883 678 1948 vitam
695 1882 880 1958 tribuentis,
903 1882 1118 1947 communicat
1126 1886 1164 1961 ¹),
1196 1903 1258 1968 qua
1276 1894 1344 1946 tum
1364 1904 1539 1971 regenera-

345 2015 416 2057 mur
437 2005 469 2057 et
490 2014 507 2057 e
524 2006 627 2057 morte
644 1992 795 2058 advitam
813 1991 1010 2076 spiritualem
1033 2012 1237 2066 revocamur,
1260 2004 1326 2056 tum
1343 1988 1467 2058 officiis
1482 1992 1537 2057 rite

346 2100 500 2167 obeundis
516 2123 612 2186 pares
629 2102 801 2177 efficimur,
824 2123 995 2187 quamque,
1027 2113 1141 2166 natura
1163 2102 1299 2165 humana
1319 2100 1351 2165 id
1375 2102 1540 2191 exigente*

346 2210 449 2300 signis
466 2212 620 2287 externis,
635 2235 695 2297 per
711 2233 791 2299 quae
807 2212 1096 2277 instrumentorum
1112 2210 1214 2276 instar
1231 2210 1326 2275 nobis
1343 2211 1532 2286 conferatur,

347 2323 516 2386 adnectere
532 2322 641 2387 voluit.
682 2323 762 2388 Cum
777 2321 866 2387 hisce
883 2334 989 2386 autem
1006 2321 1110 2396 simul,
1127 2343 1222 2408 quum
1238 2320 1270 2384 id
1285 2320 1412 2406 pariter
1428 2334 1531 2387 natura

347 2433 618 2515 nostrapostuiat,
634 2430 758 2496 visibile
769 2431 962 2497 sacrificium
980 2429 1155 2516 conjunxit,
1172 2451 1234 2516 quo
1252 2442 1424 2496 cruentum
1441 2429 1528 2496 sacri·

347 2538 463 2614 licium,
478 2539 510 2604 in
527 2561 623 2606 cruce
638 2542 873 2628 peragendum,
894 2550 1171 2625 repraesentetur,
1196 2550 1289 2624 atque
1307 2538 1459 2605 Christus
1473 2540 1528 2604 Do·
1572 2581 1574 2632 ÷

346 2648 461 2723 nriuus,
476 2662 574 2733 prout
589 2651 706 2714 sedens
723 2650 762 2713 ad
779 2650 945 2713 dexteram
961 2648 1065 2713 Patris
1081 2650 1178 2712 modo
1195 2646 1358 2724 invisibili,
1375 2649 1430 2715 hio
1445 2649 1529 2715 etiam

346 2759 442 2822 modo
459 2756 575 2823 visibili
590 2779 650 2843 pro
667 2758 761 2823 nobis
777 2756 956 2834 intercedit,
973 2778 1011 2823 ae
1028 2754 1141 2832 efficit,
1158 2769 1192 2821 ut
1207 2756 1292 2823 illius
1309 2758 1462 2825 salutaris
1477 2757 1528 2823 vir·

346 2879 397 2930 tus
413 2867 451 2930 ad
472 2866 697 2932 remissionem
719 2889 846 2944 eorum,
869 2889 948 2954 quae
972 2889 990 2932 a
1012 2866 1104 2932 nobis
1128 2866 1269 2953 quotidie
1287 2868 1530 2944 committuntur,
1572 2878 1574 2943 ξ

344 2989 552 3059 peccatorum
569 2977 755 3062 applicetur.
846 3045 848 3047 ,

453 3087 501 3150 Ad
539 3087 620 3151 hanc
653 3086 772 3152 Christi
804 3085 1007 3151 efficientiam
1039 3087 1078 3155 εἰς
1100 3079 1138 3144 τὰ
1158 3080 1260 3161 κάτω,
1293 3108 1355 3173 qua
1395 3087 1531 3154 Christus

345 3194 500 3260 Dominus
533 3217 615 3280 opus
647 3195 854 3260 redemtionis
892 3195 923 3259 iu
946 3195 1040 3261 nobis
1060 3195 1204 3280 perlicit,
1237 3198 1465 3281 exponendam
1480 3219 1530 3262 nos
1571 3196 1574 3275 Ι

343 3302 396 3368 hie
410 3303 654 3392 restringentes,
671 3318 705 3369 ut
721 3327 819 3389 supra
829 3307 898 3390 jam
915 3304 1107 3378 monuimus,
1124 3305 1333 3371 tractabimus
1348 3304 1530 3393 insequenti
1572 3310 1574 3377 i

344 3412 433 3477 titulo
451 3414 565 3478 tertio:
802 3404 804 3408 ¹

453 3523 1482 3615 1.Denostrajustisicatioue,seudedivinagratia
1571 3474 1574 3595 i

449 3629 479 3694 2.
496 3632 548 3695 De
564 3632 776 3698 incruento
792 3635 831 3698 N.
850 3634 887 3697 T.
905 3633 1141 3700 Sacrificio.
1164 3636 1207 3700 Et

451 3736 480 3801 3.
498 3739 542 3802 de
560 3741 863 3807 sacramentis·

344 3908 562 3923 *ἡ

457 4013 479 4095 ¹)
496 4014 541 4076 cf.
558 4016 650 4077 Joan.
670 4016 699 4089 1,
719 4014 770 4082 16.
790 4014 841 4088 15,
860 4014 957 4081 1-6.
978 4018 1045 4081 Act.
1063 4018 1095 4090 2,
1116 4017 1131 4082 1
1151 4041 1192 4082 ss.
1211 4020 1326 4102 Ephes.
1345 4019 1377 4098 4,
1397 4016 1518 4084 15-16.

349 4099 377 4172 l,
393 4101 446 4166 23.
464 4103 529 4166 Col.
547 4104 579 4178 2,
599 4105 650 4170 10.
668 4106 698 4169 2.
716 4109 801 4168 Patr.
821 4106 850 4179 1,
867 4105 898 4170 4.
