3775 5625
1403 417 1467 492 lit

276 612 346 655 nes
363 587 422 655 ait:
451 588 620 673 Quotquot
635 598 742 653 antem
758 598 955 671 receperant
969 611 1041 652 eam
1048 634 1060 668 ,
1080 593 1187 653 dedit
1201 596 1259 653 eis
1275 598 1470 672 potestatem

274 705 364 784 lilios
379 705 441 764 Dei
454 707 528 782 sieri
539 707 575 780 ¹).
616 701 707 779 Quod
724 722 804 786 ergo
821 699 876 763 filii
892 699 951 764 Dei
968 721 1079 764 sumus
1096 721 1154 783 per
1176 699 1312 787 gratiam
1330 700 1469 766 sanctiti-

278 824 415 885 cantem,
433 832 496 873 uon
514 822 671 883 nostrum,
690 812 746 873 seu
757 810 817 873 Dei
834 831 916 893 opus
933 822 993 875 est.
1010 813 1113 894 Atque
1129 810 1270 873 Paulus
1286 809 1318 872 in
1335 810 1472 893 epistola

279 924 327 986 ad
343 923 562 985 Romanos:
603 920 663 982 Sic
694 943 770 998 erpo
802 929 836 986 et
853 929 888 981 in
910 925 972 982 too
994 929 1137 1000 tempore
1153 923 1313 1002 reliquiae
1335 919 1473 1003 (scilicet

280 1033 517 1107 israelitarum)
549 1036 727 1094 sectandum
758 1035 997 1094 electionem
1027 1038 1185 1108 oratioe
1208 1037 1250 1111 (s.
1280 1030 1472 1094 electionem

278 1139 465 1229 granritam)
496 1144 610 1203 salvae
633 1145 748 1216 factae
772 1150 859 1204 sunt.
900 1142 939 1202 So
967 1150 1075 1203 autem
1098 1149 1221 1219 pratia,
1238 1147 1315 1218 jam
1330 1163 1409 1203 non
1425 1162 1474 1204 aa

280 1256 468 1333 operibus
501 1258 579 1331 (non
605 1251 645 1312 cb
670 1249 816 1312 meritum
841 1248 1102 1332 praecedentium
1129 1251 1292 1332 operum):
1326 1252 1474 1332 alioquin

276 1368 471 1440 prottojom
487 1384 552 1422 non
568 1370 619 1422 est
630 1360 784 1437 qratiam.
810 1360 843 1421 ln
861 1358 998 1442 epistola
1014 1357 1149 1442 priore
1166 1360 1209 1422 ad
1227 1358 1473 1423 Corinthios:

278 1474 347 1533 Ea
362 1479 447 1551 ipso
481 1468 554 1548 (Dei
578 1470 662 1531 dunc
686 1490 744 1531 seu
768 1466 942 1543 beneficio)
977 1476 1085 1530 antem
1110 1489 1167 1529 cos
1189 1476 1269 1530 eatis
1285 1477 1319 1530 in
1339 1471 1472 1531 Uiriato

280 1583 370 1643 Jesa
388 1580 442 1667 (ad
459 1578 577 1643 Christi
593 1578 689 1641 tidem
705 1577 846 1659 vocati),
868 1584 932 1659 qai
951 1581 1088 1652 factas
1105 1587 1167 1639 est
1181 1581 1295 1640 nobis
1311 1585 1473 1659 sapien·
1503 1554 1505 1561 Ι

280 1699 339 1752 tia
371 1712 391 1751 a
422 1692 519 1767 Deo,
554 1697 591 1750 et
609 1694 800 1765 justitia,
825 1696 866 1748 et
890 1690 1194 1767 sanctificatio,
1219 1696 1257 1748 et
1277 1691 1473 1750 redemtio

279 1800 316 1879 (i.
349 1820 377 1862 e.
399 1811 511 1861 auctor
534 1795 709 1881 sapientiae
726 1796 785 1860 Dei
803 1798 903 1869 douo,
924 1801 1001 1874 etc.)
1013 1796 1050 1874 ³).
1089 1797 1131 1859 Et
1146 1795 1279 1860 inferius
1297 1798 1474 1860 admoneus
1567 1855 1573 1864 .

280 1907 477 1981 Corinthios,
494 1929 532 1970 ne
550 1908 630 1970 alter
646 1927 744 1990 supra
761 1908 894 1970 alterum
911 1927 947 1969 se
965 1904 1093 1969 efferat:
1113 1906 1197 1980 Quis
1212 1913 1296 1969 enim
1310 1916 1340 1969 te
1352 1911 1473 1970 diacor-

279 2028 341 2097 m't,
361 2018 451 2102 quasi
468 2040 514 2085 se.
533 2016 651 2081 ceteris
668 2016 928 2080 excellentiorem
945 2028 978 2079 et
993 2015 1261 2079 eminentiorem?
1282 2017 1390 2091 euro
1403 2039 1474 2079 aa·

279 2138 354 2192 tem
369 2133 510 2206 tobes,
529 2132 637 2210 qaod
650 2149 724 2190 non
738 2124 956 2207 accepisti?
972 2125 991 2188 i.
1008 2146 1035 2188 e.
1053 2125 1127 2210 quid
1144 2127 1304 2189 bonorum
1328 2125 1397 2190 sive
1419 2145 1473 2190 na·

281 2238 431 2302 ruralium
447 2237 516 2301 sive
533 2234 823 2320 supernaturalium
840 2246 900 2309 est,
917 2235 1002 2319 quod
1019 2233 1088 2297 sine
1105 2233 1220 2297 merito
1238 2255 1302 2297 nou
1321 2234 1474 2319 acquisie-

280 2348 353 2411 ris?
379 2347 543 2409 Stantem
561 2352 733 2427 accepisti,
752 2348 832 2426 qaid
843 2347 1002 2421 pioriaric
1011 2389 1023 2421 ,
1048 2351 1144 2425 quasi
1164 2364 1233 2405 non
1249 2346 1475 2423 acceperis⁴)?

281 2458 316 2519 ln
351 2455 488 2539 epistola
520 2456 563 2518 ad
594 2453 810 2538 Ephesios:
843 2455 893 2515 tit
912 2476 985 2516 cam
1007 2474 1154 2515 essemus
1176 2461 1298 2515 rnortui
1315 2460 1475 2534 peccatis,

281 2572 518 2647 convivificavit
547 2588 608 2627 noa
624 2573 658 2627 in
678 2566 810 2626 Christo
819 2610 830 2641 ,
854 2570 970 2641 cajus
984 2571 1118 2641 qratia
1133 2570 1235 2624 estis
1251 2566 1416 2625 calcati.
1434 2600 1476 2609 —

284 2677 434 2739 Gratia
452 2673 607 2760 (gratrritc
619 2672 793 2752 beneficio)
812 2681 895 2735 enim
911 2680 1010 2735 eatis
1025 2675 1193 2750 calcati,
1209 2672 1343 2735 salutem
1361 2692 1476 2736 conse·

280 2784 365 2858 cuti,
383 2787 572 2866 persidem,
598 2792 630 2845 et
648 2790 709 2846 troc
730 2805 805 2846 non
822 2804 870 2845 ea
884 2785 1014 2860 cobis,
1034 2802 1096 2844 non
1115 2792 1224 2844 vestro
1243 2779 1365 2855 studio,
1382 2801 1477 2866 quum

279 2895 363 2958 fides
374 2892 636 2976 justificationem
653 2891 768 2955 mereri
785 2914 849 2954 non
866 2890 981 2974 possit,
1003 2890 1198 2975 insuperque
1220 2889 1347 2954 nonnisi
1369 2889 1475 2976 gratia

279 3002 340 3066 Dei
367 3001 594 3085 praeveniente
625 3014 657 3064 et
689 3013 884 3084 cooperante
916 2999 1077 3063 eliciatur:
1116 3003 1188 3061 Dei
1219 3008 1304 3060 enim
1335 3003 1474 3061 donam

279 3114 387 3190 est⁵).
412 3115 514 3196 Atque
530 3111 562 3174 in
579 3110 717 3195 epistola
733 3111 777 3174 ad
796 3109 941 3173 Titum:
966 3113 1056 3173 Non
1072 3132 1122 3172 eu
1139 3114 1473 3189 operibasJ'asti-

276 3231 366 3285 tiae
382 3221 518 3305 (justis),
535 3244 635 3303 quae
649 3222 823 3295 fecimus
846 3243 940 3299 nos,
959 3224 1029 3281 sed
1042 3223 1255 3281 secundam
1275 3241 1387 3280 croam
1403 3226 1473 3280 mi·

278 3335 570 3407 aericordiam‚
589 3333 727 3391 salvos
743 3353 815 3391 nos
829 3333 934 3404 fecit
944 3351 1005 3409 per
1019 3331 1470 3405 lacacramreyenerationia,

278 3450 313 3503 et
328 3447 549 3502 renovationis
566 3440 716 3520 Spiritus
732 3438 815 3516 S.⁶).

388 3551 428 3610 B.
446 3549 531 3610 ldem
549 3547 690 3611 sentiunt
706 3567 830 3631 quoque
849 3549 907 3610 SS.
925 3547 1078 3618 Patres,
1095 3557 1127 3608 et
1144 3544 1329 3609 nominatim
1345 3548 1471 3632 Augu·

279 3658 429 3731 stinus,
446 3657 497 3742 qui
514 3657 657 3722 adductis
674 3657 781 3721 verbis
798 3656 1004 3741 Apostoli:
1021 3657 1130 3717 Miser
1146 3663 1254 3735 tomo,
1273 3665 1347 3738 quis
1362 3678 1412 3717 me
1428 3659 1472 3717 li-

280 3771 409 3830 terabit
439 3772 477 3829 de
498 3790 638 3848 corpore
661 3776 778 3829 coortis
794 3768 915 3845 liujus?
939 3768 1130 3850 respondet:
1168 3766 1320 3828 Gratia
1337 3767 1399 3826 Dei
1412 3788 1473 3846 per

279 3879 399 3939 Jesnm
434 3879 617 3955 Uiriatum,
652 3880 828 3939 Dominum
852 3886 1012 3940 nostrum.
1056 3877 1169 3951 Quare
1183 3875 1349 3952 qratia?
1369 3873 1472 3947 outo

276 3994 408 4064 pratis
426 3990 560 4053 datar.
588 3987 702 4061 Quare
716 3996 854 4064 protis
871 3985 999 4049 datur?
1042 3986 1129 4060 Quia
1150 3990 1379 4045 maritatae
1395 4003 1473 4044 non

275 4105 613 4177 praecesserant,
647 4102 722 4158 sed
752 4101 954 4170 beneficia
974 4098 1045 4157 Dei
1069 4092 1471 4174 teproecenerant⁷).

279 4244 321 4252 -
354 4207 433 4266 Non
457 4212 614 4266 ostentm
643 4213 774 4284 pratia,
800 4213 829 4266 si
842 4212 1103 4286 praecesserunt
1122 4209 1259 4263 merita:
1282 4208 1473 4263 astantem

276 4323 432 4392 pratia:
462 4318 603 4389 ¹aratia
624 4321 723 4390 ipitar
749 4336 826 4375 non
849 4321 1016 4391 incenit,
1035 4315 1105 4373 sed
1120 4314 1263 4390 efficit
1278 4307 1470 4387 moritui).

291 4660 293 4664 ,
391 4587 414 4658 1)
432 4588 525 4647 Joan.
546 4589 574 4658 1,
594 4586 644 4649 12.
662 4623 703 4632 -
719 4592 746 4664 2)
766 4589 853 4648 Rom.
874 4587 925 4658 11,
943 4583 1042 4648 5-6.
1061 4584 1106 4647 (il.
1125 4583 1156 4659 3,
1174 4582 1226 4647 23.
1247 4621 1288 4630 —
1308 4579 1334 4667 3)
1354 4581 1382 4642 1.
1401 4581 1470 4642 Cor.

280 4678 309 4752 1,
327 4676 380 4740 30.
398 4715 438 4723 -
452 4683 478 4750 4)
499 4678 526 4739 1.
546 4678 616 4739 (ior.
636 4677 668 4750 4,
688 4677 716 4743 7.
734 4678 779 4740 cf.
796 4681 882 4739 Rom.
901 4677 954 4749 11,
973 4675 1025 4738 35.
1046 4714 1086 4721 -
1106 4680 1133 4755 ⁵)
1150 4673 1305 4756 Ephes2,
1324 4672 1353 4735 5.
1373 4670 1470 4734 8-9,

278 4804 323 4907 Ϊ-
340 4766 517 4938 11113ὲὲ
521 4772 667 4922 'inicii
680 4770 965 4923 p2r2·.T2.3uPr›s².
981 4773 1030 4919 300'
1038 4771 1124 4922 isi
1150 4766 1229 4849 Opp'
1248 4767 1286 4827 Ἦ
1304 4763 1335 4827 4’
1353 4785 1378 4828 ς’
1397 4761 1471 4827 149‘
