3775 5625
1416 411 1481 477 309

320 574 380 641 bis
396 597 455 663 por
471 587 638 662 peccatum
654 572 784 648 inflicta,
799 573 843 638 ita
856 596 980 660 quoque
998 574 1107 658 plures
1123 573 1155 637 in
1172 573 1225 637 illo
1236 596 1379 648 munere,
1396 579 1479 662 quod

320 685 539 775 mignissimus
571 686 720 750 Salvator
745 683 908 748 sustinere
922 684 1037 758 voluit,
1059 694 1093 746 ut
1108 683 1293 749 vulneribus
1309 684 1398 750 hisce
1415 707 1479 750 mc-

320 809 428 872 uetur,
443 797 552 882 plnres
568 806 677 880 partes
698 813 756 858 seu
774 790 884 857 officia
905 792 981 856 licet
997 792 1192 857 discerncre.
1232 795 1274 857 Et
1295 793 1420 880 quidem
1442 796 1481 859 ad

320 904 470 972 inmunia
485 917 588 969 totum
604 901 812 967 redemtionis
838 923 920 987 opus
937 923 995 987 per
1016 901 1181 967 Christum
1197 903 1346 968 revocari
1361 917 1480 989 potest.

320 1016 413 1081 tanim

378 1124 407 1189 1.
425 1123 574 1210 quoniam
591 1143 649 1208 per
675 1134 843 1207 peccatum
871 1120 1082 1185 amiseramus
1115 1119 1318 1186 sanctitatem
1335 1142 1373 1186 ac
1384 1123 1480 1207 justi·

320 1256 377 1309 rm,
399 1233 705 1317 incurreramnsque
725 1231 806 1297 iram
823 1244 856 1295 et
871 1229 1124 1318 indignationem
1140 1230 1216 1306 Dei,
1233 1243 1327 1317 atque
1343 1245 1481 1297 mortem

320 1342 436 1429 ›rporis
469 1354 501 1406 et
532 1340 655 1406 animae
686 1353 863 1405 aeternam:
896 1352 969 1404 ante
992 1339 1098 1404 omnia
1122 1340 1342 1405 necessarium
1358 1340 1430 1416 fuit,
1446 1354 1482 1406 ut

320 1453 434 1519 slvator
452 1464 565 1515 noster
581 1452 678 1515 lesus
696 1448 861 1524 Christus,
885 1449 937 1534 qui
971 1461 1005 1513 ut
1027 1470 1140 1513 verum
1157 1448 1288 1537 generis
1305 1450 1411 1514 nostri
1428 1472 1479 1516 ca·

320 1575 346 1627 .t
365 1563 458 1648 hujus
474 1582 646 1648 personam
663 1560 852 1635 sustinebat,
868 1580 1004 1645 poenam
1021 1572 1227 1644 peccatorum
1245 1573 1432 1625 nostrorum
1448 1561 1479 1625 in

343 1670 528 1756 susciperet,
545 1682 638 1754 atque
655 1691 691 1734 se
706 1670 813 1754 ipsum
834 1668 972 1733 hostiam
989 1666 1181 1753 piacularem
1203 1667 1374 1754 pronubis
1396 1669 1479 1734 face·

320 1793 393 1856 t,ct
407 1778 494 1843 Patri
517 1779 649 1844 coelesti
670 1778 864 1853 immolaret,
896 1777 1007 1863 sicque
1029 1779 1137 1842 soluto
1158 1777 1242 1843 vitae
1266 1800 1344 1844 suae
1364 1778 1480 1865 pretio,

328 1912 350 1955 s
364 1890 401 1954 ab
418 1901 549 1953 aeterna
565 1901 669 1953 morte
685 1887 845 1963 liberaret,
863 1900 957 1973 atquc
977 1886 1202 1952 remissionem
1225 1903 1431 1974 peccatorum
1448 1901 1480 1952 et

321 1996 421 2063 atiarn
437 1997 574 2060 divinam
590 2009 801 2081 promereret,
823 2017 881 2063 seu
902 2009 936 2061 ut
954 2008 1065 2061 noster
1087 1996 1278 2062 Pontifex
1294 1998 1478 2064 exsisteret.

320 2119 486 2193 eapropter
517 2126 596 2192 quae
628 2105 776 2170 Christus
795 2105 953 2170 Dominus
974 2106 1038 2171 hoc
1053 2119 1204 2191 respectu
1221 2108 1264 2189 ad·
1277 2130 1338 2173 nos
1355 2108 1477 2198 salvan·

325 2214 531 2306 spracstitit,
547 2213 675 2278 nomine
691 2214 869 2279 muneris
888 2216 957 2299 ejus
975 2213 1243 2279 sacerdotalis
1260 2216 1356 2282 venit.

388 2326 419 2390 2.
435 2327 539 2389 Porro
557 2346 651 2411 quum
667 2346 725 2409 per
742 2336 908 2409 peccatum
923 2324 1104 2389 intellectus
1121 2338 1233 2390 noster
1244 2326 1287 2391 sit
1297 2325 1478 2391 debilitatus

320 2454 377 2521 {ne
392 2437 540 2500 voluntas
561 2448 673 2499 nostra
696 2435 877 2519 depravata,
899 2436 959 2499 sub
981 2434 1244 2520 concupiscentia
1260 2436 1370 2501 rebelli
1385 2435 1476 2524 iuge·

321 2566 437 2621 scens,
461 2558 554 2631 atquc
577 2558 710 2630 propter
730 2546 853 2609 hancce
875 2545 971 2609 animi
993 2545 1098 2610 nostri
1114 2544 1360 2631 perversitatem
1377 2566 1415 2610 ac
1430 2545 1482 2610 ins

320 2656 463 2721 mitatem
478 2676 583 2743 genus
599 2657 770 2719 humanum
785 2675 895 2719 vcram
911 2654 971 2719 Dei
988 2654 1209 2742 cognitionem
1226 2655 1429 2740 perdidisset,
1446 2668 1478 2719 et

320 2784 355 2831 :o
377 2768 471 2851 hujus
495 2764 675 2830 idololatria
694 2765 762 2830 l'cre
790 2764 977 2831 universum
998 2778 1158 2831 terrarum
1189 2767 1301 2831 orbem
1318 2786 1473 2850 occupas·

320 2886 348 2940 t:
364 2878 512 2940 Salvator
527 2887 640 2939 noster
655 2875 750 2940 istam
767 2877 934 2941 destrucre
945 2878 989 2955 ¹),
1006 2897 1129 2961 nosque
1144 2876 1313 2941 veritatem
1326 2877 1476 2949 edocere,

320 3005 374 3070 [ue
390 2986 483 3060 viam,
504 3005 564 3072 qua
581 2986 620 3048 ad
646 2986 781 3050 salutem
798 2986 980 3061 tendamus,
998 2987 1180 3077 ostendere,
1197 3006 1256 3051 scu
1270 2985 1474 3069 Propheta

342 3081 534 3184 Magister
557 3116 630 3159 esse
654 3095 770 3161 debuit.
794 3095 876 3160 Hinc
898 3097 998 3161 altera
1018 3117 1095 3181 pars
1118 3096 1260 3160 muueris
1284 3094 1403 3160 Chr-isti
1424 3107 1474 3159 est

321 3225 418 3270 anus
434 3202 725 3289 propheticum.
749 3204 819 3268 Nec
835 3226 899 3268 uon

389 3315 419 3380 3.
437 3315 478 3379 ob
496 3314 629 3378 eandem
646 3333 776 3376 causam
791 3314 992 3403 Salvatorcm
1008 3314 1179 3398 providere
1198 3314 1351 3399 oportuit,
1369 3326 1404 3377 ut
1417 3314 1472 3377 do·

320 3424 384 3489 ·ina
415 3423 528 3488 salutis
559 3443 617 3507 per
646 3420 750 3506 ipsum
773 3424 866 3487 allata
887 3422 920 3486 iu
944 3424 1178 3499 Ecclesiam,
1196 3424 1247 3488 cui
1263 3424 1347 3490 illam
1365 3408 1471 3488 custoss

320 3535 426 3598 =ndam
444 3531 605 3597 commisit
626 3544 658 3596 et
678 3529 824 3596 fidelibus
840 3535 1100 3618 proponendam,
1126 3556 1184 3618 per
1206 3533 1312 3598 omnia
1327 3546 1474 3618 tempora

320 3643 420 3707 nuina
436 3665 474 3707 ac
490 3643 679 3727 incorrupta
695 3655 916 3718 conservetur,
932 3656 1025 3729 atquc
1042 3643 1074 3706 hi
1090 3643 1219 3720 omniuo
1241 3644 1411 3729 perillam,
1428 3642 1472 3707 vi·

320 3751 557 3817 &Redcmtoris
573 3751 605 3814 in
624 3751 719 3816 terris
736 3752 922 3827 obeuntem,
944 3773 1061 3817 secura
1081 3752 1134 3817 via
1149 3754 1188 3817 ad
1205 3755 1340 3817 salutem
1357 3755 1472 3818 ducan-

320 3880 350 3935 ·;
371 3883 432 3926 nec
448 3882 512 3924 uon
528 3880 591 3923 uua
614 3874 778 3924 auctorem
795 3882 885 3935 csse,
909 3873 944 3924 ut
967 3861 1085 3948 singuli
1102 3861 1163 3926 sibi
1181 3863 1319 3926 oblatam
1336 3861 1473 3926 divinam

320 3971 459 4035 utrinam
480 3991 519 4033 ac
544 3969 792 4044 redemtionem,
808 3970 839 4033 in
857 3992 893 4034 se
910 3985 1084 4056 peractam,
1101 3983 1197 4057 prout
1214 3983 1358 4056 oportet,
1374 3971 1474 4035 libere

320 4080 489 4165 operando
514 4080 767 4163 apprehendant,
790 4093 823 4145 ct
845 4102 904 4165 per
925 4103 1036 4145 veram
1054 4080 1149 4145 fidem
1166 4102 1204 4144 ac
1221 4080 1380 4145 sinceram
1398 4081 1473 4145 dile·

323 4211 422 4254 ouem
442 4190 511 4252 lleo
536 4189 785 4276 conjungantur,
816 4188 847 4252 id
871 4203 921 4253 cst
944 4189 1038 4254 nobis
1059 4189 1196 4276 gratiam
1222 4188 1381 4253 internam
1398 4212 1473 4254 cou-

320 4316 382 4375 ·rc‚
404 4312 436 4363 et
456 4298 582 4383 quidem
603 4319 665 4361 nou
683 4311 805 4362 tautum
821 4320 903 4374 cam,
920 4321 982 4384 qua
998 4300 1037 4362 ad
1053 4299 1156 4362 Deum
1174 4297 1410 4373 convertimur,
1434 4321 1475 4363 cx

320 4409 408 4485 iustis
419 4407 500 4493 justi
517 4419 608 4492 atque
626 4406 766 4492 adoptivi
782 4408 842 4473 Dei
859 4408 913 4473 filii
930 4408 1100 4483 efficimur,
1118 4409 1175 4474 sed
1192 4421 1224 4473 et
1239 4408 1333 4484 illam,
1351 4431 1411 4495 qua
1428 4409 1473 4471 iu·

320 4515 428 4584 llcctus
444 4518 629 4591 illustratur,
646 4530 683 4590 et,
693 4519 841 4583 voluntas
858 4520 1015 4585 excitatur
1033 4541 1071 4616 ac
1088 4521 1329 4593 corroboratur,
1346 4532 1380 4582 ut
1393 4518 1474 4581 veri-

320 4627 341 4692 ti
369 4626 493 4691 divinae
521 4624 648 4690 firmum
671 4648 840 4691 assensum
864 4631 1092 4712 pr·aebearnus,
1116 4641 1148 4692 ct
1165 4650 1264 4712 opera
1280 4631 1364 4692 bona
1382 4650 1474 4692 excr-

320 4784 501 4798 ---——

390 4854 420 4932 1)
436 4849 482 4912 Of.
499 4847 683 4912 Athenas.
700 4853 751 4911 De
767 4853 891 4915 Incarn.
908 4853 959 4914 46.
978 4849 1056 4934 Opp.
1074 4851 1113 4911 Τ.
1133 4846 1161 4913 1.
1178 4850 1214 4913 Ρ.
1234 4847 1262 4911 1.
1279 4869 1306 4933 p.
1326 4846 1368 4912 86
1387 4869 1425 4912 ss.
