<?xml version="1.0" encoding="UTF-8"?>
<!DOCTYPE html PUBLIC "-//W3C//DTD XHTML 1.0 Transitional//EN"
    "http://www.w3.org/TR/xhtml1/DTD/xhtml1-transitional.dtd">
<html xmlns="http://www.w3.org/1999/xhtml" xml:lang="en" lang="en">
 <head>
  <title>
</title>
<meta http-equiv="Content-Type" content="text/html;charset=utf-8" />
  <meta name='ocr-system' content='tesseract 3.04.00' />
  <meta name='ocr-capabilities' content='ocr_page ocr_carea ocr_par ocr_line ocrx_word'/>
</head>
<body>
  <div class='ocr_page' id='page_1' title='image "./theologiadogmat00schwgoog/theologiadogmat00schwgoog_0219.png"; bbox 0 0 3775 5625; ppageno 0'>
   <div class='ocr_carea' id='block_1_1' title="bbox 1438 435 1506 503">
    <p class='ocr_par' dir='ltr' id='par_1_1' title="bbox 1438 435 1506 503">
     <span class='ocr_line' id='line_1_1' title="bbox 1438 435 1506 503; baseline 0 0"><span class='ocrx_word' id='word_1_1' title='bbox 1438 435 1506 503; x_wconf 72' lang='lat' dir='ltr'><strong>ibi</strong></span> 
     </span>
    </p>
   </div>
   <div class='ocr_carea' id='block_1_2' title="bbox 267 602 1506 2001">
    <p class='ocr_par' dir='ltr' id='par_1_2' title="bbox 267 602 1506 2001">
     <span class='ocr_line' id='line_1_2' title="bbox 280 602 1504 691; baseline -0.002 -22"><span class='ocrx_word' id='word_1_2' title='bbox 280 624 407 691; x_wconf 81' lang='lat' dir='ltr'><strong>quum</strong></span> <span class='ocrx_word' id='word_1_3' title='bbox 433 606 520 665; x_wconf 82' lang='lat' dir='ltr'><strong>Deus</strong></span> <span class='ocrx_word' id='word_1_4' title='bbox 535 603 655 680; x_wconf 84' lang='lat' dir='ltr'><strong>judicet</strong></span> <span class='ocrx_word' id='word_1_5' title='bbox 676 622 825 682; x_wconf 81' lang='lat' dir='ltr'><strong>quemque</strong></span> <span class='ocrx_word' id='word_1_6' title='bbox 842 604 1010 664; x_wconf 83' lang='lat' dir='ltr'><strong>secundum</strong></span> <span class='ocrx_word' id='word_1_7' title='bbox 1026 602 1150 680; x_wconf 85' lang='lat' dir='ltr'><strong>propria</strong></span> <span class='ocrx_word' id='word_1_8' title='bbox 1166 602 1296 674; x_wconf 83' lang='lat' dir='ltr'><strong>delicta,</strong></span> <span class='ocrx_word' id='word_1_9' title='bbox 1318 623 1377 663; x_wconf 92' lang='lat' dir='ltr'><strong>non</strong></span> <span class='ocrx_word' id='word_1_10' title='bbox 1395 623 1504 666; x_wconf 83' lang='lat' dir='ltr'><strong>secun·</strong></span> 
     </span>
     <span class='ocr_line' id='line_1_3' title="bbox 273 713 1506 794; baseline -0.003 -14"><span class='ocrx_word' id='word_1_11' title='bbox 273 723 385 780; x_wconf 83' lang='lat' dir='ltr'><strong>durn</strong></span> <span class='ocrx_word' id='word_1_12' title='bbox 403 716 501 775; x_wconf 85' lang='lat' dir='ltr'><strong>aliena</strong></span> <span class='ocrx_word' id='word_1_13' title='bbox 512 716 577 790; x_wconf 85' lang='lat' dir='ltr'><strong>jam</strong></span> <span class='ocrx_word' id='word_1_14' title='bbox 595 733 689 792; x_wconf 88' lang='lat' dir='ltr'><strong>supra</strong></span> <span class='ocrx_word' id='word_1_15' title='bbox 705 715 929 791; x_wconf 83' lang='lat' dir='ltr'><strong>respondimus.</strong></span> <span class='ocrx_word' id='word_1_16' title='bbox 954 715 1050 774; x_wconf 86' lang='lat' dir='ltr'><strong>Juvat</strong></span> <span class='ocrx_word' id='word_1_17' title='bbox 1067 723 1169 772; x_wconf 89' lang='lat' dir='ltr'><strong>tamen</strong></span> <span class='ocrx_word' id='word_1_18' title='bbox 1186 713 1235 773; x_wconf 89' lang='lat' dir='ltr'><strong>bic</strong></span> <span class='ocrx_word' id='word_1_19' title='bbox 1253 716 1412 793; x_wconf 87' lang='lat' dir='ltr'><strong>allegare,</strong></span> <span class='ocrx_word' id='word_1_20' title='bbox 1428 733 1506 794; x_wconf 77' lang='lat' dir='ltr'><strong>qaae</strong></span> 
     </span>
     <span class='ocr_line' id='line_1_4' title="bbox 271 822 1505 902; baseline -0.003 -15"><span class='ocrx_word' id='word_1_21' title='bbox 271 829 376 887; x_wconf 84' lang='lat' dir='ltr'><strong>boc</strong></span> <span class='ocrx_word' id='word_1_22' title='bbox 393 834 537 901; x_wconf 88' lang='lat' dir='ltr'><strong>respectu</strong></span> <span class='ocrx_word' id='word_1_23' title='bbox 555 826 593 886; x_wconf 91' lang='lat' dir='ltr'><strong>cl.</strong></span> <span class='ocrx_word' id='word_1_24' title='bbox 609 824 849 884; x_wconf 84' lang='lat' dir='ltr'><strong>Muratorius</strong></span> <span class='ocrx_word' id='word_1_25' title='bbox 866 824 991 882; x_wconf 88' lang='lat' dir='ltr'><strong>adnotat</strong></span> <span class='ocrx_word' id='word_1_26' title='bbox 1007 823 1127 883; x_wconf 85' lang='lat' dir='ltr'><strong>licens:</strong></span> <span class='ocrx_word' id='word_1_27' title='bbox 1152 822 1273 882; x_wconf 73' lang='lat' dir='ltr'><strong>lisdem</strong></span> <span class='ocrx_word' id='word_1_28' title='bbox 1292 824 1505 902; x_wconf 83' lang='lat' dir='ltr'><strong>(Pelagianis)</strong></span> 
     </span>
     <span class='ocr_line' id='line_1_5' title="bbox 269 933 1504 1013; baseline 0 -19"><span class='ocrx_word' id='word_1_29' title='bbox 269 933 522 1011; x_wconf 73' lang='lat' dir='ltr'><strong>testantibus,</strong></span> <span class='ocrx_word' id='word_1_30' title='bbox 541 934 669 993; x_wconf 68' lang='lat' dir='ltr'><strong>divinem</strong></span> <span class='ocrx_word' id='word_1_31' title='bbox 685 935 835 1010; x_wconf 77' lang='lat' dir='ltr'><strong>bonitati,</strong></span> <span class='ocrx_word' id='word_1_32' title='bbox 855 939 951 1013; x_wconf 76' lang='lat' dir='ltr'><strong>atque</strong></span> <span class='ocrx_word' id='word_1_33' title='bbox 958 935 1116 1008; x_wconf 81' lang='lat' dir='ltr'><strong>justitiae</strong></span> <span class='ocrx_word' id='word_1_34' title='bbox 1140 938 1345 994; x_wconf 80' lang='lat' dir='ltr'><strong>contrarium</strong></span> <span class='ocrx_word' id='word_1_35' title='bbox 1359 952 1426 994; x_wconf 86' lang='lat' dir='ltr'><strong>non</strong></span> <span class='ocrx_word' id='word_1_36' title='bbox 1441 939 1504 1010; x_wconf 82' lang='lat' dir='ltr'><strong>eat,</strong></span> 
     </span>
     <span class='ocr_line' id='line_1_6' title="bbox 269 1045 1506 1119; baseline -0.001 -15"><span class='ocrx_word' id='word_1_37' title='bbox 269 1049 472 1105; x_wconf 81' lang='lat' dir='ltr'><strong>naturum</strong></span> <span class='ocrx_word' id='word_1_38' title='bbox 494 1049 646 1103; x_wconf 81' lang='lat' dir='ltr'><strong>noctram</strong></span> <span class='ocrx_word' id='word_1_39' title='bbox 664 1045 705 1103; x_wconf 80' lang='lat' dir='ltr'><strong>ab</strong></span> <span class='ocrx_word' id='word_1_40' title='bbox 722 1048 814 1104; x_wconf 86' lang='lat' dir='ltr'><strong>initio</strong></span> <span class='ocrx_word' id='word_1_41' title='bbox 832 1049 880 1103; x_wconf 85' lang='lat' dir='ltr'><strong>tot</strong></span> <span class='ocrx_word' id='word_1_42' title='bbox 894 1045 1075 1119; x_wconf 74' lang='lat' dir='ltr'><strong>aan&#39;ect&#39;aac</strong></span> <span class='ocrx_word' id='word_1_43' title='bbox 1093 1047 1281 1119; x_wconf 81' lang='lat' dir='ltr'><strong>aerumnis,</strong></span> <span class='ocrx_word' id='word_1_44' title='bbox 1315 1062 1388 1103; x_wconf 82' lang='lat' dir='ltr'><strong>cum</strong></span> <span class='ocrx_word' id='word_1_45' title='bbox 1413 1049 1506 1103; x_wconf 82' lang='lat' dir='ltr'><strong>tantu</strong></span> 
     </span>
     <span class='ocr_line' id='line_1_7' title="bbox 267 1153 1505 1233; baseline 0 -21"><span class='ocrx_word' id='word_1_46' title='bbox 267 1153 516 1232; x_wconf 71' lang='lat' dir='ltr'><strong>proclivitate</strong></span> <span class='ocrx_word' id='word_1_47' title='bbox 540 1154 586 1213; x_wconf 79' lang='lat' dir='ltr'><strong>ud</strong></span> <span class='ocrx_word' id='word_1_48' title='bbox 604 1154 726 1214; x_wconf 83' lang='lat' dir='ltr'><strong>mulum</strong></span> <span class='ocrx_word' id='word_1_49' title='bbox 733 1198 744 1229; x_wconf 85' lang='lat'><strong>,</strong></span> <span class='ocrx_word' id='word_1_50' title='bbox 770 1159 926 1233; x_wconf 77' lang='lat' dir='ltr'><strong>tantaque</strong></span> <span class='ocrx_word' id='word_1_51' title='bbox 943 1153 1139 1232; x_wconf 66' lang='lat' dir='ltr'><strong>difficultate</strong></span> <span class='ocrx_word' id='word_1_52' title='bbox 1156 1155 1202 1212; x_wconf 83' lang='lat' dir='ltr'><strong>ad</strong></span> <span class='ocrx_word' id='word_1_53' title='bbox 1216 1153 1353 1228; x_wconf 79' lang='lat' dir='ltr'><strong>bonurn,</strong></span> <span class='ocrx_word' id='word_1_54' title='bbox 1377 1157 1505 1213; x_wconf 75' lang='lat' dir='ltr'><strong>tametsi</strong></span> 
     </span>
     <span class='ocr_line' id='line_1_8' title="bbox 272 1263 1505 1343; baseline 0.001 -21"><span class='ocrx_word' id='word_1_55' title='bbox 272 1263 407 1323; x_wconf 83' lang='lat' dir='ltr'><strong>nulla</strong></span> <span class='ocrx_word' id='word_1_56' title='bbox 423 1264 521 1343; x_wconf 80' lang='lat' dir='ltr'><strong>culpa</strong></span> <span class='ocrx_word' id='word_1_57' title='bbox 532 1268 763 1341; x_wconf 78' lang='lat' dir='ltr'><strong>praecesserit.</strong></span> <span class='ocrx_word' id='word_1_58' title='bbox 788 1263 881 1339; x_wconf 70' lang='lat' dir='ltr'><strong>Erpa</strong></span> <span class='ocrx_word' id='word_1_59' title='bbox 898 1263 999 1323; x_wconf 83' lang='lat' dir='ltr'><strong>multo</strong></span> <span class='ocrx_word' id='word_1_60' title='bbox 1016 1268 1125 1324; x_wconf 76' lang='lat' dir='ltr'><strong>minna</strong></span> <span class='ocrx_word' id='word_1_61' title='bbox 1141 1265 1429 1339; x_wconf 79' lang='lat' dir='ltr'><strong>diainuejuatttice</strong></span> <span class='ocrx_word' id='word_1_62' title='bbox 1445 1279 1505 1323; x_wconf 85' lang='lat' dir='ltr'><strong>re·-</strong></span> 
     </span>
     <span class='ocr_line' id='line_1_9' title="bbox 276 1373 1504 1452; baseline -0.002 -18"><span class='ocrx_word' id='word_1_63' title='bbox 276 1379 445 1450; x_wconf 74' lang='lat' dir='ltr'><strong>puynat,</strong></span> <span class='ocrx_word' id='word_1_64' title='bbox 465 1380 515 1433; x_wconf 84' lang='lat' dir='ltr'><strong>tot</strong></span> <span class='ocrx_word' id='word_1_65' title='bbox 528 1378 562 1434; x_wconf 80' lang='lat' dir='ltr'><strong>tn</strong></span> <span class='ocrx_word' id='word_1_66' title='bbox 577 1394 640 1435; x_wconf 85' lang='lat' dir='ltr'><strong>noa</strong></span> <span class='ocrx_word' id='word_1_67' title='bbox 656 1373 745 1433; x_wconf 71' lang='lat' dir='ltr'><strong>mma</strong></span> <span class='ocrx_word' id='word_1_68' title='bbox 763 1392 937 1449; x_wconf 69' lang='lat' dir='ltr'><strong>congerere</strong></span> <span class='ocrx_word' id='word_1_69' title='bbox 953 1377 1054 1433; x_wconf 79' lang='lat' dir='ltr'><strong>nnius</strong></span> <span class='ocrx_word' id='word_1_70' title='bbox 1066 1377 1193 1452; x_wconf 83' lang='lat' dir='ltr'><strong>peceati</strong></span> <span class='ocrx_word' id='word_1_71' title='bbox 1205 1373 1433 1451; x_wconf 79' lang='lat' dir='ltr'><strong>praecedentia</strong></span> <span class='ocrx_word' id='word_1_72' title='bbox 1448 1378 1504 1432; x_wconf 82' lang='lat' dir='ltr'><strong>tn·</strong></span> 
     </span>
     <span class='ocr_line' id='line_1_10' title="bbox 284 1481 1504 1577; baseline 0.001 -36"><span class='ocrx_word' id='word_1_73' title='bbox 284 1488 405 1545; x_wconf 77' lang='lat' dir='ltr'><strong>tuito.</strong></span> <span class='ocrx_word' id='word_1_74' title='bbox 440 1518 482 1530; x_wconf 90' lang='lat'><em>-</em></span> <span class='ocrx_word' id='word_1_75' title='bbox 515 1484 667 1577; x_wconf 75' lang='lat' dir='ltr'><strong>ll&#39;cctlins</strong></span> <span class='ocrx_word' id='word_1_76' title='bbox 691 1482 853 1543; x_wconf 75' lang='lat' dir='ltr'><strong>Catholici</strong></span> <span class='ocrx_word' id='word_1_77' title='bbox 859 1486 1030 1559; x_wconf 76' lang='lat' dir='ltr'><strong>jmttttam</strong></span> <span class='ocrx_word' id='word_1_78' title='bbox 1047 1484 1278 1542; x_wconf 75' lang='lat' dir='ltr'><strong>urbanitatem</strong></span> <span class='ocrx_word' id='word_1_79' title='bbox 1293 1481 1356 1542; x_wconf 82' lang='lat' dir='ltr'><strong>Dei</strong></span> <span class='ocrx_word' id='word_1_80' title='bbox 1376 1488 1504 1543; x_wconf 77' lang='lat' dir='ltr'><strong>eurtum</strong></span> 
     </span>
     <span class='ocr_line' id='line_1_11' title="bbox 289 1594 1504 1674; baseline 0.001 -23"><span class='ocrx_word' id='word_1_81' title='bbox 289 1594 406 1653; x_wconf 81' lang='lat' dir='ltr'><strong>nobie</strong></span> <span class='ocrx_word' id='word_1_82' title='bbox 423 1600 603 1674; x_wconf 76' lang='lat' dir='ltr'><strong>tectamque</strong></span> <span class='ocrx_word' id='word_1_83' title='bbox 628 1595 800 1670; x_wconf 64' lang='lat' dir='ltr'><strong>emittent,</strong></span> <span class='ocrx_word' id='word_1_84' title='bbox 824 1600 873 1653; x_wconf 84' lang='lat' dir='ltr'><strong>tot</strong></span> <span class='ocrx_word' id='word_1_85' title='bbox 891 1598 1054 1654; x_wconf 81' lang='lat' dir='ltr'><strong>tamenne</strong></span> <span class='ocrx_word' id='word_1_86' title='bbox 1075 1599 1218 1653; x_wconf 79' lang='lat' dir='ltr'><strong>naturae</strong></span> <span class='ocrx_word' id='word_1_87' title='bbox 1238 1596 1381 1654; x_wconf 78' lang='lat' dir='ltr'><strong>miserita</strong></span> <span class='ocrx_word' id='word_1_88' title='bbox 1400 1612 1467 1653; x_wconf 88' lang='lat' dir='ltr'><strong>non</strong></span> <span class='ocrx_word' id='word_1_89' title='bbox 1483 1612 1504 1652; x_wconf 82' lang='lat' dir='ltr'><strong>a</strong></span> 
     </span>
     <span class='ocr_line' id='line_1_12' title="bbox 290 1702 1503 1781; baseline 0 -20"><span class='ocrx_word' id='word_1_90' title='bbox 290 1708 479 1777; x_wconf 78' lang='lat' dir='ltr'><strong>primaeva</strong></span> <span class='ocrx_word' id='word_1_91' title='bbox 495 1708 699 1764; x_wconf 76' lang='lat' dir='ltr'><strong>institutione</strong></span> <span class='ocrx_word' id='word_1_92' title='bbox 716 1723 756 1763; x_wconf 84' lang='lat' dir='ltr'><strong>ac</strong></span> <span class='ocrx_word' id='word_1_93' title='bbox 770 1702 938 1763; x_wconf 81' lang='lat' dir='ltr'><strong>voluntate</strong></span> <span class='ocrx_word' id='word_1_94' title='bbox 954 1703 1016 1762; x_wconf 80' lang='lat' dir='ltr'><strong>Dei</strong></span> <span class='ocrx_word' id='word_1_95' title='bbox 1033 1704 1120 1779; x_wconf 81' lang='lat' dir='ltr'><strong>boni,</strong></span> <span class='ocrx_word' id='word_1_96' title='bbox 1140 1704 1200 1762; x_wconf 84' lang='lat' dir='ltr'><strong>aed</strong></span> <span class='ocrx_word' id='word_1_97' title='bbox 1214 1723 1234 1762; x_wconf 81' lang='lat' dir='ltr'><strong>a</strong></span> <span class='ocrx_word' id='word_1_98' title='bbox 1247 1707 1430 1781; x_wconf 83' lang='lat' dir='ltr'><strong>primorum</strong></span> <span class='ocrx_word' id='word_1_99' title='bbox 1443 1721 1503 1780; x_wconf 81' lang='lat' dir='ltr'><strong>pc·</strong></span> 
     </span>
     <span class='ocr_line' id='line_1_13' title="bbox 295 1812 1503 1893; baseline 0.003 -26"><span class='ocrx_word' id='word_1_100' title='bbox 295 1819 441 1873; x_wconf 83' lang='lat' dir='ltr'><strong>rentum</strong></span> <span class='ocrx_word' id='word_1_101' title='bbox 457 1813 555 1892; x_wconf 82' lang='lat' dir='ltr'><strong>culpa</strong></span> <span class='ocrx_word' id='word_1_102' title='bbox 572 1814 741 1889; x_wconf 80' lang='lat' dir='ltr'><strong>derivatio,</strong></span> <span class='ocrx_word' id='word_1_103' title='bbox 761 1832 859 1893; x_wconf 75' lang='lat' dir='ltr'><strong>gnum</strong></span> <span class='ocrx_word' id='word_1_104' title='bbox 875 1817 905 1871; x_wconf 79' lang='lat' dir='ltr'><strong>at</strong></span> <span class='ocrx_word' id='word_1_105' title='bbox 921 1812 1032 1888; x_wconf 82' lang='lat' dir='ltr'><strong>lolem,</strong></span> <span class='ocrx_word' id='word_1_106' title='bbox 1052 1812 1265 1892; x_wconf 74' lang='lat' dir='ltr'><strong>pacatianum</strong></span> <span class='ocrx_word' id='word_1_107' title='bbox 1283 1819 1335 1872; x_wconf 82' lang='lat' dir='ltr'><strong>est</strong></span> <span class='ocrx_word' id='word_1_108' title='bbox 1348 1819 1503 1872; x_wconf 84' lang='lat' dir='ltr'><strong>naturum</strong></span> 
     </span>
     <span class='ocr_line' id='line_1_14' title="bbox 296 1921 851 2001; baseline 0.009 -23"><span class='ocrx_word' id='word_1_109' title='bbox 296 1923 335 1980; x_wconf 78' lang='lat' dir='ltr'><strong>ab</strong></span> <span class='ocrx_word' id='word_1_110' title='bbox 364 1928 462 1984; x_wconf 77' lang='lat' dir='ltr'><strong>initio</strong></span> <span class='ocrx_word' id='word_1_111' title='bbox 481 1929 627 1983; x_wconf 85' lang='lat' dir='ltr'><strong>creatum</strong></span> <span class='ocrx_word' id='word_1_112' title='bbox 643 1921 851 2001; x_wconf 64' lang='lat' dir='ltr'><strong>cfflrrrtenl¹b</strong></span> 
     </span>
    </p>
   </div>
   <div class='ocr_carea' id='block_1_3' title="bbox 494 2171 1319 2259">
    <p class='ocr_par' dir='ltr' id='par_1_3' title="bbox 494 2171 1319 2259">
     <span class='ocr_line' id='line_1_15' title="bbox 494 2171 1319 2259; baseline -0.004 -15"><span class='ocrx_word' id='word_1_113' title='bbox 494 2172 561 2245; x_wconf 75' lang='lat' dir='ltr'><strong>tt.</strong></span> <span class='ocrx_word' id='word_1_114' title='bbox 579 2176 782 2244; x_wconf 64' lang='lat' dir='ltr'><strong>Fructus</strong></span> <span class='ocrx_word' id='word_1_115' title='bbox 801 2171 1043 2242; x_wconf 78' lang='lat' dir='ltr'><strong>doctrinae</strong></span> <span class='ocrx_word' id='word_1_116' title='bbox 1061 2172 1319 2259; x_wconf 74' lang='lat' dir='ltr'><strong>expositae.</strong></span> 
     </span>
    </p>
   </div>
   <div class='ocr_carea' id='block_1_4' title="bbox 233 2361 1502 4201">
    <p class='ocr_par' dir='ltr' id='par_1_4' title="bbox 278 2361 1502 2752">
     <span class='ocr_line' id='line_1_16' title="bbox 399 2361 1502 2439; baseline -0.002 -18"><span class='ocrx_word' id='word_1_117' title='bbox 399 2361 552 2421; x_wconf 76' lang='lat' dir='ltr'>Doctrina</span> <span class='ocrx_word' id='word_1_118' title='bbox 563 2363 599 2421; x_wconf 87' lang='lat' dir='ltr'><strong>de</strong></span> <span class='ocrx_word' id='word_1_119' title='bbox 610 2371 739 2439; x_wconf 84' lang='lat' dir='ltr'><strong>peccato</strong></span> <span class='ocrx_word' id='word_1_120' title='bbox 751 2361 896 2439; x_wconf 75' lang='lat' dir='ltr'><strong>originali</strong></span> <span class='ocrx_word' id='word_1_121' title='bbox 906 2380 1096 2439; x_wconf 87' lang='lat' dir='ltr'><strong>nequaquam</strong></span> <span class='ocrx_word' id='word_1_122' title='bbox 1110 2361 1192 2420; x_wconf 88' lang='lat' dir='ltr'><strong>inter</strong></span> <span class='ocrx_word' id='word_1_123' title='bbox 1203 2362 1330 2421; x_wconf 87' lang='lat' dir='ltr'><strong>steriles</strong></span> <span class='ocrx_word' id='word_1_124' title='bbox 1343 2379 1379 2422; x_wconf 91' lang='lat' dir='ltr'><strong>ac</strong></span> <span class='ocrx_word' id='word_1_125' title='bbox 1394 2361 1502 2420; x_wconf 87' lang='lat' dir='ltr'><strong>inanes</strong></span> 
     </span>
     <span class='ocr_line' id='line_1_17' title="bbox 282 2461 1502 2553; baseline 0 -24"><span class='ocrx_word' id='word_1_126' title='bbox 282 2461 458 2532; x_wconf 71' lang='lat' dir='ltr'><strong>ltilmanae</strong></span> <span class='ocrx_word' id='word_1_127' title='bbox 476 2473 587 2531; x_wconf 85' lang='lat' dir='ltr'><strong>mentis</strong></span> <span class='ocrx_word' id='word_1_128' title='bbox 613 2472 852 2553; x_wconf 78' lang='lat' dir='ltr'><strong>speculationes,</strong></span> <span class='ocrx_word' id='word_1_129' title='bbox 869 2484 901 2531; x_wconf 91' lang='lat' dir='ltr'><strong>ut</strong></span> <span class='ocrx_word' id='word_1_130' title='bbox 918 2472 1105 2549; x_wconf 87' lang='lat' dir='ltr'><strong>quibusdam</strong></span> <span class='ocrx_word' id='word_1_131' title='bbox 1123 2472 1222 2531; x_wconf 88' lang='lat' dir='ltr'><strong>visum</strong></span> <span class='ocrx_word' id='word_1_132' title='bbox 1241 2482 1299 2542; x_wconf 88' lang='lat' dir='ltr'><strong>est,</strong></span> <span class='ocrx_word' id='word_1_133' title='bbox 1317 2471 1502 2531; x_wconf 88' lang='lat' dir='ltr'><strong>amandanda</strong></span> 
     </span>
     <span class='ocr_line' id='line_1_18' title="bbox 281 2579 1502 2659; baseline 0.007 -30"><span class='ocrx_word' id='word_1_134' title='bbox 281 2583 367 2648; x_wconf 84' lang='lat' dir='ltr'><strong>est,</strong></span> <span class='ocrx_word' id='word_1_135' title='bbox 396 2583 562 2659; x_wconf 75' lang='lat' dir='ltr'><strong>sedunam</strong></span> <span class='ocrx_word' id='word_1_136' title='bbox 586 2583 717 2641; x_wconf 83' lang='lat' dir='ltr'><strong>maxime</strong></span> <span class='ocrx_word' id='word_1_137' title='bbox 734 2582 771 2640; x_wconf 88' lang='lat' dir='ltr'><strong>ad</strong></span> <span class='ocrx_word' id='word_1_138' title='bbox 788 2579 914 2641; x_wconf 80' lang='lat' dir='ltr'><strong>virtutis</strong></span> <span class='ocrx_word' id='word_1_139' title='bbox 932 2582 1066 2641; x_wconf 88' lang='lat' dir='ltr'><strong>studium</strong></span> <span class='ocrx_word' id='word_1_140' title='bbox 1094 2582 1124 2640; x_wconf 90' lang='lat' dir='ltr'><strong>in</strong></span> <span class='ocrx_word' id='word_1_141' title='bbox 1156 2581 1243 2639; x_wconf 88' lang='lat' dir='ltr'><strong>nobis</strong></span> <span class='ocrx_word' id='word_1_142' title='bbox 1265 2580 1502 2657; x_wconf 86' lang='lat' dir='ltr'><strong>promovendum</strong></span> 
     </span>
     <span class='ocr_line' id='line_1_19' title="bbox 278 2677 494 2752; baseline 0.069 -15"><span class='ocrx_word' id='word_1_143' title='bbox 278 2677 494 2752; x_wconf 69' lang='lat' dir='ltr'><strong>valentiam</strong></span> 
     </span>
    </p>

    <p class='ocr_par' dir='ltr' id='par_1_5' title="bbox 233 2797 1502 3762">
     <span class='ocr_line' id='line_1_20' title="bbox 415 2797 1501 2881; baseline -0.002 -19"><span class='ocrx_word' id='word_1_144' title='bbox 415 2797 444 2862; x_wconf 90' lang='lat' dir='ltr'><strong>l.</strong></span> <span class='ocrx_word' id='word_1_145' title='bbox 464 2800 713 2880; x_wconf 82' lang='lat' dir='ltr'><strong>quemadmodum</strong></span> <span class='ocrx_word' id='word_1_146' title='bbox 731 2811 832 2861; x_wconf 89' lang='lat' dir='ltr'><strong>status</strong></span> <span class='ocrx_word' id='word_1_147' title='bbox 856 2801 1046 2881; x_wconf 87' lang='lat' dir='ltr'><strong>originarius</strong></span> <span class='ocrx_word' id='word_1_148' title='bbox 1069 2801 1227 2862; x_wconf 84' lang='lat' dir='ltr'><strong>felicitatis</strong></span> <span class='ocrx_word' id='word_1_149' title='bbox 1248 2801 1308 2861; x_wconf 89' lang='lat' dir='ltr'><strong>Dei</strong></span> <span class='ocrx_word' id='word_1_150' title='bbox 1324 2800 1501 2872; x_wconf 86' lang='lat' dir='ltr'><strong>bonitatem,</strong></span> 
     </span>
     <span class='ocr_line' id='line_1_21' title="bbox 279 2900 1500 2990; baseline 0 -20"><span class='ocrx_word' id='word_1_151' title='bbox 279 2900 324 2958; x_wconf 58' lang='lat' dir='ltr'><strong>ll&amp;</strong></span> <span class='ocrx_word' id='word_1_152' title='bbox 361 2921 471 2972; x_wconf 82' lang='lat' dir='ltr'><strong>status</strong></span> <span class='ocrx_word' id='word_1_153' title='bbox 488 2912 611 2989; x_wconf 90' lang='lat' dir='ltr'><strong>peccati</strong></span> <span class='ocrx_word' id='word_1_154' title='bbox 628 2922 658 2972; x_wconf 90' lang='lat' dir='ltr'><strong>et</strong></span> <span class='ocrx_word' id='word_1_155' title='bbox 675 2913 832 2982; x_wconf 75' lang='lat' dir='ltr'><strong>miseriae,</strong></span> <span class='ocrx_word' id='word_1_156' title='bbox 850 2913 880 2970; x_wconf 92' lang='lat' dir='ltr'><strong>in</strong></span> <span class='ocrx_word' id='word_1_157' title='bbox 898 2931 986 2989; x_wconf 86' lang='lat' dir='ltr'><strong>quem</strong></span> <span class='ocrx_word' id='word_1_158' title='bbox 1003 2922 1241 2990; x_wconf 79' lang='lat' dir='ltr'><strong>protoparentes</strong></span> <span class='ocrx_word' id='word_1_159' title='bbox 1259 2931 1424 2990; x_wconf 85' lang='lat' dir='ltr'><strong>omnesque</strong></span> <span class='ocrx_word' id='word_1_160' title='bbox 1435 2914 1500 2971; x_wconf 90' lang='lat' dir='ltr'><strong>illo·</strong></span> 
     </span>
     <span class='ocr_line' id='line_1_22' title="bbox 280 3022 1502 3101; baseline 0.001 -22"><span class='ocrx_word' id='word_1_161' title='bbox 280 3027 374 3078; x_wconf 69' lang='lat' dir='ltr'><strong>tum</strong></span> <span class='ocrx_word' id='word_1_162' title='bbox 394 3022 514 3098; x_wconf 79' lang='lat' dir='ltr'><strong>posteri</strong></span> <span class='ocrx_word' id='word_1_163' title='bbox 530 3032 658 3100; x_wconf 90' lang='lat' dir='ltr'><strong>propter</strong></span> <span class='ocrx_word' id='word_1_164' title='bbox 674 3023 756 3101; x_wconf 87' lang='lat' dir='ltr'><strong>legis</strong></span> <span class='ocrx_word' id='word_1_165' title='bbox 774 3022 894 3081; x_wconf 86' lang='lat' dir='ltr'><strong>divinae</strong></span> <span class='ocrx_word' id='word_1_166' title='bbox 912 3022 1198 3100; x_wconf 77' lang='lat' dir='ltr'><strong>transgressionem</strong></span> <span class='ocrx_word' id='word_1_167' title='bbox 1215 3023 1412 3100; x_wconf 89' lang='lat' dir='ltr'><strong>praecipitati</strong></span> <span class='ocrx_word' id='word_1_168' title='bbox 1421 3031 1502 3093; x_wconf 89' lang='lat' dir='ltr'><strong>sunt,</strong></span> 
     </span>
     <span class='ocr_line' id='line_1_23' title="bbox 281 3131 1502 3210; baseline 0.014 -37"><span class='ocrx_word' id='word_1_169' title='bbox 281 3135 351 3179; x_wconf 79' lang='lat' dir='ltr'><strong>nos</strong></span> <span class='ocrx_word' id='word_1_170' title='bbox 387 3131 632 3206; x_wconf 60' lang='lat' dir='ltr'><strong>docetinstitiae</strong></span> <span class='ocrx_word' id='word_1_171' title='bbox 655 3133 808 3209; x_wconf 90' lang='lat' dir='ltr'><strong>punientis</strong></span> <span class='ocrx_word' id='word_1_172' title='bbox 831 3133 1041 3196; x_wconf 85' lang='lat' dir='ltr'><strong>severitatem.</strong></span> <span class='ocrx_word' id='word_1_173' title='bbox 1074 3135 1174 3210; x_wconf 81' lang='lat' dir='ltr'><strong>Atque</strong></span> <span class='ocrx_word' id='word_1_174' title='bbox 1190 3132 1261 3194; x_wconf 87' lang='lat' dir='ltr'><strong>hinc</strong></span> <span class='ocrx_word' id='word_1_175' title='bbox 1278 3133 1434 3192; x_wconf 84' lang='lat' dir='ltr'><strong>discamus</strong></span> <span class='ocrx_word' id='word_1_176' title='bbox 1458 3132 1502 3191; x_wconf 92' lang='lat' dir='ltr'><strong>ita</strong></span> 
     </span>
     <span class='ocr_line' id='line_1_24' title="bbox 283 3226 1501 3321; baseline 0.003 -26"><span class='ocrx_word' id='word_1_177' title='bbox 283 3226 427 3311; x_wconf 72' lang='lat' dir='ltr'><strong>vivere,</strong></span> <span class='ocrx_word' id='word_1_178' title='bbox 456 3241 499 3300; x_wconf 90' lang='lat' dir='ltr'><strong>ita</strong></span> <span class='ocrx_word' id='word_1_179' title='bbox 521 3241 551 3299; x_wconf 92' lang='lat' dir='ltr'><strong>in</strong></span> <span class='ocrx_word' id='word_1_180' title='bbox 570 3242 710 3301; x_wconf 88' lang='lat' dir='ltr'><strong>omnibns</strong></span> <span class='ocrx_word' id='word_1_181' title='bbox 728 3261 836 3321; x_wconf 87' lang='lat' dir='ltr'><strong>agere,</strong></span> <span class='ocrx_word' id='word_1_182' title='bbox 853 3252 887 3301; x_wconf 90' lang='lat' dir='ltr'><strong>ut</strong></span> <span class='ocrx_word' id='word_1_183' title='bbox 902 3242 1038 3301; x_wconf 91' lang='lat' dir='ltr'><strong>bonitate</strong></span> <span class='ocrx_word' id='word_1_184' title='bbox 1056 3242 1159 3302; x_wconf 87' lang='lat' dir='ltr'><strong>divina</strong></span> <span class='ocrx_word' id='word_1_185' title='bbox 1175 3262 1233 3301; x_wconf 91' lang='lat' dir='ltr'><strong>non</strong></span> <span class='ocrx_word' id='word_1_186' title='bbox 1252 3244 1427 3313; x_wconf 84' lang='lat' dir='ltr'><strong>abutamur,</strong></span> <span class='ocrx_word' id='word_1_187' title='bbox 1450 3260 1501 3300; x_wconf 87' lang='lat' dir='ltr'><strong>ea·</strong></span> 
     </span>
     <span class='ocr_line' id='line_1_25' title="bbox 233 3328 1501 3429; baseline -0.002 -19"><span class='ocrx_word' id='word_1_188' title='bbox 233 3328 234 3345; x_wconf 34' lang='lat'>¹</span> <span class='ocrx_word' id='word_1_189' title='bbox 285 3353 355 3410; x_wconf 75' lang='lat' dir='ltr'><strong>qne</strong></span> <span class='ocrx_word' id='word_1_190' title='bbox 400 3348 496 3409; x_wconf 86' lang='lat' dir='ltr'><strong>abusi¹</strong></span> <span class='ocrx_word' id='word_1_191' title='bbox 511 3351 631 3410; x_wconf 88' lang='lat' dir='ltr'><strong>divinae</strong></span> <span class='ocrx_word' id='word_1_192' title='bbox 646 3351 801 3410; x_wconf 86' lang='lat' dir='ltr'><strong>vindictae</strong></span> <span class='ocrx_word' id='word_1_193' title='bbox 819 3353 1018 3410; x_wconf 89' lang='lat' dir='ltr'><strong>severitatem</strong></span> <span class='ocrx_word' id='word_1_194' title='bbox 1036 3371 1096 3410; x_wconf 90' lang='lat' dir='ltr'><strong>non</strong></span> <span class='ocrx_word' id='word_1_195' title='bbox 1120 3353 1335 3428; x_wconf 86' lang='lat' dir='ltr'><strong>experiamur,</strong></span> <span class='ocrx_word' id='word_1_196' title='bbox 1359 3362 1392 3411; x_wconf 91' lang='lat' dir='ltr'><strong>ut</strong></span> <span class='ocrx_word' id='word_1_197' title='bbox 1412 3369 1501 3429; x_wconf 88' lang='lat' dir='ltr'><strong>prae·</strong></span> 
     </span>
     <span class='ocr_line' id='line_1_26' title="bbox 287 3445 1501 3540; baseline 0.002 -22"><span class='ocrx_word' id='word_1_198' title='bbox 287 3445 394 3518; x_wconf 73' lang='lat' dir='ltr'><strong>cla1·e</strong></span> <span class='ocrx_word' id='word_1_199' title='bbox 416 3470 519 3519; x_wconf 88' lang='lat' dir='ltr'><strong>monet</strong></span> <span class='ocrx_word' id='word_1_200' title='bbox 543 3460 760 3540; x_wconf 80' lang='lat' dir='ltr'><strong>Gregorius</strong></span> <span class='ocrx_word' id='word_1_201' title='bbox 776 3463 830 3531; x_wconf 91' lang='grc' dir='ltr'><strong>Μ.,</strong></span> <span class='ocrx_word' id='word_1_202' title='bbox 847 3463 898 3539; x_wconf 89' lang='lat' dir='ltr'><strong>qni</strong></span> <span class='ocrx_word' id='word_1_203' title='bbox 920 3462 977 3520; x_wconf 91' lang='lat' dir='ltr'><strong>ait:</strong></span> <span class='ocrx_word' id='word_1_204' title='bbox 1016 3460 1120 3521; x_wconf 87' lang='lat' dir='ltr'><strong>Nemo</strong></span> <span class='ocrx_word' id='word_1_205' title='bbox 1143 3461 1205 3520; x_wconf 84' lang='lat' dir='ltr'><strong>Dei</strong></span> <span class='ocrx_word' id='word_1_206' title='bbox 1226 3462 1501 3538; x_wconf 67' lang='lat' dir='ltr'><strong>longanimitatem</strong></span> 
     </span>
     <span class='ocr_line' id='line_1_27' title="bbox 285 3567 1500 3650; baseline -0.002 -18"><span class='ocrx_word' id='word_1_207' title='bbox 285 3567 465 3644; x_wconf 63' lang='lat' dir='ltr'><strong>&#39;&#39;⁹912&#39;ch</strong></span> <span class='ocrx_word' id='word_1_208' title='bbox 497 3574 575 3650; x_wconf 76' lang='lat' dir='ltr'><strong>qm&#39;a</strong></span> <span class='ocrx_word' id='word_1_209' title='bbox 606 3577 696 3631; x_wconf 84' lang='lat' dir='ltr'><strong>tanto</strong></span> <span class='ocrx_word' id='word_1_210' title='bbox 731 3573 965 3631; x_wconf 76' lang='lat' dir='ltr'><strong>districtiorem</strong></span> <span class='ocrx_word' id='word_1_211' title='bbox 971 3573 1142 3646; x_wconf 80' lang='lat' dir='ltr'><strong>justitium</strong></span> <span class='ocrx_word' id='word_1_212' title='bbox 1162 3576 1197 3632; x_wconf 81' lang='lat' dir='ltr'><strong>tn</strong></span> <span class='ocrx_word' id='word_1_213' title='bbox 1217 3573 1348 3647; x_wconf 80' lang='lat' dir='ltr'><strong>judicio</strong></span> <span class='ocrx_word' id='word_1_214' title='bbox 1380 3576 1500 3648; x_wconf 75' lang='lat' dir='ltr'><strong>enipet,</strong></span> 
     </span>
     <span class='ocr_line' id='line_1_28' title="bbox 285 3679 1346 3762; baseline 0.005 -24"><span class='ocrx_word' id='word_1_215' title='bbox 285 3680 431 3739; x_wconf 63' lang='lat' dir='ltr'><strong>uvanto</strong></span> <span class='ocrx_word' id='word_1_216' title='bbox 449 3679 627 3755; x_wconf 72' lang='lat' dir='ltr'><strong>longiorem</strong></span> <span class='ocrx_word' id='word_1_217' title='bbox 645 3689 720 3741; x_wconf 83' lang='lat' dir='ltr'><strong>unte</strong></span> <span class='ocrx_word' id='word_1_218' title='bbox 727 3684 893 3757; x_wconf 75' lang='lat' dir='ltr'><strong>Judieium</strong></span> <span class='ocrx_word' id='word_1_219' title='bbox 906 3686 1100 3759; x_wconf 82' lang='lat' dir='ltr'><strong>patientium</strong></span> <span class='ocrx_word' id='word_1_220' title='bbox 1113 3681 1346 3762; x_wconf 61' lang='lat' dir='ltr'><strong>prorepaniss).</strong></span> 
     </span>
    </p>

    <p class='ocr_par' dir='ltr' id='par_1_6' title="bbox 276 3786 1501 4201">
     <span class='ocr_line' id='line_1_29' title="bbox 415 3786 1501 3871; baseline 0.001 -21"><span class='ocrx_word' id='word_1_221' title='bbox 415 3786 446 3850; x_wconf 81' lang='lat'><strong>2.</strong></span> <span class='ocrx_word' id='word_1_222' title='bbox 470 3793 591 3867; x_wconf 89' lang='lat' dir='ltr'><strong>Lapsus</strong></span> <span class='ocrx_word' id='word_1_223' title='bbox 608 3801 859 3869; x_wconf 86' lang='lat' dir='ltr'><strong>protoparentum</strong></span> <span class='ocrx_word' id='word_1_224' title='bbox 876 3793 964 3851; x_wconf 93' lang='lat' dir='ltr'><strong>nobis</strong></span> <span class='ocrx_word' id='word_1_225' title='bbox 982 3793 1019 3850; x_wconf 95' lang='lat' dir='ltr'><strong>ob</strong></span> <span class='ocrx_word' id='word_1_226' title='bbox 1037 3793 1144 3852; x_wconf 88' lang='lat' dir='ltr'><strong>oculos</strong></span> <span class='ocrx_word' id='word_1_227' title='bbox 1160 3794 1245 3871; x_wconf 90' lang='lat' dir='ltr'><strong>ponit</strong></span> <span class='ocrx_word' id='word_1_228' title='bbox 1261 3792 1501 3852; x_wconf 81' lang='lat' dir='ltr'><strong>imbecillitatem</strong></span> 
     </span>
     <span class='ocr_line' id='line_1_30' title="bbox 280 3874 1501 3980; baseline 0.002 -23"><span class='ocrx_word' id='word_1_229' title='bbox 280 3874 482 3963; x_wconf 66' lang='lat' dir='ltr'><strong>humanam.</strong></span> <span class='ocrx_word' id='word_1_230' title='bbox 501 3898 629 3974; x_wconf 83' lang='lat' dir='ltr'><strong>Quantis</strong></span> <span class='ocrx_word' id='word_1_231' title='bbox 647 3902 727 3959; x_wconf 89' lang='lat' dir='ltr'><strong>enim</strong></span> <span class='ocrx_word' id='word_1_232' title='bbox 743 3902 988 3979; x_wconf 74' lang='lat' dir='ltr'><strong>perfectionibus</strong></span> <span class='ocrx_word' id='word_1_233' title='bbox 1012 3903 1168 3979; x_wconf 90' lang='lat' dir='ltr'><strong>pollebant</strong></span> <span class='ocrx_word' id='word_1_234' title='bbox 1184 3911 1422 3980; x_wconf 87' lang='lat' dir='ltr'><strong>protoparentes</strong></span> <span class='ocrx_word' id='word_1_235' title='bbox 1429 3925 1439 3973; x_wconf 89' lang='lat'>;</span> <span class='ocrx_word' id='word_1_236' title='bbox 1456 3902 1501 3960; x_wconf 91' lang='lat' dir='ltr'><strong>ni·</strong></span> 
     </span>
     <span class='ocr_line' id='line_1_31' title="bbox 278 3983 1500 4091; baseline 0.004 -25"><span class='ocrx_word' id='word_1_237' title='bbox 278 3983 473 4067; x_wconf 71' lang='lat' dir='ltr'><strong>hilOrrrinus</strong></span> <span class='ocrx_word' id='word_1_238' title='bbox 485 4018 585 4067; x_wconf 91' lang='lat' dir='ltr'><strong>tamen</strong></span> <span class='ocrx_word' id='word_1_239' title='bbox 598 4011 786 4082; x_wconf 85' lang='lat' dir='ltr'><strong>ceciderunt,</strong></span> <span class='ocrx_word' id='word_1_240' title='bbox 799 4022 829 4071; x_wconf 88' lang='lat' dir='ltr'><strong>et</strong></span> <span class='ocrx_word' id='word_1_241' title='bbox 842 4012 1021 4073; x_wconf 88' lang='lat' dir='ltr'><strong>ceciderunt</strong></span> <span class='ocrx_word' id='word_1_242' title='bbox 1033 4013 1122 4089; x_wconf 88' lang='lat' dir='ltr'><strong>lapsu</strong></span> <span class='ocrx_word' id='word_1_243' title='bbox 1141 4023 1200 4071; x_wconf 90' lang='lat' dir='ltr'><strong>tam</strong></span> <span class='ocrx_word' id='word_1_244' title='bbox 1217 4012 1317 4091; x_wconf 87' lang='lat' dir='ltr'><strong>gravi,</strong></span> <span class='ocrx_word' id='word_1_245' title='bbox 1326 4020 1359 4070; x_wconf 92' lang='lat' dir='ltr'><strong>ut</strong></span> <span class='ocrx_word' id='word_1_246' title='bbox 1376 4020 1440 4071; x_wconf 91' lang='lat' dir='ltr'><strong>tota</strong></span> <span class='ocrx_word' id='word_1_247' title='bbox 1451 4031 1500 4071; x_wconf 90' lang='lat' dir='ltr'><strong>eo·</strong></span> 
     </span>
     <span class='ocr_line' id='line_1_32' title="bbox 276 4112 1501 4201; baseline 0.002 -25"><span class='ocrx_word' id='word_1_248' title='bbox 276 4112 379 4175; x_wconf 67' lang='lat'>&#39;⁰¹¹1</span> <span class='ocrx_word' id='word_1_249' title='bbox 390 4121 560 4196; x_wconf 85' lang='lat' dir='ltr'><strong>posteritas</strong></span> <span class='ocrx_word' id='word_1_250' title='bbox 570 4123 650 4180; x_wconf 89' lang='lat' dir='ltr'><strong>mala</strong></span> <span class='ocrx_word' id='word_1_251' title='bbox 662 4123 776 4181; x_wconf 89' lang='lat' dir='ltr'><strong>sentiat</strong></span> <span class='ocrx_word' id='word_1_252' title='bbox 788 4124 987 4201; x_wconf 78' lang='lat' dir='ltr'><strong>gravissima,</strong></span> <span class='ocrx_word' id='word_1_253' title='bbox 1002 4125 1068 4181; x_wconf 88' lang='lat' dir='ltr'><strong>Non</strong></span> <span class='ocrx_word' id='word_1_254' title='bbox 1082 4142 1159 4201; x_wconf 86' lang='lat' dir='ltr'><strong>ergo</strong></span> <span class='ocrx_word' id='word_1_255' title='bbox 1179 4122 1367 4182; x_wconf 85' lang='lat' dir='ltr'><strong>confidamus</strong></span> <span class='ocrx_word' id='word_1_256' title='bbox 1384 4122 1501 4180; x_wconf 88' lang='lat' dir='ltr'><strong>nostris</strong></span> 
     </span>
    </p>
   </div>
   <div class='ocr_carea' id='block_1_5' title="bbox 274 4205 1502 4529">
    <p class='ocr_par' dir='ltr' id='par_1_7' title="bbox 274 4205 1502 4529">
     <span class='ocr_line' id='line_1_33' title="bbox 274 4205 1502 4312; baseline 0.002 -25"><span class='ocrx_word' id='word_1_257' title='bbox 274 4205 448 4300; x_wconf 64' lang='lat' dir='ltr'><strong>Vll&#39;ibus,</strong></span> <span class='ocrx_word' id='word_1_258' title='bbox 472 4231 526 4289; x_wconf 88' lang='lat' dir='ltr'><strong>sed</strong></span> <span class='ocrx_word' id='word_1_259' title='bbox 544 4232 580 4290; x_wconf 88' lang='lat' dir='ltr'><strong>ad</strong></span> <span class='ocrx_word' id='word_1_260' title='bbox 605 4232 740 4309; x_wconf 84' lang='lat' dir='ltr'><strong>gratiam</strong></span> <span class='ocrx_word' id='word_1_261' title='bbox 758 4234 985 4312; x_wconf 78' lang='lat' dir='ltr'><strong>confugiamus,</strong></span> <span class='ocrx_word' id='word_1_262' title='bbox 1002 4234 1107 4310; x_wconf 87' lang='lat' dir='ltr'><strong>illique</strong></span> <span class='ocrx_word' id='word_1_263' title='bbox 1126 4233 1183 4290; x_wconf 88' lang='lat' dir='ltr'><strong>soli</strong></span> <span class='ocrx_word' id='word_1_264' title='bbox 1201 4232 1347 4302; x_wconf 82' lang='lat' dir='ltr'><strong>fidamus3</strong></span> <span class='ocrx_word' id='word_1_265' title='bbox 1365 4251 1451 4301; x_wconf 91' lang='lat' dir='ltr'><strong>nam,</strong></span> <span class='ocrx_word' id='word_1_266' title='bbox 1468 4240 1502 4290; x_wconf 89' lang='lat' dir='ltr'><strong>ut</strong></span> 
     </span>
     <span class='ocr_line' id='line_1_34' title="bbox 275 4314 1500 4420; baseline 0.004 -24"><span class='ocrx_word' id='word_1_267' title='bbox 275 4314 325 4376; x_wconf 57' lang='lat' dir='ltr'><strong>alt</strong></span> <span class='ocrx_word' id='word_1_268' title='bbox 366 4339 490 4415; x_wconf 81' lang='lat' dir='ltr'><strong>quidam</strong></span> <span class='ocrx_word' id='word_1_269' title='bbox 509 4341 569 4400; x_wconf 85' lang='lat' dir='ltr'><strong>SS.</strong></span> <span class='ocrx_word' id='word_1_270' title='bbox 586 4342 734 4413; x_wconf 87' lang='lat' dir='ltr'><strong>Patrnm,</strong></span> <span class='ocrx_word' id='word_1_271' title='bbox 751 4347 839 4403; x_wconf 79' lang='lat' dir='ltr'><strong>aient</strong></span> <span class='ocrx_word' id='word_1_272' title='bbox 852 4349 947 4403; x_wconf 80' lang='lat' dir='ltr'><strong>nucis</strong></span> <span class='ocrx_word' id='word_1_273' title='bbox 966 4345 1079 4420; x_wconf 85' lang='lat' dir='ltr'><strong>fracto</strong></span> <span class='ocrx_word' id='word_1_274' title='bbox 1100 4341 1324 4417; x_wconf 68' lang='lat' dir='ltr'><strong>gubernaculo</strong></span> <span class='ocrx_word' id='word_1_275' title='bbox 1350 4342 1429 4402; x_wconf 79' lang='lat' dir='ltr'><strong>illuc</strong></span> <span class='ocrx_word' id='word_1_276' title='bbox 1445 4342 1500 4401; x_wconf 83' lang='lat' dir='ltr'><strong>du·</strong></span> 
     </span>
     <span class='ocr_line' id='line_1_35' title="bbox 276 4427 1499 4529; baseline 0.002 -25"><span class='ocrx_word' id='word_1_277' title='bbox 276 4427 410 4524; x_wconf 48' lang='lat' dir='ltr'><strong>dtur,</strong></span> <span class='ocrx_word' id='word_1_278' title='bbox 422 4450 478 4509; x_wconf 80' lang='lat' dir='ltr'><strong>ubi</strong></span> <span class='ocrx_word' id='word_1_279' title='bbox 494 4456 670 4529; x_wconf 82' lang='lat' dir='ltr'><strong>tempestas</strong></span> <span class='ocrx_word' id='word_1_280' title='bbox 685 4452 844 4512; x_wconf 81' lang='lat' dir='ltr'><strong>voluerit:</strong></span> <span class='ocrx_word' id='word_1_281' title='bbox 861 4457 910 4512; x_wconf 82' lang='lat' dir='ltr'><strong>stc</strong></span> <span class='ocrx_word' id='word_1_282' title='bbox 925 4459 959 4512; x_wconf 89' lang='lat' dir='ltr'><strong>et</strong></span> <span class='ocrx_word' id='word_1_283' title='bbox 972 4456 1066 4512; x_wconf 82' lang='lat' dir='ltr'><strong>bomo</strong></span> <span class='ocrx_word' id='word_1_284' title='bbox 1085 4451 1213 4510; x_wconf 80' lang='lat' dir='ltr'><strong>divinoe</strong></span> <span class='ocrx_word' id='word_1_285' title='bbox 1226 4456 1356 4525; x_wconf 71' lang='lat' dir='ltr'><strong>profice</strong></span> <span class='ocrx_word' id='word_1_286' title='bbox 1372 4449 1499 4510; x_wconf 75' lang='lat' dir='ltr'><strong>ancilia</strong></span> 
     </span>
    </p>
   </div>
   <div class='ocr_carea' id='block_1_6' title="bbox 276 4551 1501 4642">
    <p class='ocr_par' dir='ltr' id='par_1_8' title="bbox 276 4551 1501 4642">
     <span class='ocr_line' id='line_1_36' title="bbox 276 4551 1501 4642; baseline 0.001 -26"><span class='ocrx_word' id='word_1_287' title='bbox 276 4551 436 4618; x_wconf 61' lang='lat' dir='ltr'><strong>peram</strong></span> <span class='ocrx_word' id='word_1_288' title='bbox 465 4580 525 4638; x_wconf 82' lang='lat' dir='ltr'><strong>per·</strong></span> <span class='ocrx_word' id='word_1_289' title='bbox 553 4566 723 4639; x_wconf 80' lang='lat' dir='ltr'><strong>peccatum</strong></span> <span class='ocrx_word' id='word_1_290' title='bbox 755 4567 838 4640; x_wconf 76' lang='lat' dir='ltr'><strong>cpit,</strong></span> <span class='ocrx_word' id='word_1_291' title='bbox 871 4563 961 4642; x_wconf 78' lang='lat' dir='ltr'><strong>qnod</strong></span> <span class='ocrx_word' id='word_1_292' title='bbox 980 4580 1043 4621; x_wconf 87' lang='lat' dir='ltr'><strong>non</strong></span> <span class='ocrx_word' id='word_1_293' title='bbox 1068 4560 1149 4635; x_wconf 80' lang='lat' dir='ltr'><strong>cell,</strong></span> <span class='ocrx_word' id='word_1_294' title='bbox 1168 4561 1230 4619; x_wconf 81' lang='lat' dir='ltr'><strong>aed</strong></span> <span class='ocrx_word' id='word_1_295' title='bbox 1243 4563 1333 4640; x_wconf 76' lang='lat' dir='ltr'><strong>qnod</strong></span> <span class='ocrx_word' id='word_1_296' title='bbox 1347 4557 1501 4621; x_wconf 75' lang='lat' dir='ltr'><strong>diabolus</strong></span> 
     </span>
    </p>
   </div>
   <div class='ocr_carea' id='block_1_7' title="bbox 281 4656 1499 4832">
    <p class='ocr_par' dir='ltr' id='par_1_9' title="bbox 281 4656 1499 4832">
     <span class='ocr_line' id='line_1_37' title="bbox 281 4656 1499 4750; baseline 0.002 -26"><span class='ocrx_word' id='word_1_297' title='bbox 281 4656 390 4729; x_wconf 62' lang='lat' dir='ltr'><strong>Wlt.</strong></span> <span class='ocrx_word' id='word_1_298' title='bbox 419 4670 500 4729; x_wconf 91' lang='lat' dir='ltr'><strong>Prae</strong></span> <span class='ocrx_word' id='word_1_299' title='bbox 524 4671 665 4731; x_wconf 89' lang='lat' dir='ltr'><strong>omnibus</strong></span> <span class='ocrx_word' id='word_1_300' title='bbox 686 4681 786 4730; x_wconf 89' lang='lat' dir='ltr'><strong>autem</strong></span> <span class='ocrx_word' id='word_1_301' title='bbox 804 4673 960 4750; x_wconf 80' lang='lat' dir='ltr'><strong>fugiamus</strong></span> <span class='ocrx_word' id='word_1_302' title='bbox 978 4672 1165 4748; x_wconf 89' lang='lat' dir='ltr'><strong>superbiam,</strong></span> <span class='ocrx_word' id='word_1_303' title='bbox 1183 4690 1279 4749; x_wconf 78' lang='lat' dir='ltr'><strong>qnae,</strong></span> <span class='ocrx_word' id='word_1_304' title='bbox 1298 4681 1331 4730; x_wconf 93' lang='lat' dir='ltr'><strong>ut</strong></span> <span class='ocrx_word' id='word_1_305' title='bbox 1348 4671 1389 4729; x_wconf 90' lang='lat' dir='ltr'><strong>ait</strong></span> <span class='ocrx_word' id='word_1_306' title='bbox 1406 4671 1499 4728; x_wconf 77' lang='lat' dir='ltr'><strong>Oas-</strong></span> 
     </span>
     <span class='ocr_line' id='line_1_38' title="bbox 286 4788 527 4832; baseline 0.008 -2"><span class='ocrx_word' id='word_1_307' title='bbox 286 4788 527 4832; x_wconf 41' lang='lat' dir='ltr'><strong>X..-</strong></span> 
     </span>
    </p>
   </div>
   <div class='ocr_carea' id='block_1_8' title="bbox 297 4902 1498 5079">
    <p class='ocr_par' dir='ltr' id='par_1_10' title="bbox 297 4902 1498 5079">
     <span class='ocr_line' id='line_1_39' title="bbox 297 4902 1498 5007; baseline -0.001 -40"><span class='ocrx_word' id='word_1_308' title='bbox 297 4973 308 5007; x_wconf 46' lang='grc'><em>,</em></span> <span class='ocrx_word' id='word_1_309' title='bbox 424 4905 448 4984; x_wconf 89' lang='lat'><strong>¹)</strong></span> <span class='ocrx_word' id='word_1_310' title='bbox 465 4908 513 4966; x_wconf 88' lang='lat' dir='ltr'><strong>De</strong></span> <span class='ocrx_word' id='word_1_311' title='bbox 527 4909 640 4968; x_wconf 83' lang='lat' dir='ltr'><strong>moder.</strong></span> <span class='ocrx_word' id='word_1_312' title='bbox 656 4907 754 4984; x_wconf 74' lang='lat' dir='ltr'><strong>ingen.</strong></span> <span class='ocrx_word' id='word_1_313' title='bbox 772 4909 791 4969; x_wconf 83' lang='lat' dir='ltr'><strong>l.</strong></span> <span class='ocrx_word' id='word_1_314' title='bbox 807 4910 836 4969; x_wconf 85' lang='lat'><strong>3.</strong></span> <span class='ocrx_word' id='word_1_315' title='bbox 853 4927 878 4970; x_wconf 92' lang='lat' dir='ltr'><strong>c.</strong></span> <span class='ocrx_word' id='word_1_316' title='bbox 896 4912 924 4970; x_wconf 94' lang='lat' dir='ltr'><strong>l.</strong></span> <span class='ocrx_word' id='word_1_317' title='bbox 955 4905 1036 4987; x_wconf 81' lang='lat' dir='ltr'><strong>Aug.</strong></span> <span class='ocrx_word' id='word_1_318' title='bbox 1057 4907 1176 4970; x_wconf 84' lang='lat' dir='ltr'><strong>Vindel.</strong></span> <span class='ocrx_word' id='word_1_319' title='bbox 1202 4903 1298 4972; x_wconf 75' lang='lat'><strong>1779.</strong></span> <span class='ocrx_word' id='word_1_320' title='bbox 1314 4926 1345 4986; x_wconf 80' lang='lat' dir='ltr'><strong>P.</strong></span> <span class='ocrx_word' id='word_1_321' title='bbox 1362 4902 1439 4969; x_wconf 86' lang='grc'><strong>404.</strong></span> <span class='ocrx_word' id='word_1_322' title='bbox 1457 4939 1498 4949; x_wconf 87' lang='lat'>-</span> 
     </span>
     <span class='ocr_line' id='line_1_40' title="bbox 309 4972 1156 5079; baseline 0.007 -23"><span class='ocrx_word' id='word_1_323' title='bbox 309 4972 322 5047; x_wconf 76' lang='lat' dir='ltr'><strong>l</strong></span> <span class='ocrx_word' id='word_1_324' title='bbox 353 4990 449 5060; x_wconf 77' lang='lat' dir='ltr'><strong>Hem.</strong></span> <span class='ocrx_word' id='word_1_325' title='bbox 466 5000 516 5061; x_wconf 88' lang='lat'><strong>13.</strong></span> <span class='ocrx_word' id='word_1_326' title='bbox 533 4998 567 5058; x_wconf 82' lang='lat' dir='ltr'><strong>in</strong></span> <span class='ocrx_word' id='word_1_327' title='bbox 582 5001 699 5076; x_wconf 66' lang='grc' dir='ltr'><strong><em>Ευαηρ.</em></strong></span> <span class='ocrx_word' id='word_1_328' title='bbox 716 5020 747 5061; x_wconf 88' lang='lat' dir='ltr'><strong>n.</strong></span> <span class='ocrx_word' id='word_1_329' title='bbox 764 5001 793 5061; x_wconf 86' lang='grc'><strong>6.</strong></span> <span class='ocrx_word' id='word_1_330' title='bbox 811 4997 893 5079; x_wconf 85' lang='lat' dir='ltr'><strong>Opp.</strong></span> <span class='ocrx_word' id='word_1_331' title='bbox 910 4999 949 5061; x_wconf 85' lang='grc' dir='ltr'><strong>Τ.</strong></span> <span class='ocrx_word' id='word_1_332' title='bbox 969 4997 997 5061; x_wconf 92' lang='lat'><strong>1.</strong></span> <span class='ocrx_word' id='word_1_333' title='bbox 1015 5020 1040 5061; x_wconf 85' lang='lat' dir='ltr'><strong>a.</strong></span> <span class='ocrx_word' id='word_1_334' title='bbox 1060 4995 1156 5062; x_wconf 85' lang='lat'>1483.</span> 
     </span>
    </p>
   </div>
   <div class='ocr_carea' id='block_1_9' title="bbox 0 0 1892 5625">
    <p class='ocr_par' dir='ltr' id='par_1_11' title="bbox 0 0 1892 5625">
     <span class='ocr_line' id='line_1_41' title="bbox 0 0 1892 5625; baseline 0 4"><span class='ocrx_word' id='word_1_335' title='bbox 0 0 1892 5625; x_wconf 95' lang='lat' dir='ltr'><strong> </strong></span> 
     </span>
    </p>
   </div>
  </div>
 </body>
</html>
