3775 5625
346 428 412 495 306

345 594 473 659 venisse
505 606 633 657 naturas
654 568 888 669 inconfusas-et
904 587 1165 664 incommutatas‚
1193 590 1314 653 salvata
1334 589 1564 675 uniuscnjus-

346 726 405 789 que
430 702 642 788 proprietate,
673 722 733 765 nec
764 722 829 764 non
860 700 891 764 in
915 698 1081 764 Ecclesiae
1113 698 1313 783 symbolis
1333 698 1480 764 articulis
1500 699 1564 770 de

347 812 468 878 Christi
483 811 656 885 nativitate,
673 808 893 883 crucifixione,
909 810 1083 893 sepultura,
1099 807 1338 873 resurrectione
1361 829 1401 873 ac
1416 808 1450 872 in
1467 828 1564 873 coe-

346 925 409 986 lum
425 921 615 987 ascensione
632 917 840 1006 significatur.

449 1034 490 1094 D.
507 1029 651 1114 Denique
668 1028 696 1092 si
713 1028 744 1091 in
763 1027 908 1102 Christo,
930 1040 964 1090 nt
980 1028 1162 1115 dogmatice
1180 1039 1325 1102 constat,
1359 1028 1443 1091 duae
1467 1027 1550 1096 darn

347 1152 398 1203 tur
421 1151 554 1203 naturae
586 1136 755 1202 distinctae
775 1149 808 1200 et
835 1136 1043 1201 inconfusae:
1076 1136 1171 1200 etiam
1202 1157 1314 1200 eornm
1335 1135 1564 1205 necessaria-

345 1248 572 1334 proprietates,
589 1268 632 1310 ex
648 1246 866 1331 quibus'ipsae
883 1258 1016 1309 :laturae
1027 1245 1118 1331 quasi
1130 1245 1334 1333 colliguntur,
1352 1245 1564 1319 inconfusa,

346 1379 384 1422 ac
401 1357 569 1422 distinctae
586 1375 715 1420 manere
733 1356 859 1418 debent.
900 1354 1021 1433 Quodsi
1042 1354 1254 1440 proprietates
1278 1355 1373 1419 unius
1397 1366 1564 1434 naturaq

346 1486 425 1552 qnae
447 1478 557 1549 aperte
579 1465 617 1527 ab
642 1464 713 1547 ejus
730 1462 872 1527 essentia
894 1462 1022 1550 sejungi
1039 1484 1102 1526 non
1119 1476 1270 1548 possunt,
1285 1461 1319 1527 in
1338 1464 1477 1528 alteram
1492 1483 1564 1541 en,

345 1588 417 1640 sent
433 1574 631 1638 transfusae:
649 1564 761 1637 natura
776 1573 913 1637 humana
933 1572 967 1636 in
988 1572 1126 1637 divinam
1143 1586 1174 1637 et
1196 1572 1302 1636 divina
1321 1572 1355 1636 in
1371 1574 1564 1656 humanam

347 1696 555 1749 transmutata
571 1704 644 1748 esse
661 1683 804 1758 deberet,
820 1683 905 1768 quod
922 1695 973 1746 est
988 1683 1169 1746 absurdum.

451 1795 582 1873 Qnarudo
614 1814 693 1857 vero
728 1805 891 1867 asserunt,
924 1793 1141 1877 proprietates
1173 1792 1347 1857 divinitatis
1379 1813 1551 1878 nunquam

344 1903 415 1968 lieri
431 1904 593 1969 naturales
611 1914 643 1966 et
658 1902 847 1966 essentiales
864 1901 1079 1986 proprietates
1095 1901 1316 1977 humanitatis,
1334 1903 1395 1966 sed
1410 1901 1456 1965 illi
1472 1914 1540 1975 tan.

345 2025 411 2076 tum
444 2010 641 2075 comunicari
672 2014 718 2073 ad
743 2014 875 2091 plenam
897 2017 1142 2091 possessionem
1163 2015 1339 2074 etdtoincc
1353 2016 1536 2090 maty'eatatta

344 2128 594 2202 usurpationem
605 2117 631 2206 ¹)
648 2140 706 2203 per
722 2118 876 2206 gratiam:
893 2140 970 2183 vere
987 2118 1144 2194 nesciunt,
1161 2117 1234 2204 quid
1250 2120 1432 2209 loquantur.
1458 2120 1526 2188 Nam

246 2246 249 2250 ’
346 2230 530 2295 attributum
544 2227 701 2292 inlinitum
717 2228 811 2292 etiam
828 2250 886 2313 per
902 2228 1040 2315 gratiam
1057 2228 1133 2292 nulli
1148 2228 1197 2293 rei
1213 2242 1343 2293 creatae
1364 2231 1520 2293 commoni·

347 2339 413 2405 cari
429 2351 546 2424 potest,
563 2338 678 2423 partim
694 2339 767 2402 ideo
784 2387 793 2413 ,
810 2338 882 2423 quia
897 2337 1082 2402 attributum
1098 2337 1265 2413 inlinitum,
1281 2338 1368 2423 quod
1379 2340 1516 2402 abessen·

344 2450 387 2515 tia
404 2448 509 2514 divina
526 2448 609 2511 haud
625 2446 741 2521 differt,
758 2446 863 2511 creari
879 2447 997 2533 nequit,
1013 2447 1170 2512 infinitum
1191 2447 1275 2511 enim
1298 2449 1443 2512 absolute
1457 2467 1511 2531 pro·

344 2580 404 2644 que
426 2557 646 2622 necessarium
667 2556 710 2620 sit
726 2577 862 2621 necesse
879 2569 944 2632 est,
976 2557 1091 2642 partim
1107 2570 1295 2641 propterea,
1318 2556 1510 2643 qnoniambn·

345 2668 493 2741 manitas,
515 2679 624 2751 utpote
656 2665 759 2740 finita,
792 2665 956 2730 infinitatis
973 2688 1108 2751 prorsus
1125 2688 1189 2731 non
1206 2680 1256 2731 est
1273 2688 1393 2752 capax,
1414 2663 1509 2748 etipsa

345 2790 407 2841 tam
425 2798 537 2862 parum
554 2773 623 2841 lieri
638 2787 747 2860 potest
764 2775 1017 2860 omnipraesens,
1035 2776 1191 2841 omniscia
1207 2789 1268 2842 etc.
1286 2798 1381 2862 mam
1398 2788 1507 2841 aeterna.

343 2885 491 2960 Accedit,
523 2886 702 2949 doctrinam
723 2884 923 2970 ubiquitatis,
955 2885 1062 2969 prouti
1085 2907 1156 2949 cnm
1177 2885 1284 2949 multis
1308 2885 1379 2950 aliis
1395 2881 1505 2949 articulis

344 2993 427 3069 fidei,
443 3007 478 3058 ut
495 3016 567 3058 cnm
585 2993 796 3078 conceptione
818 3006 851 3057 et
871 2994 1033 3059 nativitate
1057 2995 1189 3070 Christi,
1207 3008 1283 3070 etc,
1315 2997 1359 3061 ita
1380 2994 1505 3078 cumipse

343 3103 423 3167 reali
439 3102 639 3167 Sacramenti
656 3102 878 3166 Eucharistiae
896 3104 1091 3186 praesentia,
1125 3126 1183 3187 pro
1216 3126 1277 3189 qua
1308 3118 1414 3169 tamen
1436 3098 1504 3168 stabi·

343 3212 448 3276 lienda
464 3224 515 3276 est
531 3211 731 3298 excogitata,
748 3232 909 3299 pugnare3
942 3234 1015 3276 nam
1032 3213 1060 3276 si
1078 3213 1197 3278 Christi
1214 3235 1291 3278 caro
1309 3228 1398 3279 esset
1412 3212 1504 3295 ubique,

345 3334 433 3386 certe
465 3343 530 3384 non
562 3341 733 3408 egeremus
749 3321 967 3395 Eucharistia,
999 3343 1071 3385 cnm
1089 3323 1174 3386 domi
1189 3323 1381 3388 haberemus
1398 3324 1503 3407 inpane

345 3431 431 3506 vino,
443 3414 479 3495 'et
496 3430 565 3494 aliis
582 3431 729 3494 omnibus
748 3431 828 3495 cibis
846 3452 966 3515 corpus
984 3429 1112 3496 Christi.

610 3743 635 3822 t.
653 3737 720 3808 (tlt.
738 3738 871 3825 Finis
887 3741 1248 3814 incarnationis.
1359 3821 1362 3839 Ι

455 3912 574 3977 Factus
591 3926 642 3977 est
658 3927 763 3979 autem
779 3917 838 3980 Dei
855 3917 954 3980 Filius
972 3919 1079 3991 homo,
1097 3931 1189 4003 atque
1206 3919 1278 3984 talis
1296 3919 1439 3996 exsistit,
1455 3932 1504 4003 qut

347 4022 409 4084 lem
426 4042 497 4085 eum
514 4023 576 4086 huc
592 4044 692 4108 usqne
710 4026 915 4110 eorttemplati
931 4049 1058 4100 sumuS,
1081 4040 1114 4091 ut
1137 4050 1198 4091 nos
1215 4050 1232 4092 e
1250 4051 1375 4095 summa
1389 4030 1439 4094 illa
1451 4024 1505 4091 eall·

349 4125 473 4206 mitate,
504 4131 535 4194 in
560 4153 652 4217 qnam
677 4133 901 4211 incideramus
933 4159 991 4220 per
1012 4150 1179 4220 peccatum
1197 4159 1215 4201 a
1230 4139 1300 4203 Deo
1320 4139 1430 4215 avulsi,
1443 4148 1506 4219 aaut

349 4260 410 4302 una
426 4239 619 4323 impotentes
635 4243 760 4317 redditi,
777 4245 829 4329 qui
846 4247 885 4309 ad
902 4267 974 4309 enm
990 4267 1047 4330 per
1064 4248 1282 4332 nosmetipsos
1293 4260 1507 4314 reverteremur,

348 4348 514 4422 liberaret,
547 4350 617 4413 Deo
650 4352 890 4428 reconciliaret,
907 4367 939 4417 et
956 4356 994 4417 ad
1012 4354 1115 4438 ipsum
1132 4356 1247 4419 iterum
1266 4359 1430 4433 eveheret,
1443 4365 1508 4438 anne

344 4459 399 4542 jus
417 4457 510 4545 regni
527 4459 693 4535 coelestis,
726 4464 808 4547 qnod
832 4463 1057 4540 amiseramus,
1074 4479 1106 4529 et
1122 4466 1350 4532 haereditatem
1367 4469 1460 4532 denuo
1472 4480 1506 4527 tc·

350 4566 500 4652 qnireret,
518 4587 575 4629 seu
592 4580 626 4631 nt
642 4582 754 4633 noster
771 4574 982 4648 Servator,
1005 4576 1054 4638 vel
1071 4589 1105 4639 ut
1129 4575 1232 4662 magis
1250 4577 1369 4642 usitato
1385 4569 1506 4642 vocaltl)

356 4741 619 4752 unu—m·—

458 4846 482 4926 ¹)
500 4844 545 4911 Of,
562 4846 665 4907 Form.
684 4845 831 4911 concord.
849 4849 868 4908 l.
886 4870 910 4912 c.
926 4872 957 4912 o.
974 4846 1071 4933 2611».
1093 4848 1163 4916 192.
