3775 5625
375 391 453 447 tatis
468 391 624 446 naturam
639 387 784 443 mutata:
814 383 876 442 sed
894 382 1036 443 Verbum
1047 389 1185 462 propter
1208 395 1341 444 earnem
1356 402 1457 444 mm
1471 387 1552 444 hene

374 500 429 569 stt,
444 502 478 556 et
492 515 572 556 earo
586 499 724 574 propter
744 491 887 552 Verbum
916 493 1104 565 verissim
1136 497 1171 553 et
1187 493 1384 573 quidquid
1402 499 1456 554 eet
1470 512 1554 573 pre·

370 609 503 684 pre'mn
524 603 1045 679 Verbt,slteommuneeuen
1077 621 1216 675 earnm·
1247 607 1279 662 et
1310 603 1558 683 quedqeetdeet

370 718 582 793 preprium
599 716 754 788 eternis,
773 730 969 772 commune
984 730 1068 771 enen
1089 712 1120 771 V
1122 712 1216 771 erlo
1233 716 1292 785 slt;
1309 715 1470 792 petentem
1483 712 1558 772 Ver·

375 824 451 884 bum
475 830 508 884 et
529 843 607 884 earo
640 841 727 882 unus
758 827 810 882 est
842 820 997 881 Onnum
1012 827 1046 881 et
1059 840 1127 881 una
1139 835 1297 901 persone.
1335 822 1471 882 Idelrw
1484 840 1560 901 prs-

370 938 445 1013 pter
474 937 560 993 hane
590 935 866 1004 communionem,
898 952 995 1012 quaen
1018 932 1114 992 sales
1134 938 1335 993 naturarum
1348 936 1561 1012 proprietate,

370 1061 535 1122 personae
555 1045 633 1102 unte
651 1046 822 1119 praestat,
856 1046 890 1100 et
924 1040 1068 1101 Verbum
1097 1040 1564 1118 transmitterentur

372 1155 545 1212 hominis
562 1152 679 1228 lepttur
696 1151 954 1209 descendisse
971 1151 1014 1210 de
1031 1151 1162 1228 eaelo,
1195 1170 1269 1212 earn
1290 1150 1400 1212 solum
1428 1151 1564 1211 Verbum

372 1265 445 1323 elne
461 1282 560 1322 earne
577 1260 797 1321 descenderit:
815 1264 848 1318 et
861 1258 967 1319 Deus
983 1259 1100 1335 lepitur
1117 1261 1316 1340 sepultus,
1333 1266 1368 1321 et
1380 1265 1417 1322 ln
1433 1279 1565 1321 mens·

373 1377 498 1432 mento
517 1372 647 1431 tribus
665 1372 854 1445 jacuisse
871 1369 1027 1446 diebus,
1055 1389 1140 1430 eum
1161 1390 1241 1430 earo
1264 1371 1340 1431 sola
1356 1370 1491 1450 sepulta
1506 1374 1564 1445 est,

373 1469 478 1559 ete.¹).
501 1478 635 1541 Praeter
650 1475 836 1560 reliquom).
854 1474 911 1538 His

480 1592 521 1651 D.
546 1587 752 1671 synodorum
784 1584 1064 1650 oecumenicarum
1086 1606 1211 1671 quoque
1233 1587 1364 1651 decreta
1384 1585 1567 1659 concinmn,

375 1709 407 1762 et
427 1696 459 1760 in
481 1696 529 1761 eis
558 1695 706 1761 conditae
734 1708 808 1759 sulit
832 1694 905 1759 llclei
936 1695 1107 1770 formulae,
1140 1716 1219 1780 quae
1253 1696 1372 1759 lesum
1399 1697 1566 1760 Christum

375 1810 527 1871 nattum
547 1809 619 1870 Dei
642 1814 797 1871 unicum
810 1852 822 1886 ,
856 1805 906 1869 vel
922 1813 1171 1885 unipenttum
1191 1817 1357 1880 asserunt,
1374 1828 1426 1870 ea:
1441 1808 1636 1870 Patre.—

373 1925 507 1980 netum
539 1924 614 1977 ante
646 1921 755 1977 sennia
775 1917 929 1993 saecula,
962 1916 1068 1977 Deum
1085 1918 1124 1977 de
1140 1917 1231 1997 Deo,
1249 1916 1359 1978 lumen
1375 1918 1416 1976 de
1433 1916 1632 1993 hanne—

376 2028 482 2088 Denm
494 2046 605 2088 rerum
622 2028 660 2087 de
676 2027 746 2087 Dee
763 2046 855 2095 verm
885 2043 977 2108 quem
994 2024 1129 2087 eundem
1142 2032 1279 2105 propter
1294 2045 1370 2103 nes,
1389 2032 1424 2087 et
1433 2031 1642 2106 propte>-

374 2142 525 2197 nsstrene
555 2136 696 2195 salutem
727 2141 983 2196 incarnatum
1016 2136 1055 2195 de
1085 2132 1216 2215 Spiritu
1242 2132 1291 2209 S..
1314 2141 1353 2196 et
1373 2142 1647 2202 natumeae-

372 2245 509 2307 Marta
547 2246 727 2324 Virptne,
757 2265 937 2324 passum,
972 2252 1165 2307 retortuum
1197 2266 1242 2305 ae
1271 2244 1482 2324 sepultum
1499 2264 1651 2311 esee

373 2351 566 2439 praedicant.

748 2531 782 2620 ξ.
800 2532 869 2603 63.
886 2530 1199 2603 continuatio.

477 2680 512 2743 ln
529 2680 692 2743 abstracto
711 2691 833 2755 tamen,
858 2693 892 2744 ut
908 2682 1010 2765 ajunt,
1033 2681 1168 2745 concedi
1184 2701 1249 2744 non
1265 2690 1374 2763 potest
1391 2700 1553 2743 commum
1565 2676 1602 2739 i
1613 2711 1642 2723 -

373 2786 457 2854 catio
474 2788 659 2853 idiomatum
676 2789 709 2853 in
726 2788 865 2854 Christo.
892 2790 1021 2855 Etenim

476 2902 515 2963 Α.
533 2901 566 2963 S.
584 2897 792 2982 Scriptura
817 2899 932 2984 ubique
959 2899 1121 2965 Christum
1143 2912 1177 2963 ut
1200 2898 1363 2963 hominem
1394 2918 1508 2962 verum
1529 2909 1645 2959 ac

372 3008 568 3092 perlectum,
591 3018 623 3071 et
645 3007 718 3071 ideo
741 3009 845 3092 quoad
863 3010 932 3093 ejus
950 3021 1097 3074 naturam
1113 3011 1281 3073 humanam
1298 3005 1498 3073 necessariis
1513 3006 1644 3069 hu-

367 3118 423 3202 jus
439 3116 590 3180 limitibus
608 3115 885 3201 circumscriptum
895 3118 1034 3192 exhibet,
1051 3116 1301 3202 nominatimque
1318 3116 1348 3180 ei
1364 3136 1427 3202 qua
1437 3103 1644 3179 homini,

372 3225 392 3292 i.
409 3247 436 3290 e.
453 3226 607 3290 humanae
625 3237 756 3289 naturae
773 3225 804 3288 in
823 3247 858 3289 se
876 3226 1116 3300 coiisideratae,
1133 3224 1437 3310 omnipraesentiam
1459 3235 1493 3288 et
1511 3221 1608 3285 im
1620 3243 1644 3257 ·

372 3333 574 3401 meirsitatem
589 3355 785 3420 nequaquam
802 3332 955 3410 attribuit,
972 3336 1030 3399 sed
1045 3334 1152 3420 potius
1170 3334 1299 3399 disertis
1322 3333 1433 3398 verbis
1449 3324 1580 3397 adimi
1595 3331 1645 3382 t·

372 3443 520 3509 Refertur
552 3441 637 3506 enim
660 3443 692 3507 iu
717 3446 776 3506 SS.
802 3443 954 3519 Litteris,
976 3445 1139 3509 Christum
1163 3466 1205 3509 ex
1225 3466 1289 3509 uno
1306 3445 1379 3508 loeo
1397 3445 1646 3530 egressus¹¹

373 3571 458 3626 esse,
475 3563 507 3615 et
523 3550 556 3614 iu
573 3550 667 3615 alium
684 3552 855 3638 migrasse,
872 3554 968 3617 modo
985 3553 1017 3616 in
1034 3566 1139 3628 terra,
1155 3554 1251 3617 modo
1268 3552 1301 3616 in
1317 3551 1406 3626 navi,
1422 3552 1520 3616 modo
1562 3541 1597 3605 ἰ
1608 3553 1646 3597 ¹¹

372 3661 503 3735 Judaea,
520 3661 616 3724 modo
633 3660 664 3723 in
683 3661 820 3726 Galilaea
833 3675 1075 3737 commoratum,
1092 3664 1188 3727 modo
1206 3663 1294 3727 eruci
1311 3660 1455 3737 affixum,
1471 3651 1598 3726 mod
1611 3661 1646 3703 ⁴³

373 3770 405 3835 in
422 3771 592 3855 sepulchro
609 3771 786 3856 repositum
804 3771 948 3854 luisse³).
974 3777 1075 3859 Atque
1094 3772 1279 3838 Christus
1296 3771 1487 3836 Dominus
1509 3760 1575 3835 ai
1594 3765 1645 3818 ¹3·

372 3924 589 3939 annau—n*-

484 4011 507 4093 ¹)
526 4011 611 4073 Cont.
628 4012 757 4088 lmetpeh.
776 4012 795 4073 l.
812 4015 841 4073 2.
858 4032 888 4073 n.
907 4015 933 4072 7.
951 4013 988 4071 In
1009 4012 1093 4072 etet.
1116 4015 1183 4074 ΡΡ.
1205 4034 1288 4074 mute.
1320 4010 1464 4090 Lugdun.
1480 4012 1521 4072 Τ.
1574 3985 1641 4053 fi

369 4118 405 4183 p.
424 4095 498 4164 727.
525 4139 569 4147 -
596 4098 621 4187 ²)
639 4100 684 4163 Cl.
702 4101 867 4163 Clemens
893 4104 980 4167 Rom.
997 4107 1026 4165 l.
1046 4104 1115 4164 Cor.
1133 4124 1163 4168 n.
1180 4107 1208 4166 2.
1235 4102 1397 4165 Coteler.
1423 4104 1493 4163 ΡΡ.
1518 4098 1638 4165 all·

373 4193 502 4254 Amelel.
524 4189 619 4254 1724.
636 4194 674 4254 V.
693 4190 722 4254 1.
739 4214 768 4272 p.
788 4189 852 4254 147
870 4214 892 4253 s.
915 4194 1046 4274 Epiph.
1069 4197 1166 4258 Haer.
1185 4197 1232 4255 77.
1250 4215 1280 4254 n.
1298 4197 1348 4255 26.
1381 4190 1462 4274 Opp.
1479 4193 1528 4255 T.
1588 4169 1634 4235 1

373 4306 403 4366 p.
428 4281 525 4346 1019.
558 4285 668 4345 Aneor.
689 4305 719 4345 n.
743 4286 793 4349 95.
825 4285 863 4345 Τ.
884 4282 912 4344 l.
930 4305 961 4364 p.
979 4282 1033 4346 91.
1072 4285 1307 4347 Theodoret.
1339 4286 1381 4344 In
1396 4285 1529 4355 Pasa,
1574 4262 1628 4325 5·

370 4373 455 4457 ‘Opp.
471 4375 511 4440 Τ.
529 4372 558 4435 1.
576 4396 606 4456 p.
626 4372 701 4437 744.
727 4375 898 4453 Fulgent.
916 4377 969 4434 Aa
988 4375 1119 4440 Trasim.
1141 4378 1160 4435 l.
1177 4379 1207 4437 3.
1224 4396 1249 4436 e.
1267 4379 1317 4440 14.
1344 4372 1425 4455 Opp.
1441 4396 1472 4456 p.
1490 4363 1561 4434 12
1579 4350 1620 4415 Ῑ·

376 4466 460 4529 ene.
477 4465 607 4526 rabian.
624 4468 661 4527 L.
679 4469 707 4529 9.
718 4465 837 4544 fraprn.
854 4468 904 4529 33.
921 4486 953 4545 p.
970 4462 1045 4528 635.
1063 4467 1150 4532 etal.
1179 4465 1302 4529 Gelas.
1333 4447 1612 4526 Dasmend-

374 4556 411 4618 In
438 4556 521 4619 aasz.
543 4560 610 4620 ΡΡ.
638 4577 718 4620 aaa.
741 4556 884 4635 augaun.
915 4558 954 4619 r.
979 4554 1010 4619 a.
1034 4579 1063 4637 p.
1082 4555 1157 4619 703.
1189 4592 1233 4603 -
1266 4561 1294 4636 3)
1312 4557 1358 4622 cf.
1375 4557 1466 4619 nan.
1482 4552 1526 4626 4,
1554 4534 1603 4600 3·

376 4645 449 4727 6,1.
467 4645 520 4713 24.
540 4647 569 4723 l,
587 4647 617 4713 8.
634 4651 726 4710 Mare.
746 4645 798 4721 15,
815 4644 859 4710 24
876 4642 928 4710 55.
949 4645 1004 4725 15,
1020 4645 1074 4712 46.
1091 4649 1161 4715 Ele.

1631 4792 1668 5084 l
