3775 5625
1394 434 1459 503 411

269 600 383 686 reliqui
396 607 434 681 ¹).
457 603 571 665 Patres
596 601 699 665 secuti
720 614 795 665 sunt
817 601 1019 686 Theologi
1051 598 1304 673 scholastici,
1326 612 1360 663 ut
1392 599 1465 664 alibi

269 710 520 775 monstravimus
535 716 579 789 ²),
612 723 704 795 atque
721 711 864 796 Angelus
881 711 1012 773 scbolae
1029 731 1093 772 non
1110 708 1230 772 dubitat
1246 730 1391 773 errorem
1410 711 1462 775 ad·

268 821 389 905 pellere
405 820 594 883 sententiam
611 842 738 894 eorum,
754 819 806 905 qui
823 821 973 891 doceant,
991 840 1054 883 non
1072 840 1170 903 posse
1186 819 1320 884 naturali
1335 818 1465 884 ratione

269 928 504 1003 demonstrari,
521 930 622 992 Deum
639 950 713 993 esse
725 934 763 1008 ³).

383 1058 420 1119 0.
445 1054 579 1120 Accedit
609 1055 785 1119 auctoritas
818 1055 933 1119 Sedis
966 1055 1240 1140 apostolicae,
1263 1058 1464 1141 aquallau-

268 1164 355 1229 tain
369 1167 483 1249 jussus
505 1176 556 1228 est
576 1164 782 1228 subscribere
804 1165 900 1239 thesi,
923 1166 963 1229 ab
979 1164 1144 1249 Episcopo
1162 1185 1221 1227 suo
1239 1164 1300 1228 sibi
1316 1166 1464 1250 proposi-

267 1287 337 1348 tae,
354 1273 511 1337 rationem
528 1273 751 1337 exsistentiam
768 1274 827 1337 Dei
851 1287 883 1337 ct
898 1273 1037 1339 inlinitas
1055 1277 1124 1359 ejus
1141 1273 1357 1358 perfectiones
1375 1288 1467 1339 certo

268 1384 411 1468 probare
427 1404 541 1467 posse,
558 1395 650 1467 atque
666 1381 772 1457 sulem,
788 1383 905 1445 doraum
924 1383 1074 1458 coeleste,
1090 1382 1232 1468 priorem
1249 1382 1466 1447 ratiocinatio·

271 1514 349 1556 nem
370 1491 504 1577 exigere
515 1497 560 1571 4),
592 1503 624 1554 et
648 1512 749 1575 nuper
768 1491 884 1555 iterum
907 1493 1008 1556 thesis
1025 1513 1083 1577 per
1100 1492 1207 1556 Pium
1224 1493 1276 1555 lx.
1309 1513 1467 1556 summum

267 1599 459 1667 Pontificem
476 1612 527 1665 est
542 1602 728 1685 approbata,
745 1599 910 1676 definiens,
927 1608 1210 1665 ratiocinationem
1225 1603 1289 1663 Dei
1304 1608 1469 1664 exsisten-

269 1718 366 1785 tiam,
383 1716 510 1773 animae
526 1716 804 1793 spiritualitatem,
832 1716 975 1775 bominis
994 1718 1173 1776 libertatem
1189 1732 1260 1773 cum
1276 1716 1470 1774 certitudine

264 1828 412 1901 probare
439 1825 591 1900 poem),
622 1839 683 1883 nec
707 1841 770 1882 non
792 1820 993 1884 Hermesii
1026 1840 1126 1904 opera
1152 1830 1227 1883 sunt
1249 1821 1469 1894 condemnata,

269 1930 358 2015 qnod
390 1928 573 1993 contineant
603 1941 732 2012 praeter
756 1929 816 1993 alia
832 1953 853 1992 a
868 1937 1034 1993 aermnae
1054 1930 1243 1992 Catholicae
1258 1934 1366 1992 aliena
1383 1934 1470 1990 circa

271 2051 484 2119 argumenta,
503 2044 595 2116 queis
609 2045 803 2101 assistentia
819 2041 882 2100 Dei
899 2045 1046 2120 adstrui,
1065 2042 1314 2118 confirmarique
1330 2059 1470 2101 consue-

271 2153 331 2227 ait,
352 2159 480 2231 atquae
497 2146 567 2231 ipse
584 2147 736 2231 rejecerit
746 2153 784 2226 ⁶).

380 2257 421 2317 Ι).
448 2256 590 2319 Tandem
607 2256 635 2319 si
652 2257 748 2319 homo
766 2256 900 2319 naturali
924 2256 1040 2320 lumine
1063 2258 1166 2320 Deum
1184 2277 1387 2344 cognoscere
1405 2279 1468 2321 non

270 2366 371 2429 valet:
397 2364 492 2428 etiam
514 2366 552 2428 de
574 2364 802 2449 possibilitate,
825 2364 1019 2430 necessitate
1050 2387 1088 2431 ac
1107 2366 1243 2430 veritate
1263 2365 1470 2430 revelationis

270 2477 364 2539 datae
397 2473 458 2538 sibi
489 2475 700 2559 persuadere,
723 2496 824 2560 neque
847 2476 887 2539 ad
909 2476 1027 2550 Deum,
1051 2488 1087 2539 ut
1103 2475 1164 2539 sibi
1180 2475 1298 2541 auxilio
1316 2495 1469 2560 superna-

270 2583 367 2649 turali
389 2595 574 2657 succurrat,
603 2583 723 2667 poterit
746 2584 938 2671 confugere3
964 2598 1057 2670 atque
1080 2584 1284 2659 necessario,
1306 2583 1410 2668 ipsum
1433 2584 1472 2646 ad

269 2693 369 2758 finem
385 2714 492 2767 suum,
510 2694 551 2755 ob
569 2712 664 2777 quem
680 2704 785 2756 tamen
804 2692 952 2757 conditus
969 2706 1020 2757 est
1036 2705 1068 2757 et
1084 2692 1229 2767 exsistit,
1253 2715 1389 2778 prorsus
1406 2714 1471 2756 non

272 2824 350 2868 esse
367 2815 491 2887 aptum,
508 2803 711 2867 statuendum
728 2816 787 2867 est.

382 2914 495 2976 Potest
524 2912 630 2997 itaque
662 2934 753 2977 mens
775 2915 913 2978 bumana
937 2913 1072 2979 naturali
1088 2933 1147 2977 sua
1162 2912 1279 2976 virtute
1295 2913 1398 2977 Deum
1417 2934 1469 2976 co·

270 3042 446 3112 gnoscere.
472 3022 563 3099 Quod
585 3034 689 3085 autem
707 3024 746 3086 de
762 3023 822 3087 Dei
843 3023 1034 3101 exsistentia
1057 3021 1366 3096 demonstravimus,
1387 3021 1471 3087 idem

272 3152 416 3219 quoque,
437 3143 533 3214 prout
547 3152 663 3195 revera
679 3152 698 3195 a
715 3133 799 3195 Sede
815 3130 1004 3216 Apostolica
1020 3131 1216 3195 declaratum
1233 3151 1307 3194 esse
1322 3129 1470 3205 vidimus,

272 3244 313 3306 de
329 3238 491 3304 attributis
507 3239 640 3313 divinis,
663 3240 702 3303 de
719 3238 841 3303 animae
866 3234 998 3303 nostrae
1015 3238 1239 3323 spiritualitate
1255 3260 1294 3303 ac
1308 3238 1470 3303 immorta-

271 3350 376 3423 litate,
399 3370 538 3413 necnon
555 3349 594 3412 de
610 3348 795 3413 immutabili
812 3370 851 3413 ac
868 3362 999 3413 aeterna
1019 3348 1148 3413 honesti
1165 3361 1197 3412 et
1212 3347 1373 3412 inhonesti
1388 3350 1472 3436 lege,

271 3461 397 3533 valere,
413 3469 507 3544 atque
524 3455 618 3521 etiam
635 3458 754 3520 haecce
773 3458 878 3521 omnia
899 3456 1005 3522 nativo
1028 3455 1164 3520 rationis
1181 3456 1298 3521 lumine
1315 3454 1472 3544 cognosci

272 3589 390 3657 posse,
422 3568 623 3631 statuendum
645 3579 712 3639 est;
738 3588 833 3651 quum
865 3566 1017 3631 attributa
1049 3564 1155 3630 divina
1176 3587 1218 3629 ex
1240 3565 1371 3631 notione
1402 3564 1473 3641 Dei,

271 3793 434 3866 tatas-rapa
456 3788 573 3860 omnia,
599 3795 626 3846 ei
649 3788 726 3859 aide,
744 3789 777 3849 si
801 3809 872 3848 uon
894 3807 1008 3847 sensu
1031 3808 1095 3846 suo
1118 3795 1304 3863 tamquam
1329 3788 1400 3848 titi
1422 3808 1472 3847 re-

270 3883 475 3962 spondent,
491 3883 590 3939 Deus
606 3898 672 3938 nos
682 3879 788 3957 fecit.
814 3881 856 3939 Et
872 3883 912 3938 In
926 3881 1020 3942 Jeau.
1039 3887 1077 3940 ir.
1096 3882 1165 3939 106.
1182 3900 1212 3942 n.
1229 3883 1259 3943 4.
1281 3880 1319 3940 Τ.
1337 3876 1367 3940 3.
1385 3881 1421 3938 Ρ.
1439 3878 1472 3940 2.

271 3998 300 4036 c.
320 3968 397 4035 765.
413 3974 498 4030 Haec
514 3977 560 4029 esi
572 3970 620 4029 vis
635 3989 722 4029 aerae
739 3970 924 4041 diuinitatis,
940 3978 975 4030 ut
995 3978 1189 4029 creaturae
1211 3969 1474 4048 rationaiijam

270 4063 396 4126 retiam
409 4061 517 4132 utana,
535 4081 607 4120 neo
623 4061 772 4121 omnino
788 4084 828 4122 ac
843 4061 995 4140 penitus
1010 4061 1137 4140 possit
1151 4060 1344 4120 abscondi.
1362 4059 1406 4121 (ll.
1423 4064 1475 4121 De

271 4156 334 4218 cia.
349 4157 391 4215 D.
410 4156 429 4215 l.
446 4157 475 4215 8.
494 4171 519 4211 c.
538 4155 567 4214 6.
584 4153 622 4213 Τ.
641 4149 671 4216 7.
689 4174 714 4214 c.
731 4150 803 4215 196.
816 4156 867 4213 De
876 4153 954 4231 spir.
965 4153 1058 4212 atta.
1068 4173 1091 4214 c.
1103 4156 1153 4214 12.
1163 4173 1193 4213 n.
1206 4155 1255 4213 19.
1268 4152 1307 4211 T.
1320 4147 1372 4216 10.
1385 4173 1409 4213 c.
1418 4149 1472 4214 95.

386 4245 413 4326 ¹)
430 4243 476 4306 cf.
493 4243 606 4305 Basil.
623 4247 664 4302 In
679 4247 723 4304 Is.
741 4265 772 4302 n.
790 4247 839 4308 15.
856 4243 936 4324 Opp.
954 4245 992 4307 Τ.
1012 4241 1042 4304 1.
1059 4264 1088 4322 p.
1104 4239 1181 4304 206.
1206 4244 1378 4302 Lactant.
1395 4242 1469 4302 Die.

271 4336 376 4399 inem.
399 4338 418 4395 i.
436 4340 466 4400 1.
487 4355 512 4396 c.
533 4339 562 4398 2.
579 4332 659 4414 Opp.
677 4331 716 4396 T.
736 4333 765 4396 l.
786 4356 817 4414 Ρ.
836 4331 853 4395 7
872 4356 912 4394 ss.
944 4335 1080 4395 Minue.
1096 4334 1178 4394 Fel.
1206 4335 1473 4394 Octav.n.17.In

274 4425 454 4492 Galland.
475 4430 514 4486 B.
532 4428 599 4484 ΡΡ.
623 4427 661 4486 Τ.
679 4424 710 4487 2.
726 4449 757 4506 p.
774 4422 850 4488 390.
883 4425 1043 4504 Gregor.
1059 4426 1101 4485 M.
1123 4426 1202 4489 Mor.
1218 4425 1237 4484 l.
1256 4445 1282 4488 c.
1301 4423 1391 4485 Gens.
1409 4425 1472 4484 Pe-

274 4533 354 4582 tav.
369 4521 418 4578 De
433 4520 502 4576 Deo
516 4516 636 4592 Deique
649 4537 755 4595 propr.
774 4519 793 4577 l.
812 4521 841 4576 1.
859 4538 884 4576 c.
902 4521 930 4577 1.
949 4521 977 4579 2.
994 4518 1042 4575 De
1059 4519 1156 4590 deam.
1167 4518 1252 4575 theol.
1270 4514 1365 4576 Antv.
1376 4512 1472 4575 1700.

274 4606 490 4689 T.l.p.30ss.
508 4642 551 4653 -
569 4608 596 4688 ²)
615 4610 714 4668 Theoi.
725 4609 870 4686 fundam.
881 4629 911 4688 p.
923 4604 999 4669 639.
1016 4644 1059 4653 -
1079 4606 1102 4685 ³)
1121 4605 1207 4666 Geni.
1221 4613 1300 4683 pent.
1315 4608 1372 4670 tt.
1384 4626 1408 4664 c.
1421 4609 1472 4669 12.

276 4701 364 4782 Opp.
380 4699 422 4760 th.
441 4701 478 4760 T.
499 4695 548 4761 18.
564 4721 593 4778 p.
611 4695 641 4759 9.
660 4736 702 4743 -
720 4701 745 4779 ⁴)
763 4699 808 4760 Of.
830 4700 976 4760 Denzin
985 4719 1061 4776 ger,
1082 4697 1211 4760 Euchir.
1235 4697 1282 4758 ed.
1299 4694 1329 4758 3.
1346 4717 1376 4775 p.
1394 4694 1471 4758 437.

277 4827 324 4840 -
343 4787 370 4876 ⁵)
385 4790 432 4850 Ib.
455 4811 484 4870 p.
500 4786 577 4851 448.
597 4826 638 4836 -
658 4789 682 4870 ⁶)
699 4795 791 4852 Dece.
815 4790 969 4868 Gregor.
988 4789 1075 4851 XVI.
1099 4791 1128 4849 d.
1152 4792 1182 4850 d.
1202 4791 1251 4849 26.
1276 4787 1357 4870 Sept.
1381 4791 1471 4860 1835,
