3775 5625
353 409 418 479 742

351 579 425 644 licet
441 575 578 663 subjecti
596 529 860 656 circumstantiis)
878 575 1089 661 potentiam
1111 577 1155 641 ad
1171 578 1312 642 bonum
1328 575 1536 663 persicien-

351 691 453 763 dum,
486 688 576 773 quin
609 699 735 751 tamen
759 710 841 751 cum
861 686 1008 752 effectu
1029 708 1098 752 seu
1121 707 1320 753 consensu
1343 685 1397 753 sit
1419 690 1536 770 (saltem

351 805 494 884 semper)
518 797 734 881 conjuncta.
759 796 881 882 Dispici
904 799 987 861 solet
1007 797 1039 861 in
1062 798 1242 882 proxime
1263 811 1296 862 et
1311 812 1466 865 remote
1483 800 1535 865 sul·

351 909 519 975 ficientem.
544 906 637 971 Prior
659 918 709 970 est
729 927 783 980 ea,
806 928 885 991 quac
909 907 1083 991 perfectam
1101 928 1139 972 ac
1156 909 1346 993 completam
1369 910 1536 994 potentian

351 1021 389 1084 ad
407 1020 488 1082 bene
511 1018 670 1103 agendum
701 1014 918 1079 immediate
952 1017 1123 1090 confert3
1157 1018 1320 1102 posterior
1344 1040 1443 1094 vero,
1467 1041 1536 1105 quae

351 1126 479 1192 nonnisi
511 1125 703 1189 mediante
726 1125 921 1198 oratio-ne,
938 1127 1109 1210 jejunio,
1132 1139 1164 1189 et
1185 1126 1345 1212 ejusmodi
1362 1128 1536 1195 facultatem

350 1238 434 1301 illam
451 1234 641 1321 suppeditat.
1010 1234 1015 1244 ’

460 1351 671 1409 Novatores
704 1348 849 1407 saeculi
881 1348 964 1408 XVI.
998 1349 1086 1407 aliam
1110 1367 1167 1407 non
1186 1360 1382 1428 agnoverunt
1398 1352 1536 1429 gratian,

351 1479 440 1538 quam
458 1459 615 1518 efficacem
635 1468 665 1517 et
681 1457 902 1528 invincibilem,
925 1457 974 1517 cui
991 1460 1142 1517 reluctari
1158 1459 1247 1517 homo
1264 1478 1322 1518 non
1342 1462 1458 1537 possit;
1483 1461 1536 1519 suf·

351 1570 504 1630 ficientem
523 1576 646 1637 autem,
658 1567 707 1626 cui
724 1566 895 1635 resistitur,
912 1567 1033 1625 omnino
1050 1567 1228 1641 rejecerunt
1245 1587 1281 1627 ac
1297 1569 1506 1645 repudiarunt.
1555 1555 1561 1578 ’

458 1678 534 1736 Pari
565 1678 653 1735 modo
685 1676 892 1735 dansenius
925 1685 1041 1735 tantum
1067 1678 1201 1756 gratiam
1226 1679 1387 1738 efficacem
1414 1680 1537 1743 admisit.

350 1792 427 1847 Nam
445 1806 540 1865 parva
558 1788 623 1861 ejus
641 1786 756 1864 gratia,
774 1804 861 1861 quam
877 1804 933 1861 pro
952 1786 1055 1864 gratia
1072 1785 1240 1846 sufficienti
1257 1788 1432 1858 substituit,
1446 1790 1537 1866 potius

350 1898 544 1957 insufficiens
565 1897 694 1955 dicenda
717 1905 780 1961 est;
804 1914 894 1972 quum
911 1915 949 1954 ea
966 1897 1134 1955 secundum
1156 1897 1253 1973 ipsius
1276 1908 1410 1957 mentem
1428 1900 1536 1976 quidem

353 2010 491 2067 absolute
509 2006 585 2063 etin
604 2024 653 2075 se,
670 2006 823 2081 praecisis
847 2004 979 2079 subjecti
1002 2005 1264 2076 circumstantiis,
1289 2008 1325 2064 ad
1347 2008 1461 2066 bonum
1477 2027 1536 2084 per·

352 2118 514 2178 ficiendum
536 2117 669 2184 valeret,
694 2114 753 2172 nisi
771 2114 802 2171 ei
818 2114 984 2173 resisteret
1005 2114 1145 2191 opposita
1169 2116 1338 2192 cupiditas3
1357 2125 1485 2194 propter
1499 2127 1535 2177 ta·

352 2246 420 2286 men
443 2227 591 2301 majorem
614 2223 882 2299 concupiscentiae
903 2224 1156 2295 delectationem,
1179 2227 1267 2301 plane
1288 2227 1482 2286 insufficiens
1497 2236 1537 2286 est

353 2347 383 2395 et
399 2337 498 2412 impar
515 2335 587 2393 huic
604 2334 818 2403 debellandae,
836 2333 905 2409 quia
922 2333 959 2390 ad
976 2333 1005 2391 id
1024 2335 1101 2393 satis
1118 2334 1230 2393 virium
1247 2354 1306 2393 uon
1323 2335 1428 2395 habet.

461 2441 643 2504 Secundum
665 2438 851 2504 lansenium
874 2438 981 2524 itaque
1004 2439 1109 2526 gratia
1125 2460 1225 2524 parva
1241 2453 1396 2525 operatur
1413 2442 1537 2527 quidem,

353 2550 500 2636 quidquid
518 2531 641 2633 potest,
659 2549 689 2612 in
706 2548 848 2621 homine3
874 2561 1012 2613 attamen
1029 2548 1115 2613 vires
1132 2549 1346 2625 sufficientes,
1364 2564 1476 2637 utpote
1491 2574 1537 2637 op·

353 2660 458 2745 posita
475 2658 735 2743 coucupiscentia
756 2657 904 2733 inferior,
920 2680 984 2722 non
1002 2660 1054 2722 dat
1070 2660 1110 2722 ad
1127 2661 1324 2744 operandum
1342 2662 1478 2736 bonum,
1492 2683 1537 2726 ne·

354 2791 413 2855 que
434 2767 505 2834 fieri
527 2781 648 2854 potest,
669 2782 704 2833 ut
727 2766 875 2833 effectum
908 2781 1138 2854 consequatur,
1156 2768 1217 2833 nisi
1234 2767 1337 2835 novae
1354 2771 1479 2859 gratiae
1495 2793 1538 2837 ac-

354 2879 502 2944 cessione
525 2880 743 2952 convalescat‚
766 2892 798 2942 et
817 2878 903 2942 vires
927 2879 1070 2964 acquirat
1085 2878 1288 2943 delectationi
1305 2881 1479 2966 oppositae
1493 2904 1539 2946 su·

354 2990 510 3074 periores.
537 2990 717 3053 Secundum
739 2987 918 3052 Ecclesiam
941 2987 1137 3052 Catholicam
1159 3010 1238 3051 vero
1256 3010 1313 3073 per
1329 2990 1469 3076 gratiam
1485 2991 1539 3055 sul·

355 3098 513 3163 sicientem
535 3099 630 3160 bomo
652 3095 793 3182 potentia
815 3119 878 3159 non
896 3109 1016 3160 tantum
1033 3098 1193 3171 absolute,
1211 3099 1269 3162 sed
1285 3100 1387 3163 relate
1405 3101 1444 3165 ad
1460 3121 1538 3186 prae·

356 3220 465 3272 sentes
487 3205 744 3270 circumstantias
765 3218 872 3290 potest
896 3227 1010 3269 revera
1027 3227 1180 3290 superare
1197 3206 1381 3290 oppositam
1399 3209 1538 3294 concupi·

356 3316 526 3387 scentiam,
557 3315 686 3379 vincere
719 3315 926 3388 tentationes,
949 3336 987 3379 ac
1009 3317 1183 3380 observare
1200 3316 1260 3380 Dei
1277 3319 1443 3394 mandata,
1459 3319 1500 3384 ita
1513 3330 1540 3381 ut

357 3422 504 3497 effectus
525 3447 617 3508 quem
638 3423 743 3511 gratia
758 3426 838 3488 haec
855 3446 918 3487 nou
935 3425 1046 3497 habet,
1078 3445 1275 3510 nequaquam
1307 3438 1444 3512 propter
1461 3430 1539 3513 justo

357 3532 512 3596 minorem
535 3535 602 3616 ejus
625 3536 774 3619 gradum,
796 3534 853 3596 sed
876 3544 996 3596 tantum
1013 3534 1163 3618 exculpe
1180 3532 1305 3597 etvitio
1323 3535 1478 3601 humanae
1493 3557 1539 3600 vo·

357 3640 501 3712 luntatis,
517 3639 718 3724 inspirationi
735 3642 858 3706 divinae
875 3641 1073 3716 resistentis,
1090 3664 1153 3705 non
1171 3656 1333 3728 sequatur.

467 3749 566 3812 Datur
581 3749 686 3836 itaque
703 3752 822 3838 gratia,
839 3773 918 3837 quae
935 3752 1115 3836 expeditam
1133 3765 1165 3817 et
1181 3753 1458 3838 proportionatam
1476 3778 1540 3821 con·

360 3857 421 3920 lert
438 3858 476 3919 ad
493 3881 573 3941 opus
590 3861 706 3924 bonum
723 3861 909 3945 potentiam,
923 3881 981 3924 seu
999 3881 1077 3945 quae
1093 3862 1226 3945 praebet
1244 3883 1339 3946 pares
1356 3877 1390 3928 et
1407 3867 1543 3951 aequales

330 3986 332 3991 ·
360 3967 446 4028 vires
465 3969 504 4029 ad
520 3966 636 4051 ipsam,
660 3992 730 4033 cum
753 3991 813 4054 qua
830 3968 1008 4043 concurrit,
1040 3972 1197 4035 actualem
1228 3972 1369 4037 hominis
1405 3974 1542 4059 concupi·

362 4076 516 4138 scentiam
548 4079 779 4151 debellandam,
801 4090 832 4141 et
852 4092 1026 4162 praecepta
1046 4079 1152 4143 diviua
1174 4081 1396 4156 observanda,
1414 4106 1492 4169 quae
1506 4097 1542 4148 te·

362 4205 433 4245 rnen
467 4186 606 4267 privatur
639 4186 785 4261 effectu,
803 4209 895 4271 quem
917 4209 960 4251 ex
974 4190 1136 4253 voluntate
1154 4191 1260 4255 divina
1275 4194 1398 4258 habore
1416 4196 1544 4265 deberet,

362 4311 420 4352 seu
437 4293 486 4354 cui
503 4295 598 4358 homo
615 4296 745 4360 resistit.
770 4299 840 4361 Hoc
857 4299 973 4361 docent

471 4405 508 4465 A.
533 4407 591 4467 SS.
622 4404 804 4468 Litterae.
830 4405 885 4470 Sic
916 4407 1033 4495 legitur
1061 4413 1143 4494 apud
1167 4411 1323 4476 lsaiam.
1353 4416 1459 4491 Quia
1480 4424 1543 4489 est,

364 4520 465 4586 quod
488 4519 602 4574 debui
627 4521 735 4575 ultra
755 4518 892 4588 facere
918 4523 1057 4580 vineoe
1080 4541 1203 4602 meae,
1231 4535 1270 4585 et
1291 4545 1369 4585 non
1393 4528 1474 4599 feci
1494 4520 1545 4584 eil

366 4640 410 4677 on
433 4628 518 4696 quod
542 4629 739 4704 exspectavi,
764 4636 802 4686 ut
817 4628 947 4697 fuceret
966 4649 1059 4710 uvas,
1084 4633 1217 4709 olfecit
1247 4638 1421 4698 labruscas
1430 4637 1466 4712 ¹).
1496 4632 1545 4694 tto

475 4836 497 4912 ¹)
514 4839 554 4896 Is.
572 4836 608 4912 5,
626 4837 656 4903 4.
