3775 5625
1464 426 1541 495 403

342 588 585 674 inspirationis,
602 588 655 674 qui
669 588 742 653 huic
759 590 933 653 obsecutus
950 588 1059 664 luerit,
1082 590 1205 655 fructus
1226 610 1359 675 operum
1375 592 1539 676 poeniten-

344 698 414 761 tiae
429 698 592 782 prolerre:
618 710 734 781 quanto
759 698 862 784 magis
879 698 1059 763 exsemine
1080 700 1203 786 gratiae
1220 700 1451 766 sanctificantis
1467 723 1541 786 pro·

346 808 436 871 ferre
453 806 571 891 poterit
585 807 723 872 fructmn
733 806 879 892 justitiae
894 808 1052 874 bonorum
1070 812 1220 893 operum!

460 916 642 1002 Requiritur
659 931 764 982 autem
779 917 811 980 in
828 917 956 982 homine
968 921 1059 1003 justo
1075 919 1181 1005 gratia
1197 920 1365 1004 adjuvans,
1382 922 1494 986 saltem
1511 934 1544 985 nt

346 1028 436 1091 bona
451 1047 551 1110 opera
566 1025 717 1113 graviora
732 1046 941 1113 peragamus,
959 1048 1018 1091 nec
1036 1050 1099 1091 non
1116 1041 1151 1092 ut
1166 1028 1335 1114 graviores
1352 1029 1544 1094 tentationes

346 1134 526 1200 vincamus.
546 1134 674 1200 Etenim
690 1134 722 1198 id
738 1136 865 1200 deserte
883 1137 1000 1201 docent

460 1263 502 1327 A.
536 1265 600 1326 SS.
632 1262 823 1338 Litterae,
856 1285 935 1348 quae
968 1263 1135 1329 victoriam
1168 1265 1378 1329 tentationum
1407 1278 1438 1329 et
1461 1266 1545 1328 bona

349 1394 453 1458 opera
483 1383 597 1436 nostra
619 1373 689 1436 Deo
715 1373 905 1448 attribuunt,
938 1386 1032 1458 atque
1056 1373 1166 1438 fideles
1183 1375 1223 1437 ad
1238 1374 1471 1458 implorandum
1487 1372 1547 1437 oei

348 1480 503 1546 arixilium
519 1481 551 1544 iu
569 1481 685 1546 olliciis
718 1482 926 1567 adimplendis
949 1496 980 1547 et
997 1482 1177 1547 dimicando
1211 1496 1324 1549 contra
1354 1484 1547 1548 tentationes

347 1590 508 1662 excitatum
535 1592 619 1675 quod
635 1591 851 1655 frustraneum
868 1592 962 1666 l'oret,
980 1591 1008 1655 si
1024 1594 1121 1655 homo
1133 1591 1329 1677 justificatus
1346 1591 1478 1676 speciali
1493 1590 1546 1654 illo

349 1699 471 1763 auxilio
488 1721 569 1783 opus
585 1701 669 1764 haud
685 1701 826 1765 haberet.
852 1702 930 1764 Scio
948 1707 1049 1777 minu,
1072 1701 1115 1766 ait
1130 1703 1365 1786 Apostolus,
1390 1708 1467 1781 qnia
1482 1722 1548 1764 non

350 1814 528 1873 habitatin
544 1832 607 1890 me,
625 1814 687 1873 hoc
703 1822 752 1873 eat
767 1816 802 1872 in
818 1821 1015 1891 carneuna,
1035 1817 1164 1893 bonum,
1183 1832 1242 1875 seu
1259 1812 1343 1896 quod
1359 1832 1411 1875 me
1428 1832 1446 1875 a
1462 1811 1548 1873 bono

350 1939 419 1981 non
434 1917 579 1982 retineat.
602 1921 688 1981 Num
706 1926 787 1982 uelle
802 1924 926 2000 maaet
940 1924 1037 1982 nuidis
1052 1925 1257 2000 perficere
1273 1934 1380 1984 auten
1398 1927 1548 1994 bonnm,

349 2049 420 2090 non
436 2032 579 2109 inuenio,
597 2026 616 2091 i.
633 2049 661 2091 c.
678 2041 805 2111 promta
829 2029 978 2092 voluutas
1012 2049 1069 2092 seu
1094 2029 1229 2095 facultas
1246 2030 1415 2114 appetendi
1431 2031 1548 2092 bonum

350 2148 405 2200 est
431 2135 556 2221 quidem
584 2136 686 2201 inme
704 2137 897 2221 justificato,
919 2141 976 2203 sed
994 2138 1048 2202 vix
1063 2151 1096 2202 et
1111 2138 1239 2204 norrnisi
1271 2138 1456 2213 difficulter,
1488 2137 1550 2201 nisi

351 2267 440 2310 novo
457 2245 575 2309 auxilio
593 2246 667 2309 mihi
684 2247 833 2312 divinitus
852 2270 1028 2323 concesso,
1044 2249 1120 2312 illud
1136 2248 1252 2333 exequi
1268 2270 1403 2333 possum
1416 2253 1453 2328 ¹).
1486 2246 1549 2312 Ali·

354 2354 402 2420 bi:
428 2360 655 2420 Abundantius
671 2356 837 2440 (amplius)
863 2361 932 2421 illis
960 2364 1108 2422 omnibus
1124 2362 1291 2421 laborovi:
1318 2381 1385 2422 non
1400 2379 1468 2436 eqo
1486 2379 1550 2419 nn-

353 2477 430 2547 nna,
450 2472 507 2527 aed
517 2471 659 2543 pratia
674 2469 747 2529 Del
762 2488 908 2529 mecum
921 2472 960 2546 ²).
985 2472 1087 2552 Atque
1104 2466 1236 2530 iterum:
1260 2470 1351 2531 Dens
1367 2480 1474 2530 antem
1486 2488 1551 2545 pn·

354 2580 405 2636 cia
422 2573 549 2654 (salutis
565 2579 711 2653 auctor),
728 2613 770 2622 -
787 2589 900 2656 optet
923 2599 990 2640 voa
1010 2583 1051 2639 in
1075 2584 1175 2640 ontni
1199 2584 1311 2652 tono,
1333 2575 1353 2640 i.
1370 2597 1398 2639 e.
1415 2575 1552 2639 idoneos

354 2703 417 2745 vos
434 2681 530 2745 saciat
546 2704 583 2746 ac
599 2695 746 2767 promtus
763 2685 802 2747 ad
818 2684 950 2769 quaevis
974 2685 1057 2749 lacta
1073 2686 1208 2750 honesta
1224 2685 1426 2773 peragenda,
1442 2697 1480 2747 nt
1492 2688 1552 2759 fn-

354 2797 454 2856 ca'an‘a
468 2797 539 2874 ejus
554 2801 771 2858 uoluntatem:
791 2799 956 2870 faciens
977 2801 1019 2859 in
1039 2802 1172 2870 vobis,
1198 2804 1285 2877 qnod
1297 2802 1428 2876 placeat
1443 2816 1552 2856 corant

354 2924 390 2965 ae
403 2925 465 2981 per
481 2905 595 2966 Jeaum
622 2905 803 2986 Christum,
829 2904 849 2969 i.
866 2925 894 2969 e.
910 2904 956 2969 ita
972 2917 1020 2979 nt,
1044 2926 1251 2990 quaecunque
1274 2904 1338 2989 ipsi
1361 2904 1550 2988 probentur,

354 3009 387 3073 iu
405 3010 498 3075 vobis
516 3013 556 3075 ob
573 3012 687 3076 merita
703 3014 781 3078 Jesu
798 3013 919 3078 Christi
935 3013 1055 3078 efficiat
1065 3020 1103 3094 ³).
1114 3017 1269 3078 -Porro
1288 3012 1470 3078 Christus
1486 3013 1552 3076 Do·

356 3119 462 3185 mhtus
478 3122 654 3205 Apostolos
670 3124 833 3187 hortatur:
863 3127 1017 3201 Vipitnte,
1034 3136 1215 3205 storace,
1233 3136 1366 3187 utnon
1388 3128 1567 3208 intretis

355 3236 396 3292 in
414 3237 720 3310 tentationem).
745 3235 848 3316 Atque
864 3253 926 3296 nos
944 3253 1040 3296 orare
1062 3233 1171 3296 docet:
1196 3234 1245 3294 Et
1265 3253 1314 3293 ne
1337 3252 1411 3294 nos
1436 3236 1552 3293 indn-

355 3361 425 3402 caa
445 3346 485 3401 in
507 3347 817 3421 terttncionent⁵).
849 3342 892 3404 Et
922 3342 1069 3406 Paulus
1094 3342 1134 3405 ad
1158 3339 1391 3405 Corinthios
1423 3337 1551 3405 scribit:

359 3451 507 3513 Tentutio
525 3471 584 3512 voa
599 3472 667 3512 non
682 3455 903 3530 apprehendat
919 3443 1077 3531 (εἴληφεν),
1093 3457 1158 3513 nisi
1174 3455 1317 3513 humanu
1333 3448 1461 3529 (levislt
1476 3452 1552 3524 fida·

356 3552 789 3638 lis(mnnic)uutem1)eua
812 3573 877 3635 eat,
909 3566 1075 3640 quinon
1103 3565 1286 3639 patietur
1310 3581 1378 3623 nos
1402 3563 1554 3623 tentori

354 3689 460 3748 snpra
475 3674 526 3744 iu,
543 3678 630 3749 quod
642 3676 779 3748 potestis
797 3676 910 3754 (supra
925 3669 1013 3734 vires
1029 3674 1187 3749 vestras),
1205 3677 1272 3732 aed
1283 3674 1423 3744 faciet
1436 3675 1554 3732 etium

356 3799 439 3843 enne
471 3785 694 3843 tentatione
723 3793 961 3859 proventum
993 3781 1102 3861 (talem
1126 3780 1278 3867 adjunget
1303 3777 1470 3842 tentationi
1485 3775 1552 3842 exi·

357 3891 457 3966 tum),
473 3894 698 3968 ntpoasitia
723 3893 974 3967 anatinam).
999 3891 1102 3974 Atque
1129 3890 1168 3953 ad
1192 3887 1406 3973 Ephesios:
1430 3889 1481 3948 De
1498 3908 1552 3949 ce·

355 4001 606 4079 tero,fratrea,
638 4003 932 4073 confortamini
963 4005 1003 4063 in
1026 4003 1209 4072 Domino,
1241 4010 1281 4062 et
1310 4004 1350 4059 in
1377 4001 1554 4076 potentin

356 4112 525 4171 virtutis
555 4113 655 4188 ejus,
671 4106 690 4170 i.
708 4130 735 4172 e.
752 4107 855 4172 fortes
879 4120 1001 4183 estote,
1020 4109 1153 4193 juvante
1177 4105 1316 4171 Domino
1341 4106 1473 4189 ejusque
1495 4126 1552 4188 po·

355 4215 438 4283 tenti
454 4215 580 4280 virtute.
592 4221 685 4281 ——In
697 4225 845 4281 ouantibus
861 4231 1022 4282 sumentes
1037 4231 1163 4282 acutum
1177 4221 1252 4293 fidei
1270 4212 1418 4295 (fiduciae
1434 4213 1467 4276 in
1484 4212 1552 4277 Deo

356 4339 390 4391 et
407 4327 486 4390 lesu
502 4327 742 4406 collocandae),
759 4335 799 4391 in
819 4349 892 4407 qno
915 4334 1088 4408 pueritia
1105 4333 1234 4390 omnio
1250 4332 1333 4390 tela
1348 4327 1552 4403 nequissi-

354 4442 410 4500 mi
432 4441 547 4514 ipneu
566 4443 873 4517 cestioquerffl).
901 4438 989 4502 Dens
1006 4437 1112 4522 itaque
1135 4447 1199 4510 est,
1216 4433 1267 4519 qni
1284 4432 1379 4498 nobis
1396 4432 1482 4496 vires
1497 4451 1552 4494 ne·

468 4676 493 4755 ¹)
509 4677 595 4737 Rom.
614 4673 643 4748 t,
664 4675 714 4739 18.
733 4713 774 4723 -
794 4673 821 4761 ²)
841 4675 869 4738 1.
887 4676 959 4738 cor.
981 4671 1029 4745 15,
1050 4672 1100 4736 to.
1119 4710 1158 4719 -
1181 4669 1205 4759 2)
1223 4673 1317 4734 uter.
1341 4669 1392 4744 13,
1409 4667 1553 4732 20-21,

357 4802 401 4814 -
422 4765 449 4850 ⁴)
466 4767 574 4826 Matth-
599 4765 656 4840 26,
674 4767 727 4831 41.
745 4805 788 4816 -
807 4764 834 4853 5)
850 4769 959 4831 utto.
986 4765 1020 4837 o,
1040 4763 1092 4829 13.
1109 4803 1153 4817 -
1173 4763 1198 4850 ⁶)
1218 4763 1247 4825 1.
1264 4765 1336 4825 cor.
1362 4761 1418 4845 lo,
1441 4759 1492 4824 13.
1512 4798 1553 4808 -
1595 4783 1597 4787 -

360 4859 387 4945 ⁷)
404 4857 519 4940 Ephes.
537 4856 567 4936 6,
587 4856 638 4923 10.
658 4858 710 4926 16.

1266 4961 1337 5028 26*
