3775 5625
1408 407 1474 475 325

326 578 452 663 mpieta
482 589 513 640 et
545 578 746 661 abrogata¹).
771 575 929 638 Umbram
959 580 1059 654 [rapat
1086 580 1222 653 ueritas,
1255 585 1381 637 noctem
1413 580 1475 639 trra

326 695 436 750 ratum.
453 724 496 733 -
514 687 649 768 Insuper
667 684 828 750 Christum
846 684 1016 747 Domimuu
1034 706 1095 747 nou
1114 686 1280 767 exemplo,
1299 686 1355 748 sed
1373 706 1473 768 opere

327 794 444 861 merito
462 796 595 858 salutem
614 794 706 858 nohis
724 813 866 876 parasse,
884 814 924 855 cx
942 796 1001 855 SS.
1020 792 1151 856 Litteris
1175 792 1268 857 ctiam
1286 815 1326 855 eo
1344 795 1472 857 demon-

326 916 418 978 atur,
450 904 598 989 quoniam
610 906 704 987 juxta
720 904 849 967 easdem
866 903 952 966 salus
970 923 1027 986 per
1044 901 1147 985 ipsum
1166 914 1255 985 parta
1273 924 1336 966 uon
1354 914 1472 966 tautum

342 1035 399 1079 eos
427 1012 625 1086 extenditur,
648 1012 700 1098 qui
724 1025 797 1096 post
813 1011 1067 1087 euruvixcruut‚
1089 1012 1146 1075 sed
1164 1023 1196 1073 ot
1214 1010 1266 1095 qui
1282 1017 1400 1095 aute2).
1432 1014 1475 1076 At

326 1122 352 1188 is
382 1121 628 1192 asseveraverit,
661 1120 823 1186 Christum
855 1120 1002 1204 antiquos
1043 1119 1263 1191 Patriarchas,
1294 1121 1473 1204 Prophetas

340 1231 476 1318 reliquos
492 1234 616 1315 justos,
640 1230 691 1315 qui
712 1229 861 1293 vixerunt
887 1231 1019 1292 duraute
1043 1228 1168 1314 antiqua
1185 1229 1395 1303 «recurrentia,
1412 1231 1473 1293 sni·

326 1363 377 1407 sse
397 1343 468 1406 solo
490 1342 654 1425 exemplo,
687 1340 801 1425 artibus
823 1361 901 1402 saue
926 1338 956 1401 in
980 1340 1160 1422 exemplum
1185 1337 1373 1422 propositus
1395 1326 1472 1402 riuu-

331 1450 475 1515 amfuit?
1220 1529 1225 1537 ¹

385 1560 483 1623 Juxta
499 1558 678 1623 doctrinam
694 1558 800 1644 itaque
823 1562 882 1621 SS.
901 1557 1093 1621 Litterarum
1116 1558 1253 1622 evictum
1270 1579 1309 1621 ac
1325 1559 1472 1640 explora·

327 1691 351 1733 n
378 1680 444 1742 est,
476 1667 638 1734 Christum
661 1689 720 1753 per
747 1680 882 1731 mortem
905 1688 996 1731 suam
1023 1690 1086 1731 nou
1111 1680 1234 1731 remote
1258 1688 1296 1730 ac
1318 1666 1473 1730 indirecte

326 1790 403 1841 utum
423 1799 484 1841 nos
506 1778 665 1852 salvasse,
688 1789 844 1862 quatenus
866 1776 990 1841 scilicet
1006 1776 1170 1850 moriens,
1188 1775 1366 1840 doctrinam
1384 1796 1474 1839 suam

326 1887 417 1951 inam
440 1885 694 1960 confirmaverit,
717 1908 778 1971 qua
801 1887 839 1950 ad
856 1885 1113 1969 resipiscentiam
1130 1898 1162 1949 ct
1178 1885 1261 1948 vitas
1278 1884 1478 1949 emendatio-¹

326 2018 356 2059 m
370 2017 592 2080 provocamur,
610 1997 667 2059 sed
684 1996 804 2059 dirocte
822 2016 860 2059 ac
882 1994 1045 2078 proxime,
1069 2007 1224 2080 quatenus
1247 1994 1394 2057 nimirum
1417 2017 1475 2059 sua

326 2103 431 2169 ssione
448 2125 486 2169 ac
503 2117 607 2168 morte
622 2126 698 2168 vere
715 2126 753 2167 ac
768 2102 899 2188 proprie
914 2125 976 2187 pro
994 2103 1088 2168 nohis
1105 2102 1309 2179 satisfecerit,
1326 2124 1364 2167 ac
1382 2103 1474 2169 nobis

327 2213 506 2278 missionem
531 2226 737 2298 peccatorum
761 2234 799 2277 ac
818 2212 955 2299 gratiam
970 2211 1116 2299 'divinam
1140 2212 1370 2296 promeruerit,
1394 2235 1474 2298 quae

326 2320 374 2387 bis
388 2334 522 2407 proptor
538 2322 632 2396 iiiam,
650 2344 713 2385 uon
730 2334 835 2386 autem
852 2323 893 2385 ob
911 2343 1044 2407 operum
1062 2322 1209 2385 meritum
1227 2322 1400 2387 confertur.

370 2433 410 2494 B.
431 2431 517 2494 idem
533 2443 638 2495 autem
652 2451 775 2516 quoque
789 2443 848 2504 est,
865 2432 950 2515 quod
961 2429 1157 2494 tradiderunt
1173 2452 1237 2495 uuo
1258 2453 1315 2496 ore
1330 2433 1473 2495 Patres

326 2559 403 2615 mes,
417 2552 451 2603 ut
461 2540 647 2603 nominatim
660 2539 772 2604 Clem.
788 2539 880 2603 Rom.
891 2540 930 2620 ³),
945 2540 1124 2624 Polyc.⁴),
1140 2541 1263 2628 lgu.⁵)‚
1281 2542 1300 2604 J
1306 2540 1422 2604 ustin.
1432 2547 1471 2623 ⁸),

326 2711 495 2726 *-

372 2823 401 2892 ι)
417 2816 513 2877 Habr.
531 2812 561 2890 7,
580 2813 632 2878 11.
645 2851 688 2862 -
701 2818 729 2893 ²)
747 2814 792 2876 cf.
810 2815 904 2877 Joan.
922 2813 952 2888 8,
970 2811 1128 2878 56.Hebr.
1146 2815 1177 2889 9,
1195 2813 1249 2879 26.
1270 2819 1356 2878 Rom.
1374 2815 1405 2890 3,
1417 2814 1471 2880 25.

327 2905 407 2970 Tim.
424 2904 456 2978 2.
474 2906 503 2971 6.
522 2905 550 2970 1.
569 2906 661 2968 Joan.
678 2905 709 2981 2,
726 2904 757 2969 2.
790 2942 833 2952 -
865 2909 1018 2986 1)111).1.
1039 2907 1108 2969 Cor.
1125 2929 1154 2970 u.
1175 2911 1201 2969 7.
1221 2907 1382 2970 Cotalor.
1400 2911 1469 2970 PP.

326 3041 330 3053 .
362 2997 490 3059 Amatal.
509 2994 607 3061 1724.
644 2999 678 3062 V,
698 2996 726 3060 1.
743 3021 772 3078 p.
793 2994 866 3060 152.
902 2997 996 3057 Fiuis
1012 2998 1109 3058 oculis
1125 2997 1325 3073 respiciamus
1341 2998 1375 3058 iu
1391 3020 1470 3058 sau·

333 3088 426 3150 irem
448 3089 612 3161 Christi,
636 3109 865 3165 cernamusque,
888 3109 979 3165 quam
996 3089 1194 3165 pretiosus
1214 3094 1293 3149 Deo
1315 3091 1371 3150 sit
1391 3093 1472 3169 ejus

326 3180 451 3259 aquis,
474 3185 538 3257 qui
553 3187 714 3255 propter
735 3188 904 3240 rostram
924 3182 1080 3240 salutem
1103 3180 1274 3260 effusus,
1291 3181 1346 3240 toti
1360 3184 1496 3256 mundo,

331 3271 719 3348 auiteutiaearatiam
736 3271 882 3332 obtulit.
900 3307 944 3316 —
962 3269 988 3351 ⁴)
1005 3271 1207 3346 AdPhilipp.
1225 3293 1256 3332 u.
1273 3271 1365 3336 8.1b.
1383 3273 1421 3337 V,
1438 3269 1470 3333 2.

330 3359 403 3425 189.
422 3363 566 3423 Christus
580 3365 683 3434 Jesus,
701 3363 754 3438 qui
765 3361 933 3439 pertulit
947 3369 1079 3422 rostra
1093 3370 1245 3440 peecata
1260 3363 1298 3422 iu
1314 3383 1472 3438 corpore

329 3472 474 3531 osuper
490 3455 648 3531 liquum3
666 3455 720 3529 qui
733 3461 887 3531 peccatum
902 3473 963 3513 uou
972 3454 1073 3532 fecit;
1091 3489 1133 3498 —-
1151 3456 1205 3513 sed
1222 3462 1381 3532 propter
1396 3475 1471 3536 uos,

326 3544 465 3604 uiuamus
489 3545 622 3620 inipso,
644 3545 769 3605 omuia
786 3544 981 3605 sustinuit.
1017 3581 1057 3589 —
1090 3541 1116 3629 ³)
1139 3545 1260 3623 Smyru.
1283 3566 1312 3606 u.
1330 3550 1358 3606 2.
1377 3546 1422 3607 lb.
1441 3567 1471 3625 p.

326 3635 394 3695 mia
414 3639 487 3695 haec
505 3656 650 3711 passus
673 3644 727 3696 ost
747 3644 903 3714 propter
924 3655 1007 3709 uos,
1030 3644 1063 3695 ut
1087 3637 1211 3696 salutem
1233 3656 1470 3713 consequamur,-

326 3746 342 3787 t.
356 3726 423 3786 loco
440 3729 552 3797 nostri,
576 3737 609 3786 ut
629 3729 716 3787 nobis
737 3736 922 3808 potestatem
945 3727 1034 3787 saluti
1056 3724 1177 3787 nostrae
1195 3748 1320 3810 operam
1334 3727 1467 3789 novandi

326 3816 723 3881 samnarcham.
743 3819 806 3889 Qui
822 3820 931 3899 (Jesus
947 3817 1108 3898 Christus)
1121 3827 1283 3894 propter
1298 3840 1361 3879 vos
1376 3839 1468 3879 mor-

327 3915 449 3982 usest,
479 3917 513 3969 ut
533 3913 727 3970 eradentes
748 3911 790 3969 iu
814 3916 965 3970 mortem
985 3907 1208 3984 ipsiusmori
1227 3909 1390 3990 effugiatis.
1426 3945 1470 3955 -

326 3999 412 4078 Apol.
431 4003 459 4060 Ι.
479 4022 503 4060 c.
523 4003 575 4060 63.
603 4000 683 4080 Opp.
706 4022 736 4080 p.
755 3997 808 4062 84.
826 4003 924 4060 Homo
933 4000 1041 4078 factus
1062 4004 1225 4061 secuudum
1245 4000 1352 4060 Patris
1367 4003 1470 4060 uoluu-

327 4108 370 4150 em
391 4111 459 4168 pro
484 4111 586 4152 eorum
606 4094 742 4163 salute,
768 4091 822 4166 qui
837 4091 886 4150 1111
903 4094 1037 4162 creduut,
1062 4098 1089 4150 et
1108 4091 1323 4167 pronihilo
1340 4091 1472 4152 haberi

327 4181 416 4254 pati
432 4182 625 4252 sustinuit,
642 4189 862 4242 utmortuus
877 4203 914 4241 ac
936 4201 1095 4258 resurqaus
1115 4189 1270 4243 mortem
1291 4181 1471 4244 uiuccrat.

326 4289 381 4352 quo
405 4273 494 4338 Dial,
512 4295 536 4336 c.
556 4276 669 4350 Tryph.
687 4294 717 4331 a.
735 4276 785 4336 13.
818 4271 897 4353 Opp.
915 4295 944 4352 p.
964 4270 1037 4334 117.
1069 4275 1173 4349 Neque
1188 4271 1267 4332 euim
1282 4293 1335 4332 vos
1351 4277 1392 4333 ad
1407 4275 1469 4334 hal-

326 4380 369 4424 am
391 4363 478 4424 misit
490 4365 613 4436 Isaias,
634 4371 668 4423 ut
682 4363 727 4422 ihi
743 4366 862 4423 caedem
886 4371 913 4423 ct
927 4363 991 4422 alia
1002 4372 1128 4438 peccata
1145 4363 1316 4436 obluarctis,
1339 4368 1393 4424 sed
1401 4366 1471 4443 jam

326 4455 459 4532 reipsum
474 4456 552 4515 illud
568 4458 723 4516 lavacrum
749 4457 881 4514 salutare
892 4454 1109 4529 praedicabat,
1127 4458 1208 4531 quod
1223 4474 1323 4514 eorum
1340 4462 1396 4528 ast,
1415 4454 1468 4531 qui

326 4545 492 4606 autunum
509 4554 614 4623 apum,
642 4567 694 4605 uec
708 4549 778 4624 jam
794 4545 948 4614 hircorum
965 4553 992 4604 et
1006 4545 1105 4606 ouium
1125 4545 1272 4623 saupuiua
1296 4547 1468 4625 capiantur,

326 4631 437 4715 iside
456 4658 521 4715 per
543 4638 762 4714 sauyuiuem
788 4637 955 4706 Christi,
982 4643 1013 4695 et
1033 4645 1182 4696 mortem
1208 4639 1306 4715 ejus,
1340 4637 1404 4712 qui
1429 4657 1469 4694 ca

326 4742 367 4787 sa
384 4733 423 4788 de
440 4749 554 4788 causa
569 4736 735 4789 mortuus
752 4733 811 4789 cst.
1005 4715 1009 4723 ’
