3775 5625
1390 450 1393 458 ·
1444 425 1506 493 147

275 588 528 666 warentem
553 604 588 656 ut
598 594 666 678 jam
690 590 767 656 vidit
784 596 817 657 S.
834 590 1090 679 Augustinus,
1114 590 1277 656 scribens:
1298 592 1387 668 Onia
1408 599 1510 672 ipitar

269 714 441 784 restat,
468 700 583 787 inquit,
607 708 674 764 nisi
698 713 736 765 at
758 722 858 764 caasa
880 707 1019 764 iscoram
1041 703 1201 764 malorem
1225 708 1268 765 sit
1282 713 1341 765 aat
1355 707 1512 781 iniqnitas

266 818 386 882 nel
396 817 580 890 impotentia
594 812 670 893 Dei,
689 822 747 874 aa!
757 832 864 890 poena
881 809 947 891 (illa
963 808 1042 889 sint)
1055 814 1155 889 primi
1170 817 1350 891 veterisque
1363 808 1512 890 peccati?

267 928 388 993 red
407 925 482 1000 auia
503 941 562 983 nee
584 925 738 1002 injicitur,
763 940 822 982 nee
844 926 1003 999 inpotens
1023 931 1071 983 est
1084 922 1192 983 Dens:
1215 933 1328 1001 restat,
1346 929 1433 1000 qnod
1446 941 1513 984 non

270 1040 392 1111 oio,
417 1037 473 1092 aad
493 1036 621 1109 coperia
637 1033 794 1111 confiteri,
812 1037 899 1109 qaod
911 1052 1013 1108 prave
1024 1035 1142 1111 jupam
1163 1051 1260 1111 saper
1273 1033 1362 1106 filios
1375 1032 1477 1092 Adam
1493 1052 1514 1092 a

275 1148 382 1208 aie
402 1144 510 1200 saitae
529 1146 568 1201 lle
590 1150 702 1202 aenne
724 1144 840 1201 matris
862 1158 975 1202 eoram
998 1159 1101 1219 asana
1115 1144 1151 1200 iss
1166 1144 1246 1201 diem
1273 1146 1459 1218 sepuunrae
1479 1144 1515 1202 in

280 1259 460 1315 matrem
483 1254 625 1310 monast
647 1267 713 1309 non
733 1251 868 1328 fuisset,
894 1252 974 1310 nisi
997 1252 1133 1311 delicti
1159 1252 1374 1325 oriqinalis
1397 1253 1513 1309 meri·
1611 1299 1617 1316 ,

288 1372 404 1423 tuna
429 1360 763 1434 praecessisset¹).
796 1357 881 1419 Sane
912 1354 997 1419 inter
1026 1355 1118 1440 ipsos
1151 1354 1320 1420 Gentilium
1351 1354 1514 1440 sepientes

295 1464 562 1549 quamplurimi
583 1477 671 1540 sant,
694 1463 747 1550 qrri
763 1464 882 1529 acriori
892 1464 1016 1549 judicio
1033 1485 1164 1530 errores
1180 1464 1390 1550 miseriasque
1406 1465 1514 1530 harna-

300 1570 486 1636 saevitae
507 1574 759 1657 perpendentes,
781 1585 926 1637 naturam
948 1574 1151 1657 depravatam
1170 1594 1246 1638 esse
1263 1573 1342 1637 lassi
1358 1585 1446 1648 sunt,
1469 1585 1514 1637 at·

234 1759 237 1774 Ι
306 1699 392 1763 qaue
412 1681 503 1764 hujus
524 1681 747 1765 perversitatis
770 1702 884 1747 causas
904 1682 956 1745 vel
978 1702 1022 1745 ex
1041 1681 1182 1767 peccetis
1209 1681 1422 1766 insuperiori
1452 1681 1516 1746 vita

311 1788 492 1865 adnuissis,
508 1791 559 1855 vel
575 1811 617 1855 ex
631 1790 691 1856 alia
708 1792 884 1857 occultiore
905 1811 1003 1855 causa
1019 1792 1227 1857 deduxerunt.
1253 1791 1332 1870 Quin
1348 1791 1412 1854 imo
1429 1790 1516 1856 simi·

314 1893 359 1959 lia
392 1897 553 1964 docuinae
575 1899 758 1965 Catholicae
782 1900 920 1988 vestigia
944 1901 1027 1985 apud
1053 1900 1289 1986 antiquissimas
1312 1912 1427 1988 gentes
1450 1900 1517 1965 lere

318 2020 441 2072 onmes
456 2007 658 2092 reperiuntur
669 2013 707 2089 ⁹).

437 2139 604 2215 Superest,
627 2151 662 2199 ut
684 2141 813 2217 probata
839 2141 981 2200 doctrina
1002 2140 1163 2201 catholica
1195 2140 1291 2201 adhue
1324 2150 1518 2219 argumenta,

314 2244 438 2315 quihus
463 2248 637 2307 adversarii
657 2259 721 2308 tum
743 2258 867 2309 veteres
901 2259 964 2307 tum
994 2260 1142 2309 recentes
1174 2251 1300 2309 eandem
1332 2251 1516 2328 impugnare

312 2357 467 2428 student,
489 2357 660 2427 solvamus,
686 2359 747 2417 illis
770 2369 871 2418 tamen
899 2360 1039 2429 omissis,
1066 2378 1194 2437 quorum
1211 2360 1395 2419 solutionem
1407 2360 1470 2434 jam
1488 2359 1519 2417 in

311 2456 590 2525 demonstratione
607 2469 912 2543 praeoccupavimus.
939 2467 1096 2543 0bjiciunt
1113 2447 1228 2527 autem:

439 2591 468 2653 l.
490 2594 583 2652 Notio
603 2594 724 2670 peceati
747 2593 949 2655 haereditarii
965 2595 1033 2671 ipsa
1051 2612 1155 2655 secum
1173 2603 1300 2673 pugnat.
1326 2596 1401 2653 Nam
1418 2595 1454 2653 ai
1471 2614 1519 2653 ra·

310 2694 443 2763 lionam
464 2703 532 2762 veri
554 2704 675 2779 peccati
692 2704 841 2780 pertinet,
858 2715 892 2763 ut
908 2706 950 2763 sit
976 2706 1193 2765 voluntarium.
1226 2705 1394 2764 Peccatum
1420 2714 1521 2763 autem

311 2807 485 2893 originale
507 2833 563 2873 seu
585 2814 824 2874 haereditarium
842 2834 900 2874 non
917 2824 1021 2892 potest
1036 2816 1244 2875 voluntarium
1263 2833 1333 2873 esse
1349 2815 1380 2873 in
1397 2814 1521 2872 infanti·

311 2914 403 2992 buz,
420 2933 525 3000 utpote
542 2924 592 3001 qui
609 2924 739 2983 rationis
756 2933 787 2982 et
808 2924 963 2984 libertatis
985 2944 1042 2984 usu
1060 2935 1168 2986 carent
1179 2929 1222 2998 ⁸).
1238 2959 1282 2971 -
1298 2924 1519 2982 Verumtamen

311 3042 489 3099 peceatum
506 3032 650 3092 bifarium
667 3036 809 3094 sumitur.
833 3035 910 3093 Nam
928 3044 960 3093 et
977 3035 1057 3094 actio
1075 3035 1154 3093 mala
1171 3035 1283 3094 dicitur
1299 3042 1471 3111 peccatum,
1489 3040 1521 3090 et

313 3149 436 3200 reatus
452 3142 532 3200 laesi
542 3142 674 3201 mandati
684 3142 779 3200 divini
787 3142 914 3219 (culpa
935 3143 1117 3216 actualis)
1134 3161 1170 3202 ac
1186 3144 1307 3202 macula
1325 3160 1380 3200 seu
1398 3141 1521 3200 aversio

312 3238 492 3310 habitualis
501 3251 628 3327 (eulpa
643 3250 883 3324 habitualis),
893 3270 969 3329 qnae
979 3260 1159 3310 transeunte
1177 3259 1248 3311 actu
1265 3251 1403 3309 resident
1414 3251 1444 3307 in
1459 3249 1520 3307 ani·

314 3367 369 3409 Μ
396 3360 471 3435 eJ‘us,
484 3360 535 3436 qui
550 3361 702 3436 peccavit,
714 3361 1003 3437 pariterpeccatum
1013 3360 1216 3436 adpellantur.
1232 3359 1303 3418 Jam
1313 3359 1520 3418 voluntarium

317 3499 547 3525 ''N-..—

437 3589 565 3680 §aaut
582 3593 701 3659 Julian.
718 3596 737 3656 l.
753 3597 783 3655 4.
802 3615 826 3657 o.
844 3597 893 3657 16.
910 3615 940 3654 n.
959 3597 1009 3655 83.
1028 3592 1109 3674 Opp.
1128 3594 1167 3655 Τ.
1188 3590 1238 3656 10.
1255 3613 1282 3655 a.
1301 3589 1377 3655 626.
1395 3592 1441 3652 Of.
1461 3592 1517 3667 Op.

318 3670 451 3765 imperf,
467 3693 545 3747 cont.
561 3685 680 3747 Julian.
697 3688 716 3748 l.
733 3690 762 3746 1.
780 3705 804 3745 e.
822 3689 871 3749 29.
895 3686 934 3746 Τ.
953 3683 1005 3747 10.
1028 3706 1052 3747 a.
1070 3681 1146 3748 885.
1175 3686 1456 3756 Beneventure,
1482 3682 1521 3743 ed

322 3764 343 3822 1·
365 3774 403 3836 2.
420 3777 504 3839 Seni.
520 3777 591 3838 tiae.
607 3781 658 3837 30.
676 3796 704 3853 q.
723 3781 751 3838 2.
767 3784 826 3838 art.
844 3782 873 3838 1.
899 3774 981 3857 Opp.
998 3776 1045 3836 ed.
1061 3775 1160 3854 Lugd.
1185 3778 1223 3837 Τ.
1241 3772 1271 3837 6.
1299 3796 1330 3855 p.
1347 3772 1378 3837 2.
1395 3796 1425 3855 p.
1443 3770 1519 3836 373.

322 3850 491 3948 Mater,
514 3866 599 3933 &aas
623 3867 869 3949 interturbatam
897 3869 945 3930 bet
969 3866 1203 3949 tebraegeaiite
1221 3886 1258 3930 tc.
1282 3865 1399 3947 iitaioa.
1424 3861 1520 3928 1834.

324 3941 366 4011 Θι
391 3955 468 4020 101.
488 3994 530 4004 —-
548 3953 574 4042 ²)
593 3957 639 4023 cf.
655 3959 849 4038 Angustia.
867 3960 930 4020 oo.
950 3957 1068 4020 Julian.
1086 3959 1106 4019 l.
1122 3961 1152 4017 4.
1175 3978 1199 4017 c.
1218 3960 1268 4020 15.
1293 3977 1323 4017 n.
1343 3960 1392 4020 78.
1410 3957 1447 4016 Τ.
1467 3952 1518 4017 10.

326 4035 462 4115 ⁰·ss22s.
479 4043 1518 4114 certat.Alexand.necessitatem.art.3.Pa1-.1714.T.1.

327 4143 350 4202 P·
372 4133 429 4202 14.
445 4139 553 4221 Hu'go
571 4138 670 4200 Grot.
686 4141 835 4200 Devenit.
853 4142 907 4204 rel.
924 4141 999 4201 Olet.
1017 4142 1037 4204 l.
1054 4144 1084 4204 1.
1101 4161 1127 4200 c.
1144 4142 1194 4201 16.
1213 4138 1293 4219 Opp.
1310 4139 1402 4197 Basil.
1422 4134 1519 4200 1132.

329 4214 362 4280 Τ·
379 4227 415 4292 4.
431 4252 461 4311 p.
481 4227 534 4296 lt.
551 4230 765 4312 ettiliano,
783 4229 940 4312 &stettein
958 4232 1007 4294 bet
1023 4231 1162 4311 itatigiea
1183 4230 1267 4308 Sela.
1286 4226 1315 4289 1.
1332 4227 1376 4292 at.
1392 4226 1424 4290 4.
1442 4246 1471 4291 a.
1487 4223 1519 4290 5.

331 4303 412 4385 aar,
429 4321 607 4403 &aaran
623 4321 778 4402 nuntiari)
795 4323 843 4385 bet
861 4322 914 4403 cit.
930 4321 1032 4402 italia.
1050 4317 1081 4383 5.
1098 4322 1181 4400 ‘itali
1200 4319 1310 4384 nani.
1330 4315 1426 4382 1818.
1436 4317 1518 4384 te.

234 4474 238 4497 Ι
333 4394 371 4464 0.
380 4408 423 4475 18
431 4413 462 4492 li.
479 4411 658 4488 Qvantae,
675 4412 796 4492 &triten
813 4414 861 4476 bet
877 4406 1518 4492 ratapantnaeaogie.neganti.1837.

234 4500 240 4511 “
335 4481 358 4550 2·
376 4497 421 4566 a.
441 4503 470 4569 1.
485 4502 574 4585 asta.
592 4503 636 4568 e.
652 4500 718 4565 416
735 4505 766 4582 t·
785 4502 815 4567 1.
832 4503 874 4567 a.
892 4503 935 4567 a.
953 4499 1028 4565 ess.
1045 4539 1088 4548 -
1108 4500 1132 4586 3)
1152 4500 1198 4562 or.
1216 4498 1353 4563 aaran.
1380 4522 1428 4580 ap.
1449 4499 1518 4567 uu,-

335 4594 465 4654 teatin.
486 4594 577 4672 Oper.
593 4594 716 4672 imperf.
735 4595 753 4656 l.
768 4598 799 4654 4.
817 4614 842 4656 c.
860 4596 909 4658 93.
933 4591 1013 4674 Opp.
1031 4594 1071 4658 Τ.
1090 4591 1140 4654 10.
1163 4613 1188 4656 a.
1206 4588 1304 4656 1185.
1340 4592 1519 4670 Pelagius

335 4685 377 4746 ²1>-
395 4686 484 4747 eune.
500 4688 548 4744 De
562 4705 642 4762 pecc.
659 4685 771 4762 oripin.
789 4705 813 4747 c.
831 4689 881 4750 13.
896 4705 927 4746 n.
945 4688 995 4745 14.
1012 4685 1059 4745 Ib.
1077 4705 1101 4745 e.
1119 4681 1184 4747 258
1197 4705 1222 4746 s.
1256 4683 1519 4762 Wegscheider

334 4755 433 4836 lueet.
448 4777 534 4836 ans.
553 4775 627 4841 aar.
651 4779 748 4851 aym.
765 4777 803 4840 1..
822 4773 918 4841 1844.
935 4776 982 4836 n.
998 4772 1027 4839 e.
1043 4797 1074 4855 p.
1090 4771 1167 4840 442.
1192 4774 1356 4856 attans,
1380 4775 1440 4839 ao
1465 4774 1517 4855 aa.

335 4839 576 4945 &enarrante
592 4865 667 4931 aaa.
686 4863 783 4929 1841.
799 4863 831 4929 2.
847 4865 889 4930 a.
908 4866 954 4930 a·
968 4862 1022 4928 59.

1161 4961 1164 4968 '
1234 4952 1303 5017 10*
