3775 5625
852 659 1041 730 'l'itnlus
1055 662 1133 731 ΙΙΙ.

836 789 1092 855 TRACTATUS
1124 790 1147 854 1.

612 916 669 986 De¹
676 916 990 1000 justificatione,
1007 939 1073 981 seu
1091 918 1223 1005 gratia
1239 919 1375 984 divina.

398 1076 427 1160 5.
444 1075 497 1150 81.
517 1077 709 1139 Prooemium
738 1111 1422 1131 ·······
1521 1081 1586 1145 379

315 1241 322 1254 ,Ι
399 1168 426 1250 5.
443 1165 496 1231 82.
513 1170 604 1229 Notio
622 1170 739 1249 gratiae
848 1203 1418 1223 ······
1518 1173 1586 1238 380

849 1338 1091 1412 Articulum
1106 1345 1139 1411 Ι.

743 1470 796 1534 De
812 1470 1054 1535 necessitate
1071 1473 1239 1558 gratiae.

396 1617 431 1715 5..
442 1629 495 1694 83.
513 1632 659 1691 Doctrina
675 1630 912 1692 adversariorum
965 1664 1421 1684 ·····
1521 1635 1587 1701 384

396 1724 423 1806 5.
444 1721 496 1786 84.
513 1724 689 1811 Neoesaitaa
706 1723 823 1801 gratiae
834 1723 1027 1801 justificantis
1075 1756 1083 1771 ·
1188 1758 1195 1771 ·
1300 1758 1308 1774 ·
1414 1761 1420 1774 ·
1521 1728 1586 1793 389

397 1814 424 1897 5.
443 1811 495 1877 85.
513 1815 686 1875 Neeee'eitas
703 1814 823 1892 gratiae
839 1814 963 1874 actualis
1077 1848 1083 1861 ·
1188 1848 1196 1862 ·
1301 1850 1308 1863 ·
1414 1852 1420 1864 ·
1520 1819 1585 1883 393

396 1906 423 1987 5.
442 1903 495 1968 86.
513 1904 705 1966 Continuatio
739 1937 1422 1956 ·······
1521 1909 1587 1975 398

397 1998 423 2079 5.
442 1992 496 2059 87.
513 1995 622 2057 Gratia
638 1995 762 2057 actualis
779 1997 868 2056 etiam
882 1998 972 2075 justis
989 2005 1036 2057 eet
1050 1997 1221 2057 necessaria
1301 2032 1307 2045 ·
1414 2034 1421 2046 ·
1520 2002 1588 2067 402

397 2088 424 2171 5.
445 2085 498 2151 88.
515 2090 613 2147 Nemo
630 2088 744 2167 absque
761 2087 882 2166 speciali
898 2088 1057 2167 privilegio
1081 2088 1179 2146 omnia
1199 2098 1324 2167 peecata
1340 2091 1429 2150 etiam

448 2172 452 2180 ’
512 2178 642 2238 venialia
658 2179 771 2238 evitare
787 2185 887 2257 potest
1520 2182 1588 2246 406

398 2271 426 2352 5.
443 2265 495 2331 89.
513 2270 603 2329 Vires
619 2269 705 2330 liberi
722 2269 839 2329 arbitrii
852 2301 1422 2319 ······
1520 2273 1589 2337 408

399 2361 425 2442 5.
443 2358 495 2422 90.
512 2360 612 2420 Homo
628 2368 731 2440 potest
746 2361 809 2420 sine
827 2360 949 2439 speciali
964 2360 1062 2439 gratia
1079 2380 1265 2442 eognoaoere
1280 2364 1424 2423 veritates

513 2452 666 2530 religionis
681 2450 841 2524 naturalis,
862 2459 924 2510 tum
941 2452 1143 2529 speculativas
1160 2461 1222 2511 tum
1237 2454 1385 2531 praetieas
1415 2488 1422 2502 ·
1520 2454 1588 2518 408

398 2543 424 2624 5.
444 2540 497 2605 91.
514 2544 623 2603 Potest
646 2543 735 2601 homo
763 2550 834 2602 ante
862 2562 947 2601 suam
963 2542 1207 2622 justificationem
1233 2544 1332 2624 aliqua
1346 2544 1430 2606 bona

515 2653 608 2713 opera
623 2634 777 2713 perficere,
793 2652 848 2693 nee
865 2634 965 2692 omnia
980 2633 1141 2693 infidelium
1160 2655 1252 2713 opera
1273 2645 1343 2694 sunt
1358 2637 1430 2696 vitia

515 2744 569 2785 seu
584 2734 712 2805 peecata
739 2756 1423 2774 ·······
1520 2726 1590 2791 413

838 2894 1079 2966 Artionlns
1096 2899 1151 2965 ΙΙ.

708 3007 761 3070 De
778 3005 913 3070 indole
929 3006 1086 3093 gratiae
1104 3007 1271 3073 divinae.

397 3169 425 3252 5.
440 3167 493 3232 92.
510 3169 665 3248 Ingreaeio
701 3167 703 3171 ’
739 3200 1422 3219 ·······

497 3447 1494 3536 Deindolegratiaehahitualisseujustisicantis.

397 3601 424 3684 5.
464 3596 517 3662 93.
534 3597 629 3657 Notio
646 3597 762 3676 gratiae
774 3597 965 3675 justificantis
983 3617 1037 3657 seu
1049 3597 1195 3675 justitiae,
1213 3607 1303 3679 atque
1315 3601 1425 3678 justifi-

515 3688 642 3749 cationis

397 3783 423 3864 5.
463 3777 732 3843 trecentenario

397 3874 425 3956 5.
465 3869 518 3934 95.
537 3870 642 3932 Gratia
657 3869 826 3948 justificans
854 3878 901 3930 θεῖ
916 3868 1026 3930 donum
1041 3870 1101 3930 Dei
1117 3871 1233 3930 animae
1248 3871 1426 3933 intrinsecus

534 3962 694 4021 inhaerens
740 3994 1419 4011 ·······

396 4057 423 4138 5.
463 4053 516 4117 96.
534 4052 727 4114 Continuatio

397 4149 423 4230 5.
463 4144 516 4208 97.
535 4143 641 4204 Gratia
652 4143 823 4222 justificans
839 4150 886 4203 eat
901 4143 1015 4203 donum
1026 4142 1176 4205 'stabiliter
1191 4164 1315 4203 manens
1411 4178 1417 4192 ·

397 4239 423 4322 5.
464 4235 517 4300 98.
534 4233 639 4295 Gratia
650 4234 821 4314 justificans
837 4255 899 4294 non
915 4243 963 4294 est
977 4254 996 4293 a
1011 4235 1155 4296 charitate
1176 4255 1209 4294 re
1225 4235 1365 4294 distinata
1410 4271 1417 4282 ·

397 4331 423 4412 5.
463 4327 517 4392 99.
535 4324 836 4404 CharitasaSpiritu
853 4326 884 4386 S.
902 4325 1022 4385 diversa
1074 4360 1080 4373 ·
1186 4359 1193 4372 ·
1298 4359 1304 4373 ·
1411 4361 1417 4374 ·

396 4421 423 4503 5.
442 4418 515 4482 100.
534 4417 638 4479 Gratia
649 4416 817 4495 Juetifioans
833 4417 863 4475 in
880 4416 1009 4476 diversis
1025 4416 1144 4477 diversa
1160 4426 1206 4478 θεῖ
1228 4425 1258 4476 et
1274 4419 1425 4496 augmenti

534 4529 630 4588 capax

398 4602 423 4682 5.
443 4599 516 4662 101.
534 4599 640 4661 Gratia
662 4599 830 4677 justificans
857 4619 894 4659 ea
913 4619 973 4657 non
1001 4607 1065 4671 est,
1087 4618 1164 4678 quae
1187 4619 1225 4659 ex
1245 4609 1353 4659 natura
1369 4620 1424 4659 sua

534 4691 629 4749 amitti
645 4710 705 4749 non
721 4688 817 4768 possit
848 4721 1415 4738 ······

398 4783 424 4866 5.
443 4780 516 4845 102.
535 4780 643 4842 Gratia
657 4781 827 4860 justificans
848 4801 909 4840 non
934 4788 994 4861 est,
1007 4778 1053 4840 de
1070 4801 1128 4861 qua
1153 4781 1241 4840 homo
1274 4782 1339 4841 eine
1355 4803 1421 4862 epe·

532 4873 599 4934 oiali
615 4873 799 4935 revelatione
814 4871 910 4952 possit
926 4891 993 4934 ease
1009 4870 1149 4934 absolute
1165 4880 1265 4934 certus
1296 4905 1303 4920 ·
1408 4906 1415 4924 ·
