<?xml version="1.0" encoding="UTF-8"?>
<!DOCTYPE html PUBLIC "-//W3C//DTD XHTML 1.0 Transitional//EN"
    "http://www.w3.org/TR/xhtml1/DTD/xhtml1-transitional.dtd">
<html xmlns="http://www.w3.org/1999/xhtml" xml:lang="en" lang="en">
 <head>
  <title>
</title>
<meta http-equiv="Content-Type" content="text/html;charset=utf-8" />
  <meta name='ocr-system' content='tesseract 3.04.00' />
  <meta name='ocr-capabilities' content='ocr_page ocr_carea ocr_par ocr_line ocrx_word'/>
</head>
<body>
  <div class='ocr_page' id='page_1' title='image "./theologiadogmat00schwgoog/theologiadogmat00schwgoog_0546.png"; bbox 0 0 3775 5625; ppageno 0'>
   <div class='ocr_carea' id='block_1_1' title="bbox 342 398 410 490">
    <p class='ocr_par' dir='ltr' id='par_1_1' title="bbox 342 398 410 490">
     <span class='ocr_line' id='line_1_1' title="bbox 342 398 410 490; baseline -0.029 -4"><span class='ocrx_word' id='word_1_1' title='bbox 342 398 410 490; x_wconf 66' lang='lat' dir='ltr'><strong>bib</strong></span> 
     </span>
    </p>
   </div>
   <div class='ocr_carea' id='block_1_2' title="bbox 341 565 1529 1316">
    <p class='ocr_par' dir='ltr' id='par_1_2' title="bbox 341 565 1529 1316">
     <span class='ocr_line' id='line_1_2' title="bbox 346 565 1528 664; baseline -0.011 -17"><span class='ocrx_word' id='word_1_2' title='bbox 346 602 419 647; x_wconf 88' lang='lat' dir='ltr'><strong>cum</strong></span> <span class='ocrx_word' id='word_1_3' title='bbox 448 574 615 644; x_wconf 79' lang='lat' dir='ltr'><strong>Ecclesiae</strong></span> <span class='ocrx_word' id='word_1_4' title='bbox 636 566 838 664; x_wconf 72' lang='lat' dir='ltr'><strong>dogmatibus</strong></span> <span class='ocrx_word' id='word_1_5' title='bbox 858 568 930 639; x_wconf 93' lang='lat' dir='ltr'><strong>loco</strong></span> <span class='ocrx_word' id='word_1_6' title='bbox 954 572 1124 638; x_wconf 89' lang='lat' dir='ltr'><strong>collocare.</strong></span> <span class='ocrx_word' id='word_1_7' title='bbox 1163 573 1358 637; x_wconf 71' lang='lat' dir='ltr'>Persuasum</span> <span class='ocrx_word' id='word_1_8' title='bbox 1376 581 1482 635; x_wconf 81' lang='lat' dir='ltr'><strong>¹antem</strong></span> <span class='ocrx_word' id='word_1_9' title='bbox 1498 565 1528 634; x_wconf 73' lang='lat' dir='ltr'><strong>S.</strong></span> 
     </span>
     <span class='ocr_line' id='line_1_3' title="bbox 344 679 1528 774; baseline -0.011 -19"><span class='ocrx_word' id='word_1_10' title='bbox 344 689 542 774; x_wconf 82' lang='lat' dir='ltr'><strong>Episcopum</strong></span> <span class='ocrx_word' id='word_1_11' title='bbox 559 709 623 752; x_wconf 93' lang='lat' dir='ltr'><strong>non</strong></span> <span class='ocrx_word' id='word_1_12' title='bbox 638 686 804 759; x_wconf 91' lang='lat' dir='ltr'><strong>babuisse,</strong></span> <span class='ocrx_word' id='word_1_13' title='bbox 826 682 1147 768; x_wconf 77' lang='lat' dir='ltr'><strong>praedestinationem</strong></span> <span class='ocrx_word' id='word_1_14' title='bbox 1164 682 1341 746; x_wconf 83' lang='lat' dir='ltr'><strong>absolutam</strong></span> <span class='ocrx_word' id='word_1_15' title='bbox 1360 681 1401 745; x_wconf 89' lang='lat' dir='ltr'><strong>ad</strong></span> <span class='ocrx_word' id='word_1_16' title='bbox 1417 679 1528 748; x_wconf 91' lang='lat' dir='ltr'><strong>doctri-</strong></span> 
     </span>
     <span class='ocr_line' id='line_1_4' title="bbox 345 789 1528 879; baseline -0.008 -16"><span class='ocrx_word' id='word_1_17' title='bbox 345 819 418 864; x_wconf 86' lang='lat' dir='ltr'><strong>nam</strong></span> <span class='ocrx_word' id='word_1_18' title='bbox 434 796 509 860; x_wconf 89' lang='lat' dir='ltr'><strong>tidei</strong></span> <span class='ocrx_word' id='word_1_19' title='bbox 524 795 697 879; x_wconf 83' lang='lat' dir='ltr'><strong>pertinere,</strong></span> <span class='ocrx_word' id='word_1_20' title='bbox 714 808 755 859; x_wconf 84' lang='lat' dir='ltr'><strong>ex</strong></span> <span class='ocrx_word' id='word_1_21' title='bbox 769 793 808 859; x_wconf 92' lang='lat' dir='ltr'><strong>iis</strong></span> <span class='ocrx_word' id='word_1_22' title='bbox 826 794 910 857; x_wconf 92' lang='lat' dir='ltr'><strong>clare</strong></span> <span class='ocrx_word' id='word_1_23' title='bbox 928 791 1102 879; x_wconf 80' lang='lat' dir='ltr'><strong>colligitur,</strong></span> <span class='ocrx_word' id='word_1_24' title='bbox 1125 812 1203 877; x_wconf 92' lang='lat' dir='ltr'><strong>quae</strong></span> <span class='ocrx_word' id='word_1_25' title='bbox 1221 792 1325 877; x_wconf 90' lang='lat' dir='ltr'><strong>quoad</strong></span> <span class='ocrx_word' id='word_1_26' title='bbox 1342 789 1528 854; x_wconf 86' lang='lat' dir='ltr'><strong>senteutiam</strong></span> 
     </span>
     <span class='ocr_line' id='line_1_5' title="bbox 345 899 1527 992; baseline -0.007 -22"><span class='ocrx_word' id='word_1_27' title='bbox 345 905 601 992; x_wconf 85' lang='lat' dir='ltr'><strong>Pelagianorum,</strong></span> <span class='ocrx_word' id='word_1_28' title='bbox 616 904 712 968; x_wconf 90' lang='lat' dir='ltr'><strong>vitam</strong></span> <span class='ocrx_word' id='word_1_29' title='bbox 729 902 854 967; x_wconf 92' lang='lat' dir='ltr'><strong>scilicet</strong></span> <span class='ocrx_word' id='word_1_30' title='bbox 865 899 1031 967; x_wconf 67' lang='lat' dir='ltr'><strong>&#39;aeternam</strong></span> <span class='ocrx_word' id='word_1_31' title='bbox 1054 900 1177 965; x_wconf 90' lang='lat' dir='ltr'><strong>meritis</strong></span> <span class='ocrx_word' id='word_1_32' title='bbox 1199 900 1321 964; x_wconf 82' lang='lat' dir='ltr'><strong>nostris</strong></span> <span class='ocrx_word' id='word_1_33' title='bbox 1337 901 1527 985; x_wconf 66' lang='lat' dir='ltr'><strong>praecedere</strong></span> 
     </span>
     <span class='ocr_line' id='line_1_6' title="bbox 345 1011 1529 1093; baseline -0.008 -13"><span class='ocrx_word' id='word_1_34' title='bbox 345 1014 429 1080; x_wconf 87' lang='lat' dir='ltr'><strong>tibus</strong></span> <span class='ocrx_word' id='word_1_35' title='bbox 445 1013 545 1088; x_wconf 89' lang='lat' dir='ltr'><strong>reddi,</strong></span> <span class='ocrx_word' id='word_1_36' title='bbox 562 1015 707 1077; x_wconf 88' lang='lat' dir='ltr'><strong>adnotat:</strong></span> <span class='ocrx_word' id='word_1_37' title='bbox 724 1016 998 1093; x_wconf 79' lang='lat' dir='ltr'><strong>Reapomleadum</strong></span> <span class='ocrx_word' id='word_1_38' title='bbox 1014 1020 1065 1073; x_wconf 79' lang='lat' dir='ltr'><strong>eat</strong></span> <span class='ocrx_word' id='word_1_39' title='bbox 1079 1018 1144 1072; x_wconf 80' lang='lat' dir='ltr'><strong>eis:</strong></span> <span class='ocrx_word' id='word_1_40' title='bbox 1162 1011 1203 1073; x_wconf 75' lang='lat' dir='ltr'><strong>Si</strong></span> <span class='ocrx_word' id='word_1_41' title='bbox 1218 1018 1336 1072; x_wconf 84' lang='lat' dir='ltr'><strong>merita</strong></span> <span class='ocrx_word' id='word_1_42' title='bbox 1353 1019 1473 1072; x_wconf 83' lang='lat' dir='ltr'><strong>austra</strong></span> <span class='ocrx_word' id='word_1_43' title='bbox 1488 1015 1529 1072; x_wconf 82' lang='lat' dir='ltr'><strong>eir</strong></span> 
     </span>
     <span class='ocr_line' id='line_1_7' title="bbox 345 1109 1529 1204; baseline -0.006 -17"><span class='ocrx_word' id='word_1_44' title='bbox 345 1126 573 1204; x_wconf 71' lang='lat' dir='ltr'><strong>netelliyerent,</strong></span> <span class='ocrx_word' id='word_1_45' title='bbox 591 1132 630 1185; x_wconf 78' lang='lat' dir='ltr'><strong>at</strong></span> <span class='ocrx_word' id='word_1_46' title='bbox 644 1130 741 1185; x_wconf 86' lang='lat' dir='ltr'><strong>etiam</strong></span> <span class='ocrx_word' id='word_1_47' title='bbox 756 1130 829 1203; x_wconf 82' lang='lat' dir='ltr'><strong>ipsa</strong></span> <span class='ocrx_word' id='word_1_48' title='bbox 845 1109 908 1183; x_wconf 86' lang='lat' dir='ltr'><strong>Dei</strong></span> <span class='ocrx_word' id='word_1_49' title='bbox 924 1125 1012 1183; x_wconf 83' lang='lat' dir='ltr'><strong>dona</strong></span> <span class='ocrx_word' id='word_1_50' title='bbox 1029 1129 1272 1199; x_wconf 80' lang='lat' dir='ltr'><strong>capnoccerent,</strong></span> <span class='ocrx_word' id='word_1_51' title='bbox 1290 1142 1359 1181; x_wconf 84' lang='lat' dir='ltr'><strong>noa</strong></span> <span class='ocrx_word' id='word_1_52' title='bbox 1375 1128 1466 1181; x_wconf 78' lang='lat' dir='ltr'><strong>esset</strong></span> <span class='ocrx_word' id='word_1_53' title='bbox 1479 1142 1529 1181; x_wconf 87' lang='lat' dir='ltr'><strong>re·</strong></span> 
     </span>
     <span class='ocr_line' id='line_1_8' title="bbox 341 1227 1528 1316; baseline -0.003 -21"><span class='ocrx_word' id='word_1_54' title='bbox 341 1229 517 1314; x_wconf 77' lang='lat' dir='ltr'><strong>probanda</strong></span> <span class='ocrx_word' id='word_1_55' title='bbox 531 1240 612 1295; x_wconf 74' lang='lat' dir='ltr'><strong>tinec</strong></span> <span class='ocrx_word' id='word_1_56' title='bbox 627 1237 791 1294; x_wconf 72' lang='lat' dir='ltr'><strong>sententia</strong></span> <span class='ocrx_word' id='word_1_57' title='bbox 799 1233 835 1306; x_wconf 86' lang='lat'><strong>¹).</strong></span> <span class='ocrx_word' id='word_1_58' title='bbox 858 1229 940 1294; x_wconf 88' lang='lat' dir='ltr'><strong>llinc</strong></span> <span class='ocrx_word' id='word_1_59' title='bbox 957 1251 1020 1293; x_wconf 91' lang='lat' dir='ltr'><strong>uon</strong></span> <span class='ocrx_word' id='word_1_60' title='bbox 1037 1229 1242 1314; x_wconf 90' lang='lat' dir='ltr'><strong>reprehendit</strong></span> <span class='ocrx_word' id='word_1_61' title='bbox 1250 1227 1446 1316; x_wconf 79' lang='lat' dir='ltr'><strong>Pelagianos</strong></span> <span class='ocrx_word' id='word_1_62' title='bbox 1462 1248 1528 1312; x_wconf 88' lang='lat' dir='ltr'><strong>pro·</strong></span> 
     </span>
    </p>
   </div>
   <div class='ocr_carea' id='block_1_3' title="bbox 344 1336 1536 3600">
    <p class='ocr_par' dir='ltr' id='par_1_3' title="bbox 344 1336 1536 3600">
     <span class='ocr_line' id='line_1_9' title="bbox 347 1336 1530 1425; baseline -0.005 -20"><span class='ocrx_word' id='word_1_63' title='bbox 347 1353 473 1425; x_wconf 79' lang='lat' dir='ltr'><strong>pterea,</strong></span> <span class='ocrx_word' id='word_1_64' title='bbox 490 1341 574 1425; x_wconf 90' lang='lat' dir='ltr'><strong>quod</strong></span> <span class='ocrx_word' id='word_1_65' title='bbox 590 1341 785 1413; x_wconf 83' lang='lat' dir='ltr'><strong>statuebant,</strong></span> <span class='ocrx_word' id='word_1_66' title='bbox 800 1340 903 1403; x_wconf 89' lang='lat' dir='ltr'><strong>Deum</strong></span> <span class='ocrx_word' id='word_1_67' title='bbox 919 1352 1051 1423; x_wconf 89' lang='lat' dir='ltr'><strong>propter</strong></span> <span class='ocrx_word' id='word_1_68' title='bbox 1068 1337 1292 1423; x_wconf 80' lang='lat' dir='ltr'><strong>praecedentia</strong></span> <span class='ocrx_word' id='word_1_69' title='bbox 1307 1336 1426 1401; x_wconf 88' lang='lat' dir='ltr'><strong>merita</strong></span> <span class='ocrx_word' id='word_1_70' title='bbox 1440 1336 1530 1400; x_wconf 82' lang='lat' dir='ltr'><strong>vitam</strong></span> 
     </span>
     <span class='ocr_line' id='line_1_10' title="bbox 345 1445 1529 1535; baseline -0.006 -21"><span class='ocrx_word' id='word_1_71' title='bbox 345 1461 506 1514; x_wconf 82' lang='lat' dir='ltr'><strong>aeternam</strong></span> <span class='ocrx_word' id='word_1_72' title='bbox 538 1449 665 1535; x_wconf 80' lang='lat' dir='ltr'><strong>largiri,</strong></span> <span class='ocrx_word' id='word_1_73' title='bbox 687 1450 828 1533; x_wconf 89' lang='lat' dir='ltr'><strong>adeoque</strong></span> <span class='ocrx_word' id='word_1_74' title='bbox 849 1448 1172 1533; x_wconf 87' lang='lat' dir='ltr'><strong>praedestinationem</strong></span> <span class='ocrx_word' id='word_1_75' title='bbox 1195 1448 1234 1511; x_wconf 90' lang='lat' dir='ltr'><strong>ad</strong></span> <span class='ocrx_word' id='word_1_76' title='bbox 1249 1447 1334 1511; x_wconf 89' lang='lat' dir='ltr'><strong>illam</strong></span> <span class='ocrx_word' id='word_1_77' title='bbox 1351 1445 1529 1530; x_wconf 72' lang='lat' dir='ltr'><strong>praescisa</strong></span> 
     </span>
     <span class='ocr_line' id='line_1_11' title="bbox 346 1555 1528 1642; baseline -0.003 -21"><span class='ocrx_word' id='word_1_78' title='bbox 346 1558 421 1622; x_wconf 90' lang='lat' dir='ltr'><strong>tiam</strong></span> <span class='ocrx_word' id='word_1_79' title='bbox 438 1559 550 1624; x_wconf 87' lang='lat' dir='ltr'><strong>borum</strong></span> <span class='ocrx_word' id='word_1_80' title='bbox 568 1556 732 1642; x_wconf 84' lang='lat' dir='ltr'><strong>consequi,</strong></span> <span class='ocrx_word' id='word_1_81' title='bbox 749 1558 807 1622; x_wconf 87' lang='lat' dir='ltr'><strong>sed</strong></span> <span class='ocrx_word' id='word_1_82' title='bbox 823 1569 943 1621; x_wconf 90' lang='lat' dir='ltr'><strong>tantum</strong></span> <span class='ocrx_word' id='word_1_83' title='bbox 959 1570 1140 1642; x_wconf 89' lang='lat' dir='ltr'><strong>propterea,</strong></span> <span class='ocrx_word' id='word_1_84' title='bbox 1157 1556 1305 1642; x_wconf 88' lang='lat' dir='ltr'><strong>quoniam</strong></span> <span class='ocrx_word' id='word_1_85' title='bbox 1316 1555 1363 1618; x_wconf 89' lang='lat' dir='ltr'><strong>ita</strong></span> <span class='ocrx_word' id='word_1_86' title='bbox 1378 1555 1461 1618; x_wconf 89' lang='lat' dir='ltr'><strong>haec</strong></span> <span class='ocrx_word' id='word_1_87' title='bbox 1472 1574 1528 1618; x_wconf 85' lang='lat' dir='ltr'><strong>me·</strong></span> 
     </span>
     <span class='ocr_line' id='line_1_12' title="bbox 346 1663 1530 1750; baseline 0.001 -22"><span class='ocrx_word' id='word_1_88' title='bbox 346 1666 409 1729; x_wconf 90' lang='lat' dir='ltr'><strong>rita</strong></span> <span class='ocrx_word' id='word_1_89' title='bbox 441 1665 678 1750; x_wconf 88' lang='lat' dir='ltr'><strong>praedicabant,</strong></span> <span class='ocrx_word' id='word_1_90' title='bbox 710 1678 744 1729; x_wconf 92' lang='lat' dir='ltr'><strong>ut</strong></span> <span class='ocrx_word' id='word_1_91' title='bbox 774 1686 813 1730; x_wconf 86' lang='lat' dir='ltr'><strong>ea</strong></span> <span class='ocrx_word' id='word_1_92' title='bbox 843 1665 1005 1730; x_wconf 89' lang='lat' dir='ltr'><strong>bominem</strong></span> <span class='ocrx_word' id='word_1_93' title='bbox 1031 1687 1076 1730; x_wconf 86' lang='lat' dir='ltr'><strong>ex</strong></span> <span class='ocrx_word' id='word_1_94' title='bbox 1098 1687 1134 1729; x_wconf 90' lang='lat' dir='ltr'><strong>se</strong></span> <span class='ocrx_word' id='word_1_95' title='bbox 1154 1665 1227 1749; x_wconf 89' lang='lat' dir='ltr'><strong>ipso</strong></span> <span class='ocrx_word' id='word_1_96' title='bbox 1246 1665 1365 1729; x_wconf 91' lang='lat' dir='ltr'><strong>habere</strong></span> <span class='ocrx_word' id='word_1_97' title='bbox 1383 1663 1530 1729; x_wconf 86' lang='lat' dir='ltr'><strong>dicerent.</strong></span> 
     </span>
     <span class='ocr_line' id='line_1_13' title="bbox 347 1773 1532 1861; baseline -0.003 -21"><span class='ocrx_word' id='word_1_98' title='bbox 347 1776 438 1861; x_wconf 82' lang='lat' dir='ltr'><strong>Ergo</strong></span> <span class='ocrx_word' id='word_1_99' title='bbox 471 1774 596 1840; x_wconf 88' lang='lat' dir='ltr'><strong>etiamsi</strong></span> <span class='ocrx_word' id='word_1_100' title='bbox 626 1774 825 1861; x_wconf 82' lang='lat' dir='ltr'><strong>Augustinus</strong></span> <span class='ocrx_word' id='word_1_101' title='bbox 860 1774 1182 1859; x_wconf 87' lang='lat' dir='ltr'><strong>praedestinationem</strong></span> <span class='ocrx_word' id='word_1_102' title='bbox 1216 1776 1254 1839; x_wconf 93' lang='lat' dir='ltr'><strong>ad</strong></span> <span class='ocrx_word' id='word_1_103' title='bbox 1286 1773 1424 1861; x_wconf 75' lang='lat' dir='ltr'><strong>gloriam</strong></span> <span class='ocrx_word' id='word_1_104' title='bbox 1465 1784 1532 1837; x_wconf 81' lang='lat' dir='ltr'><strong>ante</strong></span> 
     </span>
     <span class='ocr_line' id='line_1_14' title="bbox 348 1884 1530 1969; baseline -0.003 -21"><span class='ocrx_word' id='word_1_105' title='bbox 348 1904 476 1948; x_wconf 89' lang='lat' dir='ltr'><strong>omnem</strong></span> <span class='ocrx_word' id='word_1_106' title='bbox 492 1884 680 1950; x_wconf 90' lang='lat' dir='ltr'><strong>meritorum</strong></span> <span class='ocrx_word' id='word_1_107' title='bbox 693 1884 938 1969; x_wconf 88' lang='lat' dir='ltr'><strong>praescientiam</strong></span> <span class='ocrx_word' id='word_1_108' title='bbox 949 1884 1108 1949; x_wconf 88' lang='lat' dir='ltr'><strong>docuerit:</strong></span> <span class='ocrx_word' id='word_1_109' title='bbox 1125 1884 1267 1969; x_wconf 90' lang='lat' dir='ltr'><strong>posteris</strong></span> <span class='ocrx_word' id='word_1_110' title='bbox 1281 1896 1388 1947; x_wconf 87' lang='lat' dir='ltr'><strong>tamen</strong></span> <span class='ocrx_word' id='word_1_111' title='bbox 1408 1894 1530 1948; x_wconf 88' lang='lat' dir='ltr'><strong>coutra-</strong></span> 
     </span>
     <span class='ocr_line' id='line_1_15' title="bbox 344 1991 1531 2080; baseline -0.003 -22"><span class='ocrx_word' id='word_1_112' title='bbox 344 1992 394 2058; x_wconf 86' lang='lat' dir='ltr'><strong>ria</strong></span> <span class='ocrx_word' id='word_1_113' title='bbox 408 1991 565 2057; x_wconf 88' lang='lat' dir='ltr'><strong>sentiendi</strong></span> <span class='ocrx_word' id='word_1_114' title='bbox 580 1993 759 2060; x_wconf 87' lang='lat' dir='ltr'><strong>libertatem</strong></span> <span class='ocrx_word' id='word_1_115' title='bbox 775 2014 839 2058; x_wconf 91' lang='lat' dir='ltr'><strong>non</strong></span> <span class='ocrx_word' id='word_1_116' title='bbox 855 1994 993 2069; x_wconf 91' lang='lat' dir='ltr'><strong>abstulit,</strong></span> <span class='ocrx_word' id='word_1_117' title='bbox 1010 2015 1113 2080; x_wconf 88' lang='lat' dir='ltr'><strong>neque</strong></span> <span class='ocrx_word' id='word_1_118' title='bbox 1127 1994 1254 2058; x_wconf 79' lang='lat' dir='ltr'><strong>auterre</strong></span> <span class='ocrx_word' id='word_1_119' title='bbox 1268 1992 1376 2057; x_wconf 89' lang='lat' dir='ltr'><strong>voluit.</strong></span> <span class='ocrx_word' id='word_1_120' title='bbox 1393 1992 1468 2057; x_wconf 91' lang='lat' dir='ltr'><strong>Nou</strong></span> <span class='ocrx_word' id='word_1_121' title='bbox 1483 1992 1531 2055; x_wconf 76' lang='lat' dir='ltr'><strong>de</strong></span> 
     </span>
     <span class='ocr_line' id='line_1_16' title="bbox 347 2093 1532 2188; baseline -0.007 -18"><span class='ocrx_word' id='word_1_122' title='bbox 347 2114 422 2176; x_wconf 83' lang='lat' dir='ltr'><strong>sunt</strong></span> <span class='ocrx_word' id='word_1_123' title='bbox 446 2113 551 2166; x_wconf 87' lang='lat' dir='ltr'><strong>tamen</strong></span> <span class='ocrx_word' id='word_1_124' title='bbox 574 2100 747 2188; x_wconf 76' lang='lat' dir='ltr'><strong>Theologi,</strong></span> <span class='ocrx_word' id='word_1_125' title='bbox 768 2100 821 2186; x_wconf 85' lang='lat' dir='ltr'><strong>qui</strong></span> <span class='ocrx_word' id='word_1_126' title='bbox 837 2102 1010 2166; x_wconf 89' lang='lat' dir='ltr'><strong>ostendere</strong></span> <span class='ocrx_word' id='word_1_127' title='bbox 1026 2093 1192 2175; x_wconf 85' lang='lat' dir='ltr'><strong>conantur,</strong></span> <span class='ocrx_word' id='word_1_128' title='bbox 1208 2102 1289 2165; x_wconf 88' lang='lat' dir='ltr'><strong>salso</strong></span> <span class='ocrx_word' id='word_1_129' title='bbox 1308 2099 1441 2165; x_wconf 88' lang='lat' dir='ltr'><strong>omniuo</strong></span> <span class='ocrx_word' id='word_1_130' title='bbox 1457 2097 1532 2163; x_wconf 89' lang='lat' dir='ltr'><strong>tanti</strong></span> 
     </span>
     <span class='ocr_line' id='line_1_17' title="bbox 348 2208 1532 2296; baseline -0.003 -20"><span class='ocrx_word' id='word_1_131' title='bbox 348 2208 454 2278; x_wconf 82' lang='lat' dir='ltr'><strong>Patris</strong></span> <span class='ocrx_word' id='word_1_132' title='bbox 473 2210 665 2276; x_wconf 87' lang='lat' dir='ltr'><strong>auctoritate</strong></span> <span class='ocrx_word' id='word_1_133' title='bbox 687 2209 821 2296; x_wconf 75' lang='lat' dir='ltr'><strong>gloriari</strong></span> <span class='ocrx_word' id='word_1_134' title='bbox 836 2210 1062 2285; x_wconf 82' lang='lat' dir='ltr'><strong>adversarios,</strong></span> <span class='ocrx_word' id='word_1_135' title='bbox 1079 2224 1112 2276; x_wconf 89' lang='lat' dir='ltr'><strong>et</strong></span> <span class='ocrx_word' id='word_1_136' title='bbox 1126 2209 1233 2274; x_wconf 90' lang='lat' dir='ltr'><strong>multis</strong></span> <span class='ocrx_word' id='word_1_137' title='bbox 1250 2208 1447 2274; x_wconf 80' lang='lat' dir='ltr'><strong>testimoniis</strong></span> <span class='ocrx_word' id='word_1_138' title='bbox 1462 2230 1532 2294; x_wconf 89' lang='lat' dir='ltr'><strong>pro·</strong></span> 
     </span>
     <span class='ocr_line' id='line_1_18' title="bbox 347 2316 1533 2405; baseline -0.003 -22"><span class='ocrx_word' id='word_1_139' title='bbox 347 2318 417 2383; x_wconf 89' lang='lat' dir='ltr'><strong>bari</strong></span> <span class='ocrx_word' id='word_1_140' title='bbox 441 2339 555 2403; x_wconf 88' lang='lat' dir='ltr'><strong>posse,</strong></span> <span class='ocrx_word' id='word_1_141' title='bbox 576 2338 648 2382; x_wconf 90' lang='lat' dir='ltr'><strong>eum</strong></span> <span class='ocrx_word' id='word_1_142' title='bbox 665 2338 737 2382; x_wconf 91' lang='lat' dir='ltr'><strong>cum</strong></span> <span class='ocrx_word' id='word_1_143' title='bbox 754 2319 793 2382; x_wconf 90' lang='lat' dir='ltr'><strong>de</strong></span> <span class='ocrx_word' id='word_1_144' title='bbox 809 2317 1101 2402; x_wconf 83' lang='lat' dir='ltr'><strong>praedestinatione</strong></span> <span class='ocrx_word' id='word_1_145' title='bbox 1118 2319 1157 2381; x_wconf 88' lang='lat' dir='ltr'><strong>ad</strong></span> <span class='ocrx_word' id='word_1_146' title='bbox 1173 2317 1309 2405; x_wconf 77' lang='lat' dir='ltr'><strong>gloriam</strong></span> <span class='ocrx_word' id='word_1_147' title='bbox 1329 2329 1463 2405; x_wconf 79' lang='lat' dir='ltr'><strong>ageret,</strong></span> <span class='ocrx_word' id='word_1_148' title='bbox 1493 2316 1533 2381; x_wconf 84' lang='lat' dir='ltr'><strong>ita</strong></span> 
     </span>
     <span class='ocr_line' id='line_1_19' title="bbox 346 2424 1534 2512; baseline -0.001 -22"><span class='ocrx_word' id='word_1_149' title='bbox 346 2426 592 2511; x_wconf 88' lang='lat' dir='ltr'><strong>praescientiam</strong></span> <span class='ocrx_word' id='word_1_150' title='bbox 610 2448 682 2492; x_wconf 91' lang='lat' dir='ltr'><strong>cum</strong></span> <span class='ocrx_word' id='word_1_151' title='bbox 698 2425 988 2511; x_wconf 86' lang='lat' dir='ltr'><strong>praedestinatione</strong></span> <span class='ocrx_word' id='word_1_152' title='bbox 1005 2426 1224 2512; x_wconf 87' lang='lat' dir='ltr'><strong>conjunxisse,</strong></span> <span class='ocrx_word' id='word_1_153' title='bbox 1240 2438 1275 2490; x_wconf 92' lang='lat' dir='ltr'><strong>ut</strong></span> <span class='ocrx_word' id='word_1_154' title='bbox 1288 2424 1534 2511; x_wconf 85' lang='lat' dir='ltr'><strong>praescientiam</strong></span> 
     </span>
     <span class='ocr_line' id='line_1_20' title="bbox 346 2534 1534 2622; baseline 0 -23"><span class='ocrx_word' id='word_1_155' title='bbox 346 2535 632 2620; x_wconf 88' lang='lat' dir='ltr'><strong>praedestinationi</strong></span> <span class='ocrx_word' id='word_1_156' title='bbox 646 2537 697 2600; x_wconf 89' lang='lat' dir='ltr'><strong>vel</strong></span> <span class='ocrx_word' id='word_1_157' title='bbox 712 2535 924 2620; x_wconf 86' lang='lat' dir='ltr'><strong>praemiserit,</strong></span> <span class='ocrx_word' id='word_1_158' title='bbox 939 2537 990 2600; x_wconf 89' lang='lat' dir='ltr'><strong>vel</strong></span> <span class='ocrx_word' id='word_1_159' title='bbox 1006 2537 1065 2602; x_wconf 90' lang='lat' dir='ltr'><strong>sub</strong></span> <span class='ocrx_word' id='word_1_160' title='bbox 1076 2535 1368 2622; x_wconf 87' lang='lat' dir='ltr'><strong>praedestinatione</strong></span> <span class='ocrx_word' id='word_1_161' title='bbox 1386 2534 1534 2620; x_wconf 82' lang='lat' dir='ltr'><strong>simplici</strong></span> 
     </span>
     <span class='ocr_line' id='line_1_21' title="bbox 348 2642 1535 2730; baseline 0 -22"><span class='ocrx_word' id='word_1_162' title='bbox 348 2656 397 2708; x_wconf 85' lang='lat' dir='ltr'><strong>ter</strong></span> <span class='ocrx_word' id='word_1_163' title='bbox 412 2642 660 2729; x_wconf 88' lang='lat' dir='ltr'><strong>praescientiam</strong></span> <span class='ocrx_word' id='word_1_164' title='bbox 675 2643 869 2710; x_wconf 85' lang='lat' dir='ltr'><strong>intellexerit</strong></span> <span class='ocrx_word' id='word_1_165' title='bbox 876 2646 912 2724; x_wconf 87' lang='lat'><strong>²).</strong></span> <span class='ocrx_word' id='word_1_166' title='bbox 939 2643 1088 2711; x_wconf 83' lang='lat' dir='ltr'><strong>Ceterum</strong></span> <span class='ocrx_word' id='word_1_167' title='bbox 1105 2644 1253 2730; x_wconf 89' lang='lat' dir='ltr'><strong>quidquid</strong></span> <span class='ocrx_word' id='word_1_168' title='bbox 1268 2643 1320 2719; x_wconf 83' lang='lat' dir='ltr'><strong>sit,</strong></span> <span class='ocrx_word' id='word_1_169' title='bbox 1338 2656 1463 2709; x_wconf 88' lang='lat' dir='ltr'><strong>certum</strong></span> <span class='ocrx_word' id='word_1_170' title='bbox 1479 2655 1535 2718; x_wconf 85' lang='lat' dir='ltr'><strong>est,</strong></span> 
     </span>
     <span class='ocr_line' id='line_1_22' title="bbox 348 2751 1536 2841; baseline -0.001 -23"><span class='ocrx_word' id='word_1_171' title='bbox 348 2751 443 2819; x_wconf 90' lang='lat' dir='ltr'><strong>etiam</strong></span> <span class='ocrx_word' id='word_1_172' title='bbox 464 2763 541 2839; x_wconf 92' lang='lat' dir='ltr'><strong>post</strong></span> <span class='ocrx_word' id='word_1_173' title='bbox 564 2752 776 2841; x_wconf 77' lang='lat' dir='ltr'><strong>Augustinum</strong></span> <span class='ocrx_word' id='word_1_174' title='bbox 791 2753 939 2820; x_wconf 86' lang='lat' dir='ltr'><strong>Patribus</strong></span> <span class='ocrx_word' id='word_1_175' title='bbox 957 2755 1088 2820; x_wconf 87' lang='lat' dir='ltr'><strong>eandem</strong></span> <span class='ocrx_word' id='word_1_176' title='bbox 1105 2752 1294 2820; x_wconf 87' lang='lat' dir='ltr'><strong>sententiam</strong></span> <span class='ocrx_word' id='word_1_177' title='bbox 1311 2774 1348 2819; x_wconf 91' lang='lat' dir='ltr'><strong>ac</strong></span> <span class='ocrx_word' id='word_1_178' title='bbox 1364 2752 1536 2838; x_wconf 86' lang='lat' dir='ltr'><strong>prioribus,</strong></span> 
     </span>
     <span class='ocr_line' id='line_1_23' title="bbox 348 2862 1535 2955; baseline 0 -28"><span class='ocrx_word' id='word_1_179' title='bbox 348 2862 598 2927; x_wconf 89' lang='lat' dir='ltr'><strong>conditionatam</strong></span> <span class='ocrx_word' id='word_1_180' title='bbox 628 2862 776 2927; x_wconf 90' lang='lat' dir='ltr'><strong>nimirum</strong></span> <span class='ocrx_word' id='word_1_181' title='bbox 798 2884 871 2955; x_wconf 89' lang='lat' dir='ltr'><strong>esse</strong></span> <span class='ocrx_word' id='word_1_182' title='bbox 898 2863 1237 2948; x_wconf 85' lang='lat' dir='ltr'><strong>praedestinationem,</strong></span> <span class='ocrx_word' id='word_1_183' title='bbox 1260 2884 1325 2926; x_wconf 89' lang='lat' dir='ltr'><strong>non</strong></span> <span class='ocrx_word' id='word_1_184' title='bbox 1346 2865 1535 2934; x_wconf 86' lang='lat' dir='ltr'><strong>absolutam,</strong></span> 
     </span>
     <span class='ocr_line' id='line_1_24' title="bbox 349 2971 1535 3061; baseline -0.001 -24"><span class='ocrx_word' id='word_1_185' title='bbox 349 2971 1073 3061; x_wconf 82' lang='lat' dir='ltr'><strong>inhaesisse,utinominatimFulgeutio³),B</strong></span> <span class='ocrx_word' id='word_1_186' title='bbox 1084 2975 1293 3056; x_wconf 83' lang='lat' dir='ltr'><strong>eruardo⁴),</strong></span> <span class='ocrx_word' id='word_1_187' title='bbox 1309 2974 1535 3050; x_wconf 81' lang='lat' dir='ltr'><strong>Anselmo⁵),</strong></span> 
     </span>
     <span class='ocr_line' id='line_1_25' title="bbox 350 3080 1535 3168; baseline -0.003 -22"><span class='ocrx_word' id='word_1_188' title='bbox 350 3083 702 3162; x_wconf 80' lang='lat' dir='ltr'><strong>Bonavcnturae⁸);</strong></span> <span class='ocrx_word' id='word_1_189' title='bbox 743 3093 836 3168; x_wconf 89' lang='lat' dir='ltr'><strong>atque</strong></span> <span class='ocrx_word' id='word_1_190' title='bbox 873 3081 1115 3148; x_wconf 83' lang='lat' dir='ltr'><strong>Franciscus</strong></span> <span class='ocrx_word' id='word_1_191' title='bbox 1154 3081 1332 3147; x_wconf 86' lang='lat' dir='ltr'><strong>Salesius</strong></span> <span class='ocrx_word' id='word_1_192' title='bbox 1373 3080 1428 3158; x_wconf 91' lang='lat' dir='ltr'><strong>ait,</strong></span> <span class='ocrx_word' id='word_1_193' title='bbox 1459 3104 1535 3144; x_wconf 79' lang='lat' dir='ltr'><strong>een·</strong></span> 
     </span>
     <span class='ocr_line' id='line_1_26' title="bbox 351 3191 1534 3273; baseline -0.001 -19"><span class='ocrx_word' id='word_1_194' title='bbox 351 3199 482 3254; x_wconf 62' lang='lat' dir='ltr'><strong>tertiam</strong></span> <span class='ocrx_word' id='word_1_195' title='bbox 492 3192 584 3252; x_wconf 84' lang='lat' dir='ltr'><strong>illam</strong></span> <span class='ocrx_word' id='word_1_196' title='bbox 596 3198 797 3273; x_wconf 74' lang='lat' dir='ltr'><strong>antiquitate,</strong></span> <span class='ocrx_word' id='word_1_197' title='bbox 807 3199 981 3271; x_wconf 72' lang='lat' dir='ltr'><strong>suavitate,</strong></span> <span class='ocrx_word' id='word_1_198' title='bbox 995 3191 1294 3273; x_wconf 78' lang='lat' dir='ltr'><strong>acScriptararum</strong></span> <span class='ocrx_word' id='word_1_199' title='bbox 1301 3201 1418 3254; x_wconf 80' lang='lat' dir='ltr'><strong>nativa</strong></span> <span class='ocrx_word' id='word_1_200' title='bbox 1427 3200 1534 3254; x_wconf 84' lang='lat' dir='ltr'><strong>aucto·</strong></span> 
     </span>
     <span class='ocr_line' id='line_1_27' title="bbox 350 3302 1536 3383; baseline 0.002 -23"><span class='ocrx_word' id='word_1_201' title='bbox 350 3307 450 3361; x_wconf 88' lang='lat' dir='ltr'><strong>ritate</strong></span> <span class='ocrx_word' id='word_1_202' title='bbox 470 3320 543 3361; x_wconf 82' lang='lat' dir='ltr'><strong>esee</strong></span> <span class='ocrx_word' id='word_1_203' title='bbox 565 3302 819 3373; x_wconf 78' lang='lat' dir='ltr'><strong>nobilissimam,</strong></span> <span class='ocrx_word' id='word_1_204' title='bbox 841 3321 976 3383; x_wconf 81' lang='lat' dir='ltr'><strong>eamque</strong></span> <span class='ocrx_word' id='word_1_205' title='bbox 996 3322 1032 3362; x_wconf 82' lang='lat' dir='ltr'><strong>se</strong></span> <span class='ocrx_word' id='word_1_206' title='bbox 1053 3308 1262 3365; x_wconf 66' lang='lat' dir='ltr'><strong>samtimaeae</strong></span> <span class='ocrx_word' id='word_1_207' title='bbox 1280 3322 1410 3382; x_wconf 76' lang='lat' dir='ltr'><strong>emper</strong></span> <span class='ocrx_word' id='word_1_208' title='bbox 1426 3308 1467 3363; x_wconf 82' lang='lat' dir='ltr'><strong>ut</strong></span> <span class='ocrx_word' id='word_1_209' title='bbox 1479 3302 1536 3362; x_wconf 70' lang='lat' dir='ltr'><strong>aa</strong></span> 
     </span>
     <span class='ocr_line' id='line_1_28' title="bbox 350 3413 1534 3488; baseline 0.003 -18"><span class='ocrx_word' id='word_1_210' title='bbox 350 3413 596 3473; x_wconf 77' lang='lat' dir='ltr'><strong>misericordiae</strong></span> <span class='ocrx_word' id='word_1_211' title='bbox 612 3432 652 3471; x_wconf 85' lang='lat' dir='ltr'><strong>uc</strong></span> <span class='ocrx_word' id='word_1_212' title='bbox 664 3417 795 3488; x_wconf 81' lang='lat' dir='ltr'><strong>pratiae</strong></span> <span class='ocrx_word' id='word_1_213' title='bbox 810 3418 914 3488; x_wconf 63' lang='lat' dir='ltr'><strong>macie</strong></span> <span class='ocrx_word' id='word_1_214' title='bbox 929 3419 1190 3484; x_wconf 77' lang='lat' dir='ltr'><strong>comeataaeam,</strong></span> <span class='ocrx_word' id='word_1_215' title='bbox 1207 3419 1368 3474; x_wconf 83' lang='lat' dir='ltr'><strong>aeriorem</strong></span> <span class='ocrx_word' id='word_1_216' title='bbox 1386 3433 1426 3473; x_wconf 84' lang='lat' dir='ltr'><strong>ac</strong></span> <span class='ocrx_word' id='word_1_217' title='bbox 1443 3432 1534 3474; x_wconf 72' lang='lat' dir='ltr'><strong>ame·</strong></span> 
     </span>
     <span class='ocr_line' id='line_1_29' title="bbox 352 3519 544 3600; baseline 0.016 -22"><span class='ocrx_word' id='word_1_218' title='bbox 352 3519 499 3600; x_wconf 70' lang='lat' dir='ltr'><strong>ditiorem</strong></span> <span class='ocrx_word' id='word_1_219' title='bbox 509 3519 544 3597; x_wconf 80' lang='lat'><strong>⁷).</strong></span> 
     </span>
    </p>
   </div>
   <div class='ocr_carea' id='block_1_4' title="bbox 352 3660 1535 4077">
    <p class='ocr_par' dir='ltr' id='par_1_4' title="bbox 352 3660 1535 4077">
     <span class='ocr_line' id='line_1_30' title="bbox 463 3660 1535 3747; baseline 0.007 -24"><span class='ocrx_word' id='word_1_220' title='bbox 463 3662 499 3724; x_wconf 81' lang='grc'><strong>0.</strong></span> <span class='ocrx_word' id='word_1_221' title='bbox 516 3660 584 3725; x_wconf 89' lang='lat' dir='ltr'><strong>Nec</strong></span> <span class='ocrx_word' id='word_1_222' title='bbox 600 3682 663 3725; x_wconf 91' lang='lat' dir='ltr'><strong>uon</strong></span> <span class='ocrx_word' id='word_1_223' title='bbox 679 3661 750 3747; x_wconf 91' lang='lat' dir='ltr'><strong>ipsa</strong></span> <span class='ocrx_word' id='word_1_224' title='bbox 765 3663 916 3727; x_wconf 88' lang='lat' dir='ltr'><strong>Ecclesia</strong></span> <span class='ocrx_word' id='word_1_225' title='bbox 929 3675 979 3728; x_wconf 90' lang='lat' dir='ltr'><strong>sat</strong></span> <span class='ocrx_word' id='word_1_226' title='bbox 996 3664 1081 3728; x_wconf 87' lang='lat' dir='ltr'><strong>clare</strong></span> <span class='ocrx_word' id='word_1_227' title='bbox 1097 3663 1252 3739; x_wconf 88' lang='lat' dir='ltr'><strong>enuntiat,</strong></span> <span class='ocrx_word' id='word_1_228' title='bbox 1269 3663 1330 3728; x_wconf 92' lang='lat' dir='ltr'><strong>sibi</strong></span> <span class='ocrx_word' id='word_1_229' title='bbox 1347 3665 1535 3730; x_wconf 86' lang='lat' dir='ltr'><strong>sententiam</strong></span> 
     </span>
     <span class='ocr_line' id='line_1_31' title="bbox 353 3767 1535 3859; baseline 0.006 -26"><span class='ocrx_word' id='word_1_230' title='bbox 353 3769 393 3833; x_wconf 92' lang='lat' dir='ltr'><strong>de</strong></span> <span class='ocrx_word' id='word_1_231' title='bbox 412 3767 703 3854; x_wconf 86' lang='lat' dir='ltr'><strong>praedestinatione</strong></span> <span class='ocrx_word' id='word_1_232' title='bbox 733 3784 808 3856; x_wconf 88' lang='lat' dir='ltr'><strong>post</strong></span> <span class='ocrx_word' id='word_1_233' title='bbox 828 3772 976 3857; x_wconf 84' lang='lat' dir='ltr'><strong>praevisa</strong></span> <span class='ocrx_word' id='word_1_234' title='bbox 996 3772 1108 3839; x_wconf 90' lang='lat' dir='ltr'><strong>merita</strong></span> <span class='ocrx_word' id='word_1_235' title='bbox 1128 3793 1205 3858; x_wconf 88' lang='lat' dir='ltr'><strong>prae</strong></span> <span class='ocrx_word' id='word_1_236' title='bbox 1227 3771 1378 3859; x_wconf 90' lang='lat' dir='ltr'><strong>opposita</strong></span> <span class='ocrx_word' id='word_1_237' title='bbox 1399 3772 1535 3858; x_wconf 76' lang='lat' dir='ltr'><strong>probari,</strong></span> 
     </span>
     <span class='ocr_line' id='line_1_32' title="bbox 352 3879 1533 3966; baseline 0.004 -24"><span class='ocrx_word' id='word_1_238' title='bbox 352 3879 425 3942; x_wconf 87' lang='lat' dir='ltr'><strong>dum</strong></span> <span class='ocrx_word' id='word_1_239' title='bbox 442 3891 529 3944; x_wconf 89' lang='lat' dir='ltr'><strong>orat:</strong></span> <span class='ocrx_word' id='word_1_240' title='bbox 556 3879 764 3963; x_wconf 83' lang='lat' dir='ltr'><strong>Omnipotens</strong></span> <span class='ocrx_word' id='word_1_241' title='bbox 779 3891 972 3964; x_wconf 78' lang='lat' dir='ltr'><strong>sempiterne</strong></span> <span class='ocrx_word' id='word_1_242' title='bbox 987 3885 1091 3963; x_wconf 81' lang='lat' dir='ltr'><strong>Deua,</strong></span> <span class='ocrx_word' id='word_1_243' title='bbox 1111 3889 1325 3966; x_wconf 78' lang='lat' dir='ltr'><strong>patrinorum</strong></span> <span class='ocrx_word' id='word_1_244' title='bbox 1343 3886 1533 3964; x_wconf 74' lang='lat' dir='ltr'><strong>dominaris,</strong></span> 
     </span>
     <span class='ocr_line' id='line_1_33' title="bbox 352 3997 1533 4077; baseline 0.007 -27"><span class='ocrx_word' id='word_1_245' title='bbox 352 3998 384 4051; x_wconf 85' lang='lat' dir='ltr'><strong>et</strong></span> <span class='ocrx_word' id='word_1_246' title='bbox 396 3998 615 4070; x_wconf 83' lang='lat' dir='ltr'><strong>mortuoram,</strong></span> <span class='ocrx_word' id='word_1_247' title='bbox 635 3998 840 4074; x_wconf 83' lang='lat' dir='ltr'><strong>omniumque</strong></span> <span class='ocrx_word' id='word_1_248' title='bbox 855 4000 1031 4070; x_wconf 75' lang='lat' dir='ltr'><strong>misereris,</strong></span> <span class='ocrx_word' id='word_1_249' title='bbox 1049 4015 1131 4076; x_wconf 82' lang='lat' dir='ltr'><strong>qnos</strong></span> <span class='ocrx_word' id='word_1_250' title='bbox 1148 4001 1223 4056; x_wconf 82' lang='lat' dir='ltr'><strong>tuos</strong></span> <span class='ocrx_word' id='word_1_251' title='bbox 1235 3997 1300 4074; x_wconf 79' lang='lat' dir='ltr'><strong>fide</strong></span> <span class='ocrx_word' id='word_1_252' title='bbox 1316 4002 1350 4057; x_wconf 86' lang='lat' dir='ltr'><strong>et</strong></span> <span class='ocrx_word' id='word_1_253' title='bbox 1365 4016 1466 4077; x_wconf 80' lang='lat' dir='ltr'><strong>opere</strong></span> <span class='ocrx_word' id='word_1_254' title='bbox 1478 4000 1533 4077; x_wconf 79' lang='lat' dir='ltr'><strong>sa·</strong></span> 
     </span>
    </p>
   </div>
   <div class='ocr_carea' id='block_1_5' title="bbox 350 4178 567 4195">
    <p class='ocr_par' dir='ltr' id='par_1_5' title="bbox 350 4178 567 4195">
     <span class='ocr_line' id='line_1_34' title="bbox 350 4178 567 4195; baseline 0.018 -4"><span class='ocrx_word' id='word_1_255' title='bbox 350 4178 567 4195; x_wconf 48' lang='lat' dir='ltr'><strong>m</strong></span> 
     </span>
    </p>
   </div>
   <div class='ocr_carea' id='block_1_6' title="bbox 352 4284 1532 4735">
    <p class='ocr_par' dir='ltr' id='par_1_6' title="bbox 352 4284 1532 4735">
     <span class='ocr_line' id='line_1_35' title="bbox 459 4284 1532 4370; baseline 0.007 -28"><span class='ocrx_word' id='word_1_256' title='bbox 459 4284 486 4359; x_wconf 85' lang='lat'><strong>¹)</strong></span> <span class='ocrx_word' id='word_1_257' title='bbox 507 4286 555 4343; x_wconf 89' lang='lat' dir='ltr'><strong>De</strong></span> <span class='ocrx_word' id='word_1_258' title='bbox 574 4304 620 4361; x_wconf 78' lang='lat' dir='ltr'><strong>pr.</strong></span> <span class='ocrx_word' id='word_1_259' title='bbox 647 4291 674 4344; x_wconf 87' lang='lat' dir='ltr'><strong>et</strong></span> <span class='ocrx_word' id='word_1_260' title='bbox 696 4284 746 4348; x_wconf 85' lang='lat' dir='ltr'><strong>lib.</strong></span> <span class='ocrx_word' id='word_1_261' title='bbox 771 4287 834 4344; x_wconf 87' lang='lat' dir='ltr'><strong>arb.</strong></span> <span class='ocrx_word' id='word_1_262' title='bbox 857 4307 880 4348; x_wconf 90' lang='lat' dir='ltr'><strong>c.</strong></span> <span class='ocrx_word' id='word_1_263' title='bbox 903 4289 931 4348; x_wconf 82' lang='lat'><strong>6.</strong></span> <span class='ocrx_word' id='word_1_264' title='bbox 953 4308 982 4345; x_wconf 85' lang='lat' dir='ltr'><strong>a.</strong></span> <span class='ocrx_word' id='word_1_265' title='bbox 1007 4290 1056 4348; x_wconf 71' lang='lat'><strong>15.</strong></span> <span class='ocrx_word' id='word_1_266' title='bbox 1090 4288 1127 4350; x_wconf 83' lang='grc' dir='ltr'><strong>Τ.</strong></span> <span class='ocrx_word' id='word_1_267' title='bbox 1145 4285 1198 4351; x_wconf 90' lang='grc'><strong>10.</strong></span> <span class='ocrx_word' id='word_1_268' title='bbox 1215 4308 1240 4348; x_wconf 88' lang='lat' dir='ltr'><strong>c.</strong></span> <span class='ocrx_word' id='word_1_269' title='bbox 1259 4284 1335 4349; x_wconf 81' lang='grc'><strong>725.</strong></span> <span class='ocrx_word' id='word_1_270' title='bbox 1371 4323 1412 4334; x_wconf 89' lang='lat'>-</span> <span class='ocrx_word' id='word_1_271' title='bbox 1448 4288 1532 4370; x_wconf 64' lang='grc'><strong>1)(11.</strong></span> 
     </span>
     <span class='ocr_line' id='line_1_36' title="bbox 354 4370 1532 4459; baseline 0.011 -31"><span class='ocrx_word' id='word_1_272' title='bbox 354 4370 527 4433; x_wconf 79' lang='lat' dir='ltr'><strong>Tournci</strong></span> <span class='ocrx_word' id='word_1_273' title='bbox 547 4374 636 4436; x_wconf 79' lang='lat' dir='ltr'><strong>Oura.</strong></span> <span class='ocrx_word' id='word_1_274' title='bbox 654 4377 737 4437; x_wconf 82' lang='lat' dir='ltr'><strong>tteot.</strong></span> <span class='ocrx_word' id='word_1_275' title='bbox 754 4377 802 4434; x_wconf 92' lang='lat' dir='ltr'><strong>De</strong></span> <span class='ocrx_word' id='word_1_276' title='bbox 818 4378 860 4438; x_wconf 89' lang='lat' dir='ltr'><strong>D.</strong></span> <span class='ocrx_word' id='word_1_277' title='bbox 877 4384 905 4435; x_wconf 89' lang='lat' dir='ltr'><strong>et</strong></span> <span class='ocrx_word' id='word_1_278' title='bbox 919 4377 980 4436; x_wconf 81' lang='lat' dir='ltr'><strong>div.</strong></span> <span class='ocrx_word' id='word_1_279' title='bbox 999 4377 1098 4438; x_wconf 83' lang='lat' dir='ltr'><strong>attrib.</strong></span> <span class='ocrx_word' id='word_1_280' title='bbox 1117 4398 1144 4454; x_wconf 82' lang='lat' dir='ltr'><strong>q.</strong></span> <span class='ocrx_word' id='word_1_281' title='bbox 1163 4382 1213 4440; x_wconf 81' lang='lat'><strong>22.</strong></span> <span class='ocrx_word' id='word_1_282' title='bbox 1231 4386 1288 4438; x_wconf 82' lang='lat' dir='ltr'><strong>art.</strong></span> <span class='ocrx_word' id='word_1_283' title='bbox 1305 4381 1337 4439; x_wconf 83' lang='lat'><strong>3.</strong></span> <span class='ocrx_word' id='word_1_284' title='bbox 1357 4379 1424 4442; x_wconf 81' lang='lat'><strong>001.</strong></span> <span class='ocrx_word' id='word_1_285' title='bbox 1435 4378 1532 4459; x_wconf 78' lang='lat' dir='ltr'><strong>Agrip.</strong></span> 
     </span>
     <span class='ocr_line' id='line_1_37' title="bbox 356 4458 1531 4548; baseline 0.008 -27"><span class='ocrx_word' id='word_1_286' title='bbox 356 4458 452 4522; x_wconf 78' lang='grc'><strong>1752.</strong></span> <span class='ocrx_word' id='word_1_287' title='bbox 488 4464 527 4528; x_wconf 82' lang='grc' dir='ltr'><strong>Τ.</strong></span> <span class='ocrx_word' id='word_1_288' title='bbox 547 4464 574 4526; x_wconf 93' lang='grc'><strong>1.</strong></span> <span class='ocrx_word' id='word_1_289' title='bbox 593 4463 645 4546; x_wconf 68' lang='lat' dir='ltr'><strong>pa</strong></span> <span class='ocrx_word' id='word_1_290' title='bbox 657 4462 700 4527; x_wconf 87' lang='lat'><strong>43</strong></span> <span class='ocrx_word' id='word_1_291' title='bbox 718 4485 759 4527; x_wconf 91' lang='lat' dir='ltr'><strong>ss.</strong></span> <span class='ocrx_word' id='word_1_292' title='bbox 792 4501 837 4512; x_wconf 96' lang='lat'>—</span> <span class='ocrx_word' id='word_1_293' title='bbox 869 4468 896 4546; x_wconf 74' lang='lat'><strong>³)</strong></span> <span class='ocrx_word' id='word_1_294' title='bbox 913 4470 961 4526; x_wconf 86' lang='lat' dir='ltr'><strong>De</strong></span> <span class='ocrx_word' id='word_1_295' title='bbox 977 4471 1115 4530; x_wconf 82' lang='lat' dir='ltr'><strong>concord.</strong></span> <span class='ocrx_word' id='word_1_296' title='bbox 1127 4488 1247 4544; x_wconf 81' lang='lat' dir='ltr'><strong>praesc.</strong></span> <span class='ocrx_word' id='word_1_297' title='bbox 1264 4490 1288 4531; x_wconf 92' lang='lat' dir='ltr'><strong>c.</strong></span> <span class='ocrx_word' id='word_1_298' title='bbox 1306 4470 1360 4533; x_wconf 80' lang='lat' dir='ltr'><strong>tit.</strong></span> <span class='ocrx_word' id='word_1_299' title='bbox 1382 4473 1450 4534; x_wconf 81' lang='lat' dir='ltr'><strong>orb.</strong></span> <span class='ocrx_word' id='word_1_300' title='bbox 1468 4491 1494 4548; x_wconf 82' lang='lat' dir='ltr'><strong>q.</strong></span> <span class='ocrx_word' id='word_1_301' title='bbox 1509 4473 1531 4530; x_wconf 81' lang='lat'><strong>2.</strong></span> 
     </span>
     <span class='ocr_line' id='line_1_38' title="bbox 352 4551 1530 4641; baseline 0.013 -31"><span class='ocrx_word' id='word_1_302' title='bbox 352 4573 377 4610; x_wconf 91' lang='lat' dir='ltr'><strong>c.</strong></span> <span class='ocrx_word' id='word_1_303' title='bbox 393 4555 423 4612; x_wconf 83' lang='lat'><strong>3.</strong></span> <span class='ocrx_word' id='word_1_304' title='bbox 456 4551 536 4635; x_wconf 90' lang='lat' dir='ltr'><strong>Opp.</strong></span> <span class='ocrx_word' id='word_1_305' title='bbox 562 4578 592 4636; x_wconf 89' lang='lat' dir='ltr'><strong>p.</strong></span> <span class='ocrx_word' id='word_1_306' title='bbox 621 4553 694 4617; x_wconf 78' lang='grc'><strong>127.</strong></span> <span class='ocrx_word' id='word_1_307' title='bbox 730 4592 769 4602; x_wconf 91' lang='grc'>-</span> <span class='ocrx_word' id='word_1_308' title='bbox 801 4558 828 4638; x_wconf 84' lang='lat'><strong>⁴)</strong></span> <span class='ocrx_word' id='word_1_309' title='bbox 844 4558 894 4616; x_wconf 80' lang='lat' dir='ltr'><strong>Aa</strong></span> <span class='ocrx_word' id='word_1_310' title='bbox 909 4558 1034 4619; x_wconf 74' lang='lat' dir='ltr'><strong>Moatra.</strong></span> <span class='ocrx_word' id='word_1_311' title='bbox 1053 4561 1072 4619; x_wconf 92' lang='lat' dir='ltr'><strong>l.</strong></span> <span class='ocrx_word' id='word_1_312' title='bbox 1091 4562 1120 4620; x_wconf 88' lang='lat'><strong>1.</strong></span> <span class='ocrx_word' id='word_1_313' title='bbox 1138 4581 1161 4622; x_wconf 93' lang='lat' dir='ltr'><strong>c.</strong></span> <span class='ocrx_word' id='word_1_314' title='bbox 1179 4563 1227 4622; x_wconf 80' lang='lat'><strong>24.</strong></span> <span class='ocrx_word' id='word_1_315' title='bbox 1260 4558 1342 4641; x_wconf 91' lang='lat' dir='ltr'><strong>Opp.</strong></span> <span class='ocrx_word' id='word_1_316' title='bbox 1360 4583 1391 4640; x_wconf 87' lang='lat' dir='ltr'><strong>p.</strong></span> <span class='ocrx_word' id='word_1_317' title='bbox 1412 4559 1465 4624; x_wconf 87' lang='lat'><strong>19.</strong></span> <span class='ocrx_word' id='word_1_318' title='bbox 1495 4594 1530 4607; x_wconf 90' lang='lat'><strong>-·</strong></span> 
     </span>
     <span class='ocr_line' id='line_1_39' title="bbox 354 4642 1528 4735; baseline 0.004 -31"><span class='ocrx_word' id='word_1_319' title='bbox 354 4642 492 4722; x_wconf 73' lang='lat' dir='ltr'><strong>⁶)Serm.</strong></span> <span class='ocrx_word' id='word_1_320' title='bbox 511 4648 560 4706; x_wconf 83' lang='lat'><strong>23.</strong></span> <span class='ocrx_word' id='word_1_321' title='bbox 577 4647 611 4706; x_wconf 84' lang='lat' dir='ltr'><strong>in</strong></span> <span class='ocrx_word' id='word_1_322' title='bbox 629 4648 714 4708; x_wconf 74' lang='lat' dir='ltr'><strong>Cant.</strong></span> <span class='ocrx_word' id='word_1_323' title='bbox 747 4647 825 4728; x_wconf 89' lang='lat' dir='ltr'><strong>Opp.</strong></span> <span class='ocrx_word' id='word_1_324' title='bbox 845 4644 883 4710; x_wconf 84' lang='grc' dir='ltr'><strong>Τ.</strong></span> <span class='ocrx_word' id='word_1_325' title='bbox 901 4645 932 4711; x_wconf 89' lang='grc'><strong>4.</strong></span> <span class='ocrx_word' id='word_1_326' title='bbox 950 4670 975 4710; x_wconf 92' lang='lat' dir='ltr'><strong>c.</strong></span> <span class='ocrx_word' id='word_1_327' title='bbox 993 4646 1091 4711; x_wconf 84' lang='lat'><strong>1350.</strong></span> <span class='ocrx_word' id='word_1_328' title='bbox 1125 4685 1166 4697; x_wconf 87' lang='lat'><em>-</em></span> <span class='ocrx_word' id='word_1_329' title='bbox 1199 4657 1225 4735; x_wconf 68' lang='grc' dir='ltr'><strong>θ)</strong></span> <span class='ocrx_word' id='word_1_330' title='bbox 1247 4653 1284 4713; x_wconf 86' lang='lat' dir='ltr'><strong>L.</strong></span> <span class='ocrx_word' id='word_1_331' title='bbox 1302 4654 1334 4715; x_wconf 82' lang='lat'><strong>1.</strong></span> <span class='ocrx_word' id='word_1_332' title='bbox 1351 4660 1428 4715; x_wconf 82' lang='lat' dir='ltr'><strong>sent.</strong></span> <span class='ocrx_word' id='word_1_333' title='bbox 1444 4656 1473 4713; x_wconf 83' lang='lat' dir='ltr'><strong>d.</strong></span> <span class='ocrx_word' id='word_1_334' title='bbox 1488 4654 1528 4712; x_wconf 76' lang='lat'><strong>41.</strong></span> 
     </span>
    </p>
   </div>
   <div class='ocr_carea' id='block_1_7' title="bbox 352 4733 1526 4907">
    <p class='ocr_par' dir='ltr' id='par_1_7' title="bbox 352 4733 1526 4907">
     <span class='ocr_line' id='line_1_40' title="bbox 352 4733 1526 4822; baseline 0.012 -30"><span class='ocrx_word' id='word_1_335' title='bbox 352 4740 409 4795; x_wconf 88' lang='lat' dir='ltr'><strong>art.</strong></span> <span class='ocrx_word' id='word_1_336' title='bbox 428 4738 455 4797; x_wconf 85' lang='lat'><strong>1.</strong></span> <span class='ocrx_word' id='word_1_337' title='bbox 474 4756 501 4813; x_wconf 78' lang='lat' dir='ltr'><strong>q.</strong></span> <span class='ocrx_word' id='word_1_338' title='bbox 519 4739 546 4796; x_wconf 85' lang='lat'><strong>2.</strong></span> <span class='ocrx_word' id='word_1_339' title='bbox 565 4738 641 4816; x_wconf 82' lang='lat' dir='ltr'><strong>opp.</strong></span> <span class='ocrx_word' id='word_1_340' title='bbox 657 4740 736 4798; x_wconf 87' lang='lat' dir='ltr'><strong>Veu.</strong></span> <span class='ocrx_word' id='word_1_341' title='bbox 757 4733 840 4799; x_wconf 82' lang='grc'><strong>1751</strong></span> <span class='ocrx_word' id='word_1_342' title='bbox 859 4774 902 4785; x_wconf 96' lang='grc'>-</span> <span class='ocrx_word' id='word_1_343' title='bbox 918 4737 949 4801; x_wconf 83' lang='grc'><strong>5.</strong></span> <span class='ocrx_word' id='word_1_344' title='bbox 967 4745 1004 4802; x_wconf 82' lang='grc' dir='ltr'><strong>Τ.</strong></span> <span class='ocrx_word' id='word_1_345' title='bbox 1023 4738 1052 4801; x_wconf 93' lang='grc'><strong>1.</strong></span> <span class='ocrx_word' id='word_1_346' title='bbox 1068 4761 1096 4818; x_wconf 92' lang='lat' dir='ltr'><strong>p.</strong></span> <span class='ocrx_word' id='word_1_347' title='bbox 1114 4737 1190 4804; x_wconf 86' lang='grc'><strong>965.</strong></span> <span class='ocrx_word' id='word_1_348' title='bbox 1209 4776 1250 4792; x_wconf 57' lang='grc' dir='ltr'><strong>ψ·-</strong></span> <span class='ocrx_word' id='word_1_349' title='bbox 1271 4742 1295 4822; x_wconf 79' lang='lat'><strong>⁷)</strong></span> <span class='ocrx_word' id='word_1_350' title='bbox 1311 4744 1373 4821; x_wconf 71' lang='lat' dir='ltr'><strong>Dp.</strong></span> <span class='ocrx_word' id='word_1_351' title='bbox 1391 4747 1435 4805; x_wconf 78' lang='lat' dir='ltr'><strong>ud</strong></span> <span class='ocrx_word' id='word_1_352' title='bbox 1450 4746 1526 4805; x_wconf 73' lang='lat' dir='ltr'><strong>Lim</strong></span> 
     </span>
     <span class='ocr_line' id='line_1_41' title="bbox 352 4823 799 4907; baseline 0.018 -25"><span class='ocrx_word' id='word_1_353' title='bbox 352 4823 438 4888; x_wconf 80' lang='lat' dir='ltr'><strong>Lesa.</strong></span> <span class='ocrx_word' id='word_1_354' title='bbox 455 4829 483 4886; x_wconf 82' lang='lat' dir='ltr'><strong>d.</strong></span> <span class='ocrx_word' id='word_1_355' title='bbox 501 4829 531 4887; x_wconf 80' lang='lat' dir='ltr'><strong>d.</strong></span> <span class='ocrx_word' id='word_1_356' title='bbox 549 4824 600 4889; x_wconf 82' lang='lat'><strong>26.</strong></span> <span class='ocrx_word' id='word_1_357' title='bbox 617 4829 693 4907; x_wconf 65' lang='lat' dir='ltr'><strong>aoy.</strong></span> <span class='ocrx_word' id='word_1_358' title='bbox 711 4831 799 4893; x_wconf 82' lang='lat'><strong><em>1618.</em></strong></span> 
     </span>
    </p>
   </div>
   <div class='ocr_carea' id='block_1_8' title="bbox 0 0 1906 5625">
    <p class='ocr_par' dir='ltr' id='par_1_8' title="bbox 0 0 1906 5625">
     <span class='ocr_line' id='line_1_42' title="bbox 0 0 1906 5625; baseline 0 0"><span class='ocrx_word' id='word_1_359' title='bbox 0 0 1906 5625; x_wconf 95' lang='lat' dir='ltr'><strong> </strong></span> 
     </span>
    </p>
   </div>
  </div>
 </body>
</html>
