3775 5625
353 431 419 499 212

312 598 315 606 “
353 600 423 681 ejus
439 596 601 661 involvere
619 597 836 661 contemtum?
867 597 973 660 Verba
988 594 1073 660 enim
1089 595 1189 670 Vatis,
1206 595 1319 681 quibus
1335 595 1466 661 nomine
1479 598 1523 662 Dn‘

352 706 391 768 de
412 704 486 769 liliis
512 706 610 770 lsrael
626 718 658 769 et
673 706 765 779 duda,
780 705 812 768 iu
828 704 1041 769 idololatriam
1058 704 1207 789 delapsio,
1230 704 1454 790 conqueriturz
1471 709 1523 770 (ll-

351 824 538 895 stupescite,
558 818 651 894 coeli,
669 837 769 895 super
785 822 857 894 doe,
876 824 910 877 et
919 824 1038 895 portae
1054 820 1139 893 qus,
1158 818 1353 877 desolamini
1367 823 1523 879 eebemen·

352 933 414 1005 ter,
433 929 512 987 dicit
524 927 696 987 Donninue.
728 928 802 986 Duo
820 932 904 988 enim
920 926 1010 986 mala
1024 929 1108 1003 feeit
1117 926 1262 1005 populus
1277 946 1387 987 meae:
1404 926 1523 989 Mede·

350 1037 556 1116 reliquerunt
566 1040 692 1114 fontem
710 1055 815 1116 aquae
830 1042 932 1113 eleae,
951 1042 984 1095 et
995 1036 1157 1112 foderunt
1170 1037 1232 1094 siba*
1254 1042 1421 1097 alaternus
1436 1039 1523 1097 doet-

346 1152 458 1223 putua,
477 1165 561 1225 quoe
577 1151 741 1205 continere
757 1164 823 1204 non
838 1146 949 1204 calent
964 1164 1069 1225 aquea
1087 1147 1127 1223 ¹),
1147 1178 1191 1189 —-
1207 1144 1246 1205 ad
1267 1142 1403 1227 quodvis
1425 1163 1523 1227 pecca

349 1264 414 1314 tum
439 1251 589 1336 adplicari
612 1264 757 1335 possunt,
780 1252 853 1315 dum
876 1251 979 1315 omnis
1001 1272 1138 1335 peccans
1166 1264 1275 1335 spreto
1299 1252 1392 1315 Rono
1414 1252 1523 1318 inlinit(

348 1363 467 1425 bonum
482 1361 649 1425 umbratile
665 1360 816 1446 sequitur.

452 1476 480 1533 b.
497 1472 549 1534 Ex
564 1472 623 1534 hac
638 1470 708 1555 ipsa
723 1470 848 1534 ratione
864 1492 922 1554 per
939 1482 1071 1555 peccata
1087 1484 1199 1535 nostra
1215 1472 1285 1534 llco
1302 1470 1428 1535 offensa
1445 1469 1523 1536 affer·

348 1594 408 1655 tur,
431 1602 494 1644 non
517 1580 642 1664 quidem
663 1600 701 1643 eo
725 1601 832 1654 senisu,
853 1601 891 1643 ac
914 1580 942 1644 si
958 1581 1045 1644 Deus
1064 1579 1178 1664 aliquid
1194 1580 1269 1663 pati,
1291 1580 1341 1643 vel
1358 1581 1399 1643 dc
1414 1579 1523 1645 infinita

346 1711 404 1754 sua
420 1689 569 1753 beatitate
592 1688 707 1775 aliquid
725 1690 901 1772 deperdere
918 1689 1031 1772 possit,
1055 1692 1112 1753 sed
1129 1689 1200 1776 quia
1216 1701 1384 1773 peccatum
1401 1687 1523 1756 sanetis

346 1799 444 1863 simae
461 1800 531 1882 ejus
547 1797 700 1862 voluntati
716 1811 883 1885 repugnat,
899 1798 931 1861 in
947 1799 1049 1884 ipsius
1065 1800 1219 1883 probrum
1232 1798 1326 1873 cedit,
1343 1812 1440 1886 atque
1452 1801 1523 1885 ejm

347 1909 418 1971 dem
431 1907 636 1971 sanctissima
643 1907 829 1991 juraviolat.
837 1909 972 1981 Revera,
982 1907 1010 1971 si
1022 1908 1108 1972 Deus
1119 1906 1260 1972 infinitus
1277 1920 1309 1972 et
1325 1907 1456 1973 sibimet
1466 1908 1523 1994 ipse

344 2016 635 2081 sufficientissimus
651 2038 716 2079 non
732 2017 825 2091 soret,
858 2019 1002 2101 ejusdem
1018 2018 1180 2082 beatitudo
1197 2038 1255 2102 pcr
1277 2030 1392 2083 nostra
1402 2029 1523 2103 peccata

344 2126 526 2210 perturbari
540 2128 680 2189 deberet.
691 2126 795 2203 Quare
807 2139 949 2209 exparte
960 2139 1072 2189 nostra
1083 2126 1157 2189 nibil
1172 2128 1272 2201 deest,
1279 2126 1353 2211 quin
1364 2139 1523 2211 peccatum

344 2234 403 2298 Dei
423 2234 545 2299 offensa
563 2234 700 2308 dicatur,
720 2256 822 2320 ucque
839 2235 921 2299 illius
941 2235 1058 2300 malitia
1073 2248 1244 2320 propterea
1259 2219 1431 2311 minuitur,
1449 2257 1523 2322 quo·

321 2423 324 2427 .
343 2344 430 2407 Deus
444 2343 567 2407 anobis
585 2365 719 2428 prorsus
734 2343 950 2428 independens
963 2366 1040 2409 vere
1053 2345 1135 2410 laedi
1152 2346 1232 2408 haud
1246 2344 1370 2429 possit..
1380 2345 1416 2409 si
1428 2358 1523 2410 autet

345 2466 512 2537 peccatum
527 2466 707 2518 contemtus
724 2476 761 2520 ac
778 2454 900 2519 offensa
915 2455 975 2519 Dei
992 2455 1159 2520 dicendum
1178 2467 1242 2518 est:
1270 2455 1458 2520 necessario
1474 2476 1523 2519 ce·

342 2564 459 2626 malum
486 2562 641 2627 inlinitum
658 2585 792 2649 quoque,
809 2564 884 2630 licet
897 2586 963 2631 non
979 2564 1184 2637 intrinsecus,
1202 2576 1307 2627 tamen
1325 2565 1522 2629 extrinseca

344 2694 401 2735 seu
419 2673 587 2756 objective,
604 2685 655 2737 est
670 2675 919 2761 agnoscendum.
936 2674 1064 2737 Etenim
1081 2672 1211 2758 quaevis
1227 2673 1343 2757 injuria
1360 2695 1399 2739 ac
1411 2673 1523 2739 offen!

343 2802 382 2845 eo
399 2783 502 2866 major
518 2795 578 2856 cst,
595 2804 658 2867 quo
675 2783 778 2871 magis
795 2782 846 2848 ille
862 2782 989 2858 eminet,
1007 2783 1056 2848 cui
1073 2783 1143 2867 ipsa
1159 2782 1302 2846 infertur.
1341 2783 1422 2848 Cum
1440 2782 1523 2872 igitu

342 2892 429 2955 Deus
445 2893 566 2955 Bonum
582 2892 738 2957 inlinitum
754 2893 806 2967 sit,
823 2916 861 2958 ac
877 2894 1083 2958 veneratione
1100 2905 1132 2956 ct
1148 2914 1258 2955 artiore
1275 2906 1391 2957 nostro
1413 2892 1523 2958 inlinit

343 3000 458 3087 dignus
474 2981 625 3067 exsistat:
643 3002 772 3087 quaevis
788 3003 872 3068 illius
889 3002 1065 3067 contemtio
1082 3022 1120 3066 ac
1137 3000 1274 3067 oll'ensio
1290 3001 1447 3068 infinitam
1457 3020 1523 3088 qu(

343 3132 402 3195 que
420 3113 542 3196 culpam
554 3112 694 3176 involvat
709 3134 845 3178 necesse
861 3124 920 3177 est.
945 3112 1079 3177 Accedit
1095 3110 1216 3174 infinita
1233 3111 1293 3175 Dei
1306 3113 1457 3186 alteritas,
1472 3132 1523 3198 qu

341 3222 409 3306 ipse
426 3222 516 3306 prior
532 3207 642 3285 dilenit
658 3244 728 3297 nos,
745 3235 777 3285 et
793 3224 884 3306 cujus
900 3221 932 3285 iu
949 3222 1123 3295 creatione,
1141 3221 1400 3298 conservatione,
1417 3223 1523 3309 guber

342 3330 469 3395 natione
486 3352 524 3395 ac
535 3331 764 3415 justificatione
782 3344 893 3396 nostra
909 3345 997 3396 tanta
1012 3331 1104 3394 nobis
1123 3330 1298 3415 specimina
1316 3332 1412 3396 dedit.
1445 3326 1523 3395 und

343 3443 458 3525 duplex
474 3441 563 3526 quasi
579 3441 718 3505 infinitas
734 3454 880 3505 nostram
895 3462 975 3530 erga
985 3441 1089 3526 ipsum
1097 3439 1299 3505 dilectionem
1311 3454 1417 3528 urget.
1436 3440 1523 3518 Quat

343 3551 537 3614 horrendum
560 3550 657 3635 igitur
680 3551 774 3614 tantis
797 3552 895 3616 titulis
917 3550 1092 3637 refragari!
1125 3554 1208 3614 Sane
1226 3552 1406 3614 intellectus
1423 3558 1523 3613 noste

346 3660 385 3722 ad
402 3659 639 3743 percipiendam
658 3672 755 3724 totam
772 3661 894 3745 peccati
911 3660 1059 3724 malitiam
1077 3681 1116 3723 ne
1134 3659 1251 3724 suflicit
1268 3659 1403 3744 quidem.
1436 3659 1523 3737 Quat!

346 3788 458 3852 parum
476 3767 560 3830 enim
582 3767 693 3852 aliquis
714 3768 893 3832 mortalium
909 3769 1152 3833 immensitatem
1170 3768 1228 3832 Dei
1243 3767 1440 3855 perscrutari
1459 3770 1523 3851 pol·

343 3890 409 3952 est,
427 3889 490 3940 tam
507 3898 616 3961 parum
635 3878 858 3963 perspicimus,
875 3892 1009 3964 quantae
1026 3878 1203 3943 atrocitatis
1221 3878 1262 3941 sit
1279 3875 1483 3963 despicientia
1495 3879 1522 3931 ct

345 3985 481 4051 offensio
502 3987 570 4050 Dei.
619 3988 819 4072 Quapropter
842 4000 874 4052 et
895 3990 934 4051 ab
951 3989 1098 4052 Ecclesia
1120 3999 1287 4079 peccatum
1311 4008 1437 4072 semper
1451 3998 1517 4049 tnn-

346 4118 437 4182 quam
455 4097 593 4160 omnium
610 4098 763 4160 malorum
781 4119 949 4172 smnmnm,
967 4100 1015 4161 vel
1031 4098 1136 4182 potius
1154 4110 1312 4183 tamquam
1325 4098 1427 4161 solum
1437 4095 1512 4158 abst

346 4209 443 4270 lutum
465 4228 632 4272 aevorum
655 4208 780 4280 malum,
799 4219 837 4270 -et
858 4205 930 4270 hinc
954 4219 1112 4292 tamquam
1136 4209 1255 4271 malum
1278 4228 1354 4270 vere
1377 4202 1507 4268 irtfinituttt

346 4317 483 4379 habitum
500 4318 756 4401 declaratumque
773 4316 839 4380 luit.

454 4425 484 4488 2.
501 4426 634 4489 Ratione
652 4426 754 4489 nostri
771 4426 876 4488 habita
892 4422 1059 4510 peccatum
1075 4449 1135 4490 nos
1152 4449 1170 4490 a
1186 4426 1271 4499 Deo,
1292 4427 1382 4489 bono
1398 4414 1500 4486 inludo

346 4533 461 4607 avellit,
482 4533 586 4598 divina
609 4533 746 4598 amicitiai
767 4535 870 4620 privat
902 4547 934 4597 et
964 4535 1042 4598 iram
1065 4535 1124 4599 Dei
1147 4535 1239 4597 nobis
1256 4534 1383 4599 conllat.
1424 4532 1498 4593 l'orr⁰

348 4655 512 4726 peccatum
529 4641 664 4709 animam
680 4645 802 4710 tnacttla
817 4642 973 4729 aspergit,
991 4665 1051 4731 qua
1068 4644 1169 4707 nitore
1187 4665 1246 4710 suo
1264 4656 1330 4706 tum
1347 4641 1495 4727 superatll·

348 4799 562 4813 m

457 4869 483 4946 ¹)
501 4866 567 4931 Jor.
584 4862 614 4940 2,
634 4862 682 4926 12.
701 4862 752 4926 13.
