3775 5625
1479 476 1544 543 lta

325 645 430 714 Dee
449 636 723 723 seminaritia
745 636 894 725 originali
913 636 1062 722 spoliata,
1087 637 1205 723 trupis,
1224 640 1295 705 Deo
1317 638 1421 707 invisa
1452 654 1547 728 atque

327 744 474 822 mort'n
488 766 547 812 rea
561 744 677 812 effecta
692 758 756 822 est3
780 758 813 811 at
831 745 905 812 binc
930 746 1025 812 etiam
1040 759 1148 812 reatus
1164 748 1275 833 culpae
1290 749 1437 826 ecmelis,
1452 771 1547 837 quam

334 867 574 946 protoparens
590 868 702 922 noster
718 853 778 920 sui
791 853 1006 923 inobedientis
1022 856 1192 932 contraxit,
1209 879 1273 923 non
1289 859 1329 924 ad
1344 879 1416 923 eum
1433 859 1547 934 solnm,

331 966 424 1059 ,sed
437 965 475 1032 ad
490 986 552 1032 nos
569 985 696 1040 omnes,
718 963 818 1051 quiin
834 964 906 1049 ipso
929 986 1072 1040 eramus,
1088 966 1233 1051 pertinet.
1258 968 1367 1053 ltaque
1380 981 1548 1053 peccatum

347 1076 392 1139 ln
418 1074 515 1159 priori
537 1073 774 1163 significatione
796 1095 891 1139 unum
907 1088 959 1140 est
975 1076 1127 1141 duntaxat
1143 1075 1282 1141 omnium
1298 1076 1473 1153 bominum,
1491 1079 1548 1142 sed

355 1182 394 1246 ‘ua
419 1184 537 1250 adamo
560 1185 747 1270 personale,
767 1183 800 1248 in
816 1182 909 1249 nobis
930 1183 1087 1272 originale
1105 1184 1228 1250 dicitur.
1253 1187 1350 1251 Solus
1365 1186 1450 1251 enim
1465 1188 1547 1251 Ada-

363 1311 508 1358 massua
521 1292 598 1358 illud
613 1293 746 1380 propria
760 1313 799 1359 ac
813 1293 978 1379 personali
992 1295 1156 1359 voluntate
1176 1294 1351 1370 commisit,
1366 1317 1428 1360 nos
1444 1309 1549 1361 autem

371 1411 483 1466 nutum
504 1414 653 1478 eatenus,
674 1415 829 1488 quatenus
850 1402 883 1466 in
906 1402 993 1488 ipso,
1018 1415 1131 1468 nostro
1163 1403 1281 1489 capite,
1304 1405 1489 1470 naturaliter
1512 1425 1550 1469 ac

326 1527 328 1552 t
376 1510 527 1578 moraliter
544 1512 689 1585 conclusi
705 1511 940 1577 assistebamus
951 1515 987 1593 ¹),
1002 1525 1035 1583 et
1049 1513 1124 1578 binc
1139 1513 1171 1577 in
1187 1512 1271 1599 ipso,
1286 1527 1398 1579 nostra
1415 1514 1550 1602 origine,

381 1639 431 1691 nun
444 1620 669 1706 personaliter,
685 1623 743 1688 sed
759 1621 923 1686 moraliter
938 1622 1166 1707 peccavimus..

469 1731 591 1796 Verum
607 1731 869 1818 quemadmodum
885 1730 917 1794 in
932 1732 1055 1797 Adamo
1072 1744 1200 1817 praeter
1216 1746 1322 1799 actum
1332 1732 1415 1798 illius
1427 1732 1552 1819 peccati

383 1836 426 1904 tlt
437 1837 531 1905 etiam
545 1839 713 1925 perversio
729 1840 901 1905 voluntatis
917 1854 950 1905 et
966 1839 1145 1927 obliquitas,
1163 1843 1346 1908 exactione
1362 1842 1415 1906 illa
1429 1841 1551 1916 relicta,

383 1960 496 2033 propter
512 1969 606 2035 mam
621 1962 775 2035 peccator
791 1949 921 2035 proprie
936 1961 970 2015 et
985 1951 1161 2016 formaliter
1176 1951 1340 2016 dicabatur
1356 1964 1389 2015 et
1403 1964 1482 2025 arat,
1498 1970 1552 2014 us·

382 2073 428 2139 que
442 2058 517 2126 dum
531 2080 590 2143 par
605 2058 832 2144 poenitentiam
847 2081 912 2123 non
928 2071 1017 2125 esset
1033 2062 1073 2126 ad
1088 2061 1190 2126 Deum
1206 2081 1398 2125 conversus:
1415 2060 1459 2125 ita
1475 2080 1551 2146 quo·

381 2166 473 2248 §lein
489 2168 638 2234 omuibus
654 2169 765 2243 nobis,
786 2189 880 2255 mam
896 2168 1033 2254 primum
1049 2169 1194 2235 homines
1211 2191 1286 2235 esse
1301 2169 1485 2256 incipimus,
1510 2169 1552 2233 si·

327 2347 328 2352 .
377 2272 448 2342 nilis
470 2289 522 2343 est
541 2278 713 2344 voluntatis
737 2278 864 2344 aversio
887 2291 920 2343 et
941 2278 1125 2364 obliquitas,
1147 2301 1206 2365 per
1229 2279 1365 2365 primum
1387 2290 1553 2363 peceatrrm

376 2395 453 2461 erla,
467 2386 637 2473 unicuique
651 2387 838 2463 inhaerens,
860 2390 902 2453 ob
922 2410 1016 2475 quam
1039 2402 1228 2474 peccatores
1244 2388 1374 2475 proprie
1390 2401 1422 2453 et
1436 2389 1553 2453 forma·

371 2487 438 2558 liter
461 2494 596 2561 dicimur
617 2509 650 2561 et
671 2517 798 2573 sumus,
820 2499 924 2562 donec
944 2519 1003 2583 per
1023 2498 1217 2583 Baptismum
1248 2497 1320 2564 talis
1351 2497 1501 2584 iniquitas
1522 2498 1554 2561 in

327 2613 331 2664 t
370 2602 459 2669 uobis
474 2604 614 2680 tollatur,
636 2617 668 2670 et
691 2626 772 2691 quae
787 2605 882 2672 nobis
897 2619 1070 2692 propterea
1085 2606 1184 2682 inest,
1207 2606 1357 2693 quoniam
1371 2597 1429 2692 pe'r
1444 2606 1554 2672 inobe-

327 2695 329 2704 Ι
370 2707 514 2784 Quam
536 2714 792 2799 protoparentis,
814 2737 893 2802 quae
913 2716 1007 2782 sitnm
1029 2728 1161 2802 propter
1178 2716 1336 2804 originem
1354 2728 1499 2782 nostram
1515 2737 1557 2780 ex

370 2815 438 2902 ipro
453 2837 504 2890 est
517 2823 735 2893 inobedientia
749 2838 878 2902 nostra,
895 2826 1034 2901 debitum
1055 2827 1138 2892 illius
1154 2826 1378 2912 suscipiendae
1394 2826 1554 2893 contraxi·

372 2947 447 2997 nus.
470 2933 557 3012 Quae
573 2933 743 3021 obliquitas
757 2935 791 2999 in
806 2937 929 3001 Adamo
946 2949 1015 3002 erat
1031 2949 1202 3022 eapropter
1217 2949 1384 3022 peccatum
1399 2937 1431 3000 in
1446 2949 1554 3021 poste·

375 3033 447 3107 dori
464 3040 700 3131 significatione
722 3045 843 3129 pariter
863 3047 1052 3130 personale,
1072 3045 1104 3109 in
1121 3045 1215 3110 nobis
1232 3057 1336 3110 autem
1353 3057 1417 3120 est,
1441 3056 1474 3109 et
1489 3044 1555 3129 qui·

379 3143 440 3212 lem
461 3163 620 3237 umquam
642 3151 811 3239 unicuique
835 3153 1018 3238 proprium,
1040 3174 1155 3219 rursus
1179 3166 1300 3218 tantum
1325 3153 1480 3242 originale
1497 3174 1556 3217 sen

382 3261 517 3325 naturale.

471 3371 524 3435 Ex
544 3370 594 3435 bis
616 3370 722 3458 itaque
746 3385 913 3457 peccatum
934 3371 1108 3460 originale,
1125 3373 1153 3437 si
1169 3384 1335 3457 peccatum
1352 3394 1412 3457 pro
1429 3371 1556 3436 actione

386 3488 441 3541 tum
461 3479 533 3570 lege
550 3479 656 3544 divina
677 3493 841 3568 pugnante
865 3481 1013 3558 sumitur,
1036 3494 1097 3547 est
1118 3480 1243 3566 prima
1266 3481 1400 3547 Adami
1421 3482 1554 3546 inobe-

387 3576 526 3664 lienus,
550 3590 594 3656 ab
617 3589 705 3675 ipso
730 3591 952 3666 commissa,
977 3613 1042 3656 non
1064 3603 1099 3656 ut
1124 3604 1194 3656 erat
1217 3590 1391 3680 singularis
1406 3611 1555 3677 persona,

387 3692 431 3756 led
454 3710 487 3762 ut
514 3698 613 3763 totius
641 3699 772 3787 generis
805 3700 932 3765 humani
962 3702 1097 3789 gerebat
1126 3722 1314 3786 personam,
1340 3700 1556 3788 nobisque,

386 3805 546 3877 quoniam
565 3821 730 3896 propter
747 3810 944 3875 carnalem
960 3808 1255 3898 generationem
1272 3811 1316 3875 ad
1340 3830 1466 3899 genus
1482 3810 1556 3875 boc
1577 3862 1580 3866 .

382 3913 933 3993 pertinemusmommunicata,
951 3939 1010 3982 seu
1026 3931 1089 3984 est
1105 3920 1222 4004 culpa
1237 3940 1257 3984 a
1272 3940 1419 4007 genere
1433 3920 1555 3984 huma·

380 4027 419 4081 ¹¹⁰
432 4021 469 4090 iu
482 4026 644 4104 Adamo,
660 4048 733 4093 suo
750 4027 894 4112 capita,
911 4030 1136 4093 mandatum
1159 4028 1329 4094 divinum
1354 4041 1554 4116 transgre-

378 4116 513 4212 diente,
544 4147 771 4209 contractm
796 4148 829 4201 et
854 4148 1012 4223 qnatenus
1042 4150 1209 4223 peccatum
1232 4137 1388 4223 accipitur
1411 4158 1472 4222 pro
1504 4157 1555 4212 eo,

373 4256 638 4297 'N—-n--u

328 4404 330 4415 .
474 4355 499 4439 ¹)
514 4354 561 4418 (tf.
577 4357 665 4418 Rom.
681 4353 714 4430 5,
733 4353 785 4419 12.
805 4352 947 4420 18-19.
964 4357 1059 4420 Iren.
1074 4358 1151 4422 Ado.
1168 4361 1250 4421 baar.
1267 4361 1288 4425 l,
1296 4360 1325 4419 5.
1336 4378 1360 4420 c.
1373 4361 1421 4422 17.
1438 4354 1555 4440 pals.

328 4450 330 4479 ²
371 4423 519 4526 (hagor.
539 4447 626 4510 Nae.
652 4448 705 4511 Or.
723 4450 752 4510 b.
769 4444 850 4528 Opp.
867 4448 906 4508 T.
926 4445 955 4510 1.
973 4470 997 4510 c.
1017 4445 1092 4512 122.
1112 4451 1164 4512 Or.
1180 4452 1232 4514 42.
1249 4470 1277 4515 c.
1294 4446 1370 4512 607.
1386 4448 1554 4511 Ambros.

329 4534 331 4593 :
374 4517 411 4584 n,
424 4537 495 4601 na.
513 4541 533 4601 ι.
546 4542 578 4602 a.
593 4558 624 4602 a.
641 4542 711 4600 234.
729 4536 809 4619 opp.
826 4538 866 4600 u.
885 4535 914 4600 1.
936 4561 962 4599 e.
981 4536 1078 4605 1467.
1108 4541 1226 4601 noar.
1260 4540 1372 4603 coma
1394 4541 1429 4600 n
1448 4541 1555 4625 nane.

377 4626 397 4673 θ·
411 4628 458 4690 18.
473 4650 504 4692 n.
522 4632 550 4692 6.
567 4627 648 4711 Opp.
665 4631 704 4695 Τ.
723 4626 754 4695 l.
771 4649 797 4690 c.
816 4625 890 4691 758.
907 4629 1102 4710 Augustin.
1119 4634 1167 4692 De
1177 4651 1260 4707 pecc.
1276 4650 1347 4693 mer.
1365 4638 1393 4693 et
1406 4651 1479 4694 rem.
1497 4633 1516 4693 l.
1527 4634 1555 4694 1.

329 4720 330 4729 ’
380 4718 399 4768 θ·
414 4721 457 4783 10.
472 4740 504 4781 n.
523 4724 572 4782 11.
588 4719 669 4801 Opp.
686 4721 724 4783 Τ.
744 4717 796 4784 10.
813 4739 840 4780 c.
858 4716 889 4782 l.
905 4722 925 4782 l.
942 4723 972 4782 3.
989 4742 1014 4781 c.
1032 4725 1060 4784 7.
1076 4742 1106 4785 n.
1122 4725 1171 4784 14.
1189 4743 1215 4784 c.
1233 4717 1287 4785 78.
1303 4723 1421 4800 linit&
1438 4724 1555 4782 adBo·

381 4803 461 4883 lt'fw.
476 4830 508 4874 n.
525 4815 555 4875 1.
571 4811 611 4873 Τ.
627 4809 659 4875 2.
675 4832 702 4873 c.
718 4806 796 4874 264.
819 4812 868 4870 De
883 4811 939 4873 civ.
956 4814 998 4872 D.
1016 4813 1036 4874 l.
1054 4816 1103 4876 13.
1120 4834 1145 4876 o.
1162 4815 1211 4876 14.
1229 4814 1268 4874 Τ.
1286 4809 1316 4876 l.
1333 4834 1358 4876 c.
1375 4809 1451 4876 334.
1469 4814 1488 4875 l.
1507 4816 1555 4876 16.

329 4960 336 4989 ‚.
382 4911 398 4961 θ.
409 4904 455 4966 dd.
471 4922 498 4966 c.
514 4899 592 4968 440.
609 4900 766 4982 Gregor.
783 4902 826 4962 Μ.
842 4903 879 4965 L.
896 4904 925 4964 9.
941 4903 1041 4980 Epist.
1058 4907 1107 4967 62.
1125 4901 1206 4987 Opp.
1223 4904 1263 4970 Τ.
1279 4901 1311 4968 2.
1328 4926 1353 4966 e.
1369 4899 1445 4966 970.
1543 4979 1544 4983 Ἰ
