3775 5625
1427 421 1491 494 231

309 598 429 667 nus¹)‚
468 596 638 670 Apelles,
678 594 849 654 Marcionis
881 591 1110 670 discipulus²),
1149 593 1398 655 Dimoeritas
1438 614 1493 654 seu

300 704 611 781 Apollinarium
624 706 672 775 θ),
698 712 728 761 et
744 705 914 764 recentiori
930 675 1069 778 tcmpoie
1095 702 1385 778 dnabsptistae
1403 712 1494 781 atque

300 813 485 888 Quateri.
503 811 668 870 -Solam
693 831 818 872 carnem
844 814 910 871 sine
934 811 1035 871 anima
1058 811 1184 871 Christo
1208 811 1384 871 tribuerunt
1400 813 1494 889 pleri·

297 941 359 999 que
378 922 659 993 Arianoruw),
677 930 708 979 et
723 923 850 981 saeculo
867 922 921 978 lV.
948 920 1207 997 Apollinaris,
1231 920 1283 997 qui
1302 920 1390 980 initio
1412 922 1494 997 pari·

298 1043 345 1089 ter
376 1029 500 1089 Christo
524 1029 653 1087 aninram
677 1029 829 1100 detraxit,
846 1031 948 1089 serius
966 1039 1068 1088 tamen
1087 1028 1259 1099 concessit,
1277 1039 1412 1089 attamen
1431 1032 1494 1091 sni·

298 1158 383 1198 narn
404 1139 524 1197 ratione
547 1157 602 1197 seu
620 1148 720 1197 mente
743 1140 921 1198 destitutam
934 1136 972 1209 ⁵).
991 1172 1033 1182 —
1052 1140 1173 1197 Rursus
1191 1138 1243 1197 alii
1260 1138 1428 1208 exstitere,
1445 1141 1496 1216 qui

300 1250 413 1307 iesum
432 1266 470 1306 ex
486 1247 625 1324 Joaepho
643 1249 839 1326 progenitum
856 1249 954 1307 luisse
972 1248 1213 1316 contenderunt,
1230 1256 1264 1306 ut
1282 1247 1495 1325 Carpocra-

238 1399 239 1404 .
301 1368 379 1426 tes,
396 1357 620 1423 Corinthus,
639 1375 806 1433 eurumque
824 1358 943 1416 surculi
955 1354 1000 1428 ⁸),
1035 1374 1070 1416 ac
1088 1356 1205 1414 nostris
1222 1357 1411 1433 temporibus
1428 1357 1495 1419 lla·

237 1573 239 1612 l

237 1671 240 1710 l

299 1467 553 1532 tionaliatae,
577 1467 853 1526 Naturalistae
877 1485 913 1524 ac
936 1466 1192 1524 Pantheistae
1219 1483 1335 1525 omnes.
1353 1500 1397 1511 ·-
1414 1469 1495 1528 Tan·

299 1575 369 1633 dem
388 1576 519 1633 Mariam
537 1576 604 1632 sine
626 1575 764 1633 laesione
790 1575 983 1654 virginitatis
1008 1576 1184 1650 peperisse,
1209 1583 1239 1633 at
1255 1574 1409 1654 virginem
1426 1594 1496 1653 per·

298 1685 475 1752 mansisse,
500 1693 616 1760 negant
639 1701 762 1752 omnes,
784 1684 833 1759 qui
858 1682 1016 1742 Christum
1039 1683 1151 1741 nudum
1175 1683 1326 1742 hominem
1344 1701 1415 1744 esse
1433 1696 1496 1747 sta·

298 1801 402 1853 luunt.
428 1794 559 1851 Praeter
581 1793 652 1850 illos
673 1802 774 1851 autem
796 1793 970 1870 virgineam
988 1795 1024 1852 B.
1042 1794 1083 1850 Μ.
1101 1793 1314 1871 integritatem
1331 1805 1497 1873 negarunt,

297 1900 329 1956 in
364 1911 459 1977 partu
490 1900 784 1975 Joviniauus'),
825 1911 894 1978 post
925 1911 1046 1978 partum
1079 1898 1346 1974 Helvidium,
1379 1906 1497 1963 Euno-

300 2007 443 2082 mius⁹)
461 2028 528 2069 eum
546 2011 774 2070 recentioribus
790 2010 1059 2086 anabaptistis
1077 2020 1108 2068 et
1124 2010 1204 2070 aliis.

414 2116 614 2199 Quapropter
636 2129 709 2180 ante
735 2115 841 2180 omnia
862 2116 1147 2181 demonstrandum
1163 2128 1229 2190 cst,
1247 2117 1422 2202 perfectam
1438 2120 1496 2185 ho·

304 2223 399 2289 mitris
416 2225 448 2289 in
467 2225 594 2290 Christo
612 2227 712 2290 luisse
728 2238 887 2297 naturam,
903 2239 934 2289 et
951 2225 1076 2310 quidem
1093 2225 1161 2290 suis
1178 2225 1326 2291 omnibus
1342 2227 1497 2312 partibus,

272 2385 275 2390 .
305 2332 410 2399 anima
427 2348 458 2397 et
477 2355 629 2418 corpore,
646 2336 823 2418 expletam,
840 2333 954 2397 deinde
973 2333 1134 2398 Christum
1152 2335 1248 2399 modo
1265 2336 1499 2419 supernaturali

307 2438 407 2509 inisse
441 2456 645 2528 conceptum,
667 2456 699 2507 et
729 2456 796 2508 tum
825 2442 1072 2508 interneritatem
1093 2445 1127 2507 B.
1149 2444 1189 2508 Μ.
1211 2445 1248 2508 V.
1270 2444 1390 2510 salvam
1422 2467 1497 2510 con-

308 2547 439 2618 stitisse.

417 2663 508 2740 Quod
532 2663 571 2725 ad
594 2661 729 2746 primum
750 2660 876 2735 attinet,
899 2661 1063 2735 videlicet,
1087 2663 1227 2726 Verbum
1254 2662 1393 2727 divinum
1409 2675 1497 2730 natu·

249 2797 255 2811 ·
301 2759 375 2835 'tarn
392 2774 576 2845 humanam,
593 2770 766 2857 etquidem
783 2790 825 2834 ex
840 2769 941 2836 diaria
957 2782 1077 2846 natam,
1094 2771 1307 2848 assumsisse,

416 2886 456 2947 A.
475 2895 537 2946 tam
553 2881 672 2945 diserte
688 2901 727 2944 ac
743 2881 829 2944 clare
845 2879 877 2943 in
894 2880 1063 2966 Scriptura
1079 2882 1224 2955 docetur,
1242 2895 1276 2946 ut
1291 2903 1367 2946 vere
1384 2882 1499 2949 mirum

314 2984 365 3063 sit,
381 2994 420 3056 ab
437 2991 592 3077 aliquibus
609 2990 721 3078 negari
737 2989 892 3074 potuisse.
917 2990 1044 3079 Etenim
1060 2992 1127 3075 jam
1143 2990 1176 3055 in
1192 2995 1228 3056 A.
1246 2993 1283 3057 T.
1300 2993 1437 3060 Messias
1454 3014 1497 3060 ex

311 3102 426 3165 semine
459 3100 713 3166 Patriarcharum
746 3099 901 3164 oriundus
937 3099 1139 3185 praedicitur.
1179 3101 1358 3186 Prophetae
1390 3122 1495 3190 genus

233 3235 239 3248 ·
310 3197 385 3274 iilius
406 3209 561 3283 indicant,
584 3230 627 3273 ex
646 3209 727 3272 duda
751 3220 783 3271 et
805 3207 926 3272 Davidc
944 3210 1128 3284 deductum,
1145 3209 1340 3275 nativitatem
1358 3223 1390 3274 et
1408 3232 1493 3275 mor·
1515 3288 1519 3295 Ι

310 3319 377 3392 iem,
387 3339 563 3404 omnesque
578 3318 661 3382 vitae
678 3320 748 3403 ejus
764 3318 909 3382 mortalis
926 3317 1184 3384 circumstantias
1201 3318 1396 3393 describunt,
1413 3340 1493 3405 quae

246 3451 250 3461 ·
310 3429 431 3494 ¹tunniai
446 3430 477 3493 in
493 3450 604 3492 verum
621 3426 782 3490 hominem
798 3429 914 3493 cadere
930 3440 1077 3511 possunt.
1102 3429 1135 3490 ln
1153 3429 1190 3493 N.
1209 3429 1246 3492 T.
1263 3440 1368 3493 erstem

408 3563 439 3604 a.
464 3536 592 3604 Christo
617 3548 725 3622 aperte
749 3535 894 3623 singulae
910 3549 1020 3621 partes
1037 3550 1168 3602 craturae
1184 3539 1354 3613 humanae,
1372 3548 1492 3624 corptrs

309 3648 393 3726 iique
416 3648 536 3723 anima,
558 3669 600 3710 ex
620 3647 780 3712 intellectu
803 3668 859 3711 seu
884 3659 987 3710 menta
1011 3668 1049 3710 ac
1069 3649 1231 3711 voluntate
1249 3657 1419 3733 constans,
1436 3647 1491 3713 tri·

309 3741 448 3823 bunrrtnr.
472 3759 514 3821 Et
531 3758 655 3843 quidem

307 3880 571 3906 Χ-ῇ-

407 3939 433 4026 Ι)
451 3939 500 4007 Of..
519 3942 700 4022 Epiphan.
733 3943 826 4004 Hoer.
848 3943 899 4002 31.
915 3961 945 4001 n.
964 3943 992 4002 7.
1017 3941 1055 4003 T.
1074 3938 1103 4002 1.
1126 3962 1156 4021 p.
1177 3937 1249 4004 171.
1268 3941 1427 4004 Tertuil.
1443 3945 1492 4002 De

300 4031 669 4112 maerensmaoppv.
690 4031 718 4095 1.
737 4053 765 4111 p.
783 4029 859 4095 331.
876 4031 1059 4093 Theodor.
1076 4033 1116 4092 H.
1128 4032 1160 4110 f.
1176 4032 1197 4093 l.
1214 4054 1239 4094 c.
1257 4032 1284 4112 ²)
1303 4031 1490 4094 ConsTer-

231 4114 241 4149 ¹
299 4111 378 4184 tull,
391 4127 439 4183 De
447 4142 530 4186 corn.
539 4123 654 4186 Christ.
665 4143 690 4184 o.
702 4127 731 4183 6.
749 4122 829 4203 Opp.
837 4120 950 4202 v.2.p.
966 4118 1020 4183 49.
1036 4122 1107 4202 Epi
1114 4123 1219 4204 phan.
1236 4126 1330 4185 Haer.
1347 4126 1397 4185 61.
1414 4144 1443 4185 n.
1461 4126 1490 4186 2.

296 4192 429 4286 Opp.-T.
443 4213 507 4294 1.p.
517 4211 592 4275 381.
605 4250 644 4260 -
657 4210 684 4296 ³)
700 4214 878 4294 Epiphan.
896 4217 991 4275 Haer.
1010 4217 1058 4277 77.
1075 4235 1105 4276 n.
1122 4216 1151 4276 4.
1168 4234 1197 4293 p.
1216 4210 1290 4276 998.
1302 4247 1330 4258 --
1359 4211 1383 4293 ⁴)
1395 4213 1486 4275 Oons.

294 4284 364 4358 Ath
376 4324 475 4365 anas.
504 4306 588 4366 Geni.
603 4305 736 4382 Apellen.
754 4307 775 4364 l.
792 4309 821 4365 2.
838 4326 868 4366 n.
884 4308 913 4366 3.
931 4303 1011 4383 Opp.
1028 4305 1067 4370 T.
1086 4302 1114 4366 1.
1133 4326 1161 4384 p.
1179 4301 1255 4365 942.
1274 4303 1308 4366 0.
1326 4304 1489 4366 Theodo-

229 4380 249 4427 ’·
293 4392 356 4450 fit·
379 4397 400 4458 l.
417 4417 442 4457 c.
459 4396 651 4475 Augustin.
668 4398 719 4454 De
734 4398 847 4457 haeres.
865 4398 895 4459 h.
911 4398 962 4454 49.
980 4393 1060 4475 Opp.
1078 4395 1115 4456 T.
1135 4392 1165 4456 8.
1184 4417 1208 4456 c.
1225 4393 1275 4457 18.
1294 4429 1335 4440 -
1354 4395 1379 4474 ⁵)
1396 4396 1488 4459 Corra.

293 4464 481 4567 Epiphan.
506 4490 600 4548 Haar.
628 4489 676 4547 69.
694 4508 723 4548 ra
740 4490 781 4546 49
797 4507 822 4549 c.
843 4486 882 4548 T.
901 4485 929 4547 l.
949 4507 977 4565 p.
996 4483 1058 4548 771
1079 4508 1102 4547 s.
1125 4486 1346 4548 Theodorei.
1365 4488 1383 4548 l.
1401 4509 1425 4546 c.
1444 4522 1487 4532 —

229 4614 231 4623 .
298 4553 389 4641 ‘ici
406 4579 501 4638 Iren.
520 4579 605 4639 Oont.
622 4580 704 4639 haer.
722 4580 741 4638 l.
760 4582 789 4641 1.
808 4598 831 4639 o.
849 4579 897 4639 25.
915 4580 966 4637 26.
984 4599 1013 4657 p.
1033 4574 1108 4641 103.
1126 4574 1201 4640 105.
1216 4612 1251 4622 —
1265 4578 1290 4659 ⁷)
1307 4577 1352 4639 Cf.
1369 4577 1487 4656 Augu·

228 4654 231 4711 Ῐ
301 4656 386 4728 liin,
401 4673 449 4729 De
464 4672 579 4731 haeres,
596 4671 625 4728 Ῑι.
643 4672 692 4730 82,
709 4670 748 4731 Τ.
767 4667 797 4731 8.
814 4690 839 4730 c.
856 4666 910 4731 2⁴1.
927 4703 971 4714 -—-
991 4666 1016 4752 ⁸)
1033 4667 1078 4728 Cf.
1094 4668 1248 4729 Hieron.
1273 4668 1349 4731 Adv.
1366 4668 1486 4728 Helvid-

228 4754 230 4759 '
305 4758 328 4804 i·
345 4758 393 4822 ta.
410 4759 491 4840 Opp.
508 4761 547 4823 Τ.
563 4758 594 4822 2.
613 4781 640 4819 c.
656 4757 732 4822 226.
749 4759 944 4838 Augustin.
960 4762 1008 4818 Da
1023 4759 1142 4820 hasale
1154 4762 1202 4821 84.
1221 4781 1246 4820 o.
1263 4755 1316 4820 24.
1336 4793 1376 4804 -
1398 4756 1422 4840 ⁰)
1440 4758 1485 4820 Ol.

309 4830 455 4930 Gregor.
472 4852 502 4912 N
506 4872 581 4932 yss.
598 4852 683 4916 oona.
698 4853 827 4914 lienem
848 4852 900 4916 Or.
916 4854 947 4915 4.
964 4847 1044 4933 Opp.
1062 4850 1101 4910 T.
1117 4847 1150 4912 2.
1166 4870 1195 4931 p.
1214 4846 1291 4915 530.
