3775 5625
344 396 411 465 stt

344 559 416 640 ὑπὲρ
438 555 535 619 πάντα
554 562 589 640 τῇ
612 556 760 637 ἐκκλησίᾳ,
779 570 874 644 caput
889 577 1048 622 summum
1063 555 1244 633 Ecclesiae,
1261 560 1347 645 quod
1363 581 1429 624 non
1445 580 1522 645 pree·

343 682 394 734 est
409 670 512 734 eidem
529 669 740 742 solummodo,
757 670 815 733 scd
832 666 927 731 etiam
944 666 1159 732 communicat
1175 689 1247 732 cum
1264 689 1303 732 es
1317 668 1444 756 pause
1459 690 1524 734 sun

344 780 443 853 donn,
476 802 560 862 qaae
592 786 643 841 est
664 800 785 858 corpas
807 785 927 859 ipsias,
956 786 989 839 et
1000 780 1167 853 plenitudo
1185 783 1257 857 ejtts
1267 825 1279 859 ,
1307 787 1364 861 pai
1380 786 1524 842 omniain

344 892 494 952 omnibns
509 891 662 970 impletur
679 885 818 970 (implet)
831 887 867 965 ¹).
908 885 1028 964 Quibus
1052 886 1159 951 verbis
1175 887 1353 971 Apostolus
1370 887 1523 954 manifeste

344 1018 526 1081 supremam
555 994 675 1061 Christi
701 1015 761 1080 quo
782 993 919 1058 bominis
943 994 1130 1082 dignitatem
1153 1008 1246 1080 atque
1263 1017 1452 1080 supremum
1466 998 1523 1081 ejus

344 1105 514 1171 dominium
527 1103 689 1178 describit,
705 1126 799 1189 quum
816 1125 854 1167 es
871 1105 909 1168 de
928 1104 1058 1168 Christo
1071 1105 1141 1169 Deo
1159 1105 1286 1169 minime
1302 1104 1439 1193 intelligi
1461 1127 1521 1190 pos·

344 1215 425 1287 sint;
443 1236 515 1279 nsm
532 1225 567 1277 ut
582 1214 668 1277 Deus
685 1233 747 1276 una
762 1234 833 1276 cum
841 1214 935 1276 Patre
949 1213 1055 1277 omnio
1072 1214 1217 1298 subjectu
1232 1215 1339 1289 babet,
1356 1213 1402 1279 its
1421 1225 1455 1278 nt
1469 1214 1521 1279 eiu

346 1326 439 1389 Patre
461 1323 504 1386 nil
524 1321 640 1407 subjici
656 1321 780 1407 possit,
803 1323 887 1406 quod
903 1320 965 1406 ipsi
982 1334 1076 1386 antea
1092 1324 1272 1407 subjectum
1293 1344 1359 1387 non
1375 1324 1523 1403 fuisset¹).

343 1432 442 1497 Alibi:
468 1435 545 1514 Ipse
567 1440 629 1494 est
649 1438 771 1512 capnt
790 1438 976 1512 eorporis
996 1432 1230 1512 Ecclesiae,
1264 1439 1321 1515 qai
1343 1439 1524 1513 estprinci-

340 1550 444 1625 piam,
459 1547 696 1624 primopenitus
713 1562 757 1603 ee
772 1546 932 1601 mortuis:
957 1548 1001 1602 at
1023 1548 1081 1602 sit
1093 1547 1133 1603 in
1150 1545 1335 1605 omnihus
1350 1549 1440 1622 ipse
1450 1550 1526 1624 pri·

346 1660 490 1714 matam
506 1655 691 1728 tenens³).
715 1650 757 1713 Et
773 1670 903 1713 rursus:
938 1649 1110 1730 Oportet
1123 1653 1241 1714 illam
1257 1674 1450 1733 reynare,
1467 1655 1526 1715 da·

343 1783 414 1823 nec
433 1748 561 1840 ponat
590 1781 722 1821 omnes
744 1765 931 1821 inimicos
954 1761 1025 1821 sad
1047 1762 1219 1840 pedibas
1235 1765 1326 1839 ejas
1344 1758 1457 1841 (suis),
1472 1760 1490 1825 i.
1504 1781 1527 1825 s.

344 1880 472 1953 oportet
488 1889 576 1942 eum,
591 1867 762 1941 Messinm,
778 1888 894 1931 munus
911 1889 1005 1931 suum
1021 1868 1148 1955 regium
1165 1890 1338 1943 exercere,
1361 1870 1468 1934 donec
1483 1871 1526 1934 ad·

344 1990 509 2041 versantes
532 1976 669 2061 imperio
693 1998 752 2041 suo
774 1975 942 2040 vincantur
951 1982 989 2057 ⁴).
1029 1978 1089 2041 Ubi
1105 1990 1216 2062 aperte
1233 1980 1273 2043 ad
1289 1980 1391 2044 verbu
1407 1978 1527 2044 Psulmi·

344 2099 428 2161 stae,
450 2086 603 2151 Messium
628 2085 787 2161 canentis,
807 2085 957 2170 respicit:
997 2090 1095 2150 Diait
1109 2089 1273 2152 Dominus
1289 2090 1434 2152 Domino
1450 2110 1528 2152 meo:

317 2181 320 2188 ¹
346 2197 449 2259 Sede
466 2219 486 2258 a
503 2200 665 2259 destris
680 2202 794 2257 meis:
812 2199 936 2258 donea
950 2218 1092 2276 ponam
1107 2203 1296 2259 inimicos
1314 2206 1426 2278 taos,
1450 2220 1527 2260 saa·

345 2308 485 2369 tellum
499 2309 637 2387 pedam
654 2305 858 2385 taoram⁵).
885 2306 971 2382 Quae
988 2304 1059 2387 ipsa
1076 2305 1175 2368 verba
1192 2304 1254 2368 alio
1271 2304 1303 2368 in
1321 2306 1397 2369 loco
1415 2305 1529 2391 repetit,

344 2414 505 2488 scribens,
537 2415 639 2478 Deum
665 2413 843 2478 novissime
864 2414 1005 2476 locutum
1023 2434 1097 2477 esse
1113 2413 1207 2478 uobis
1224 2413 1256 2477 in
1272 2413 1374 2490 Filio,
1398 2423 1453 2498 qai
1469 2437 1530 2479 anm

344 2532 391 2587 sit
418 2527 573 2605 splendor
603 2527 745 2603 pieriae,
779 2532 813 2585 et
838 2528 947 2604 lipara
978 2526 1185 2586 substantiae
1216 2529 1306 2603 ejas,
1334 2533 1530 2607 portansque

345 2640 454 2697 omnia
485 2636 582 2695 aerbo
613 2639 745 2695 virtutis
767 2654 868 2711 snae,
901 2640 1128 2711 pnrpationem
1151 2643 1367 2714 peccatoram
1394 2639 1529 2715 faeiem,

344 2746 458 2804 sedet
472 2746 522 2804 ad
536 2746 742 2805 desteram
758 2746 986 2821 majestatie
1001 2749 1041 2804 in
1056 2745 1281 2823 excelsis⁶).
1301 2742 1385 2822 Qum
1396 2742 1530 2829 imoipse
1568 2729 1570 2831 1

346 2850 530 2916 Christus
562 2851 753 2915 Dominus
785 2850 869 2914 idem
894 2864 1075 2926 asseveret,
1100 2874 1196 2937 quum
1218 2873 1329 2917 coram
1350 2851 1531 2938 synedrios

344 2960 490 3045 Principe
523 2963 747 3034 sacerdotum,
779 2973 949 3045 postquam
969 2962 1133 3045 adjuratus
1151 2960 1295 3036 dixerat,
1317 2983 1355 3026 se
1379 2960 1531 3028 Christum

344 3069 404 3133 Dei
424 3069 538 3133 Filium
559 3091 650 3145 esse,
672 3069 729 3136 ait:
776 3073 1007 3134 Verumtamen
1028 3075 1100 3133 dico
1122 3075 1232 3151 andis,
1257 3076 1378 3135 amodo
1395 3075 1532 3136 videbitis

240 3203 242 3208 ·
345 3181 491 3241 Filiam
507 3186 679 3242 bominis
695 3183 893 3241 sedentem
910 3203 930 3241 a
948 3184 1111 3243 dextris
1126 3188 1299 3244 virtutis
1314 3185 1414 3262 Dei,
1437 3190 1530 3245 etae-

344 3296 513 3352 aientem
533 3296 573 3351 in
594 3292 770 3352 nabibus
786 3292 907 3367 caeli,
940 3288 961 3352 i.
984 3311 1080 3353 eme
1102 3311 1226 3354 summe
1248 3291 1396 3375 potentia
1423 3291 1529 3356 instro·

345 3409 431 3461 ctum
463 3396 622 3462 vindicem
653 3400 811 3463 scelerum
842 3410 1025 3462 vestrorum
1057 3398 1268 3483 experiemini
1280 3402 1316 3479 ⁷).
1347 3403 1392 3467 Et
1412 3400 1530 3465 iterum:

345 3509 455 3568 Data
479 3515 540 3567 est
560 3512 652 3568 inibi
677 3515 801 3570 omnis
821 3515 1028 3588 potestas,
1054 3511 1244 3588 incaelo,
1264 3517 1362 3573 etin
1380 3507 1529 3587 terra⁸).

344 3611 403 3676 Ubi
420 3612 586 3677 manifeste
604 3614 642 3677 de
658 3628 817 3699 potestate
834 3615 937 3700 aliqua
954 3637 1038 3680 nova
1053 3616 1201 3702 loquitur,
1219 3614 1257 3680 eti
1273 3616 1436 3694 videlieet,
1453 3637 1529 3705 quau

344 3733 379 3782 ut
394 3720 566 3784 Redemtor
583 3723 745 3788 bominum
762 3723 824 3788 sibi
840 3747 896 3809 per
913 3738 1051 3790 mortem
1069 3739 1101 3790 et
1117 3727 1398 3793 resurrectionem
1408 3725 1527 3814 acquisi-

346 3840 436 3892 turus
453 3841 530 3893 erat.
556 3832 657 3908 Quum
674 3832 759 3896 enim
774 3833 921 3898 homines
939 3832 1096 3920 sauguine
1113 3856 1174 3898 suo
1191 3835 1406 3902 redemisset:
1419 3840 1473 3923 jus
1486 3857 1528 3900 nu·

347 3949 418 4000 ctus
435 3951 495 4012 est,
512 3960 569 4002 eos
586 3939 617 4004 in
635 3963 772 4029 regnum
789 3964 881 4006 suum
899 3943 1132 4029 congregandi,
1150 3956 1183 4008 et
1197 3945 1286 4009 velut
1297 3946 1449 4013 subditos
1464 3964 1527 4013 suos

347 4044 552 4127 efficiendil).
593 4052 733 4114 Petrus
764 4072 842 4114 vero
876 4053 984 4116 babet:
1014 4052 1087 4127 Oai
1110 4061 1231 4115 estin
1265 4058 1526 4132 desterallei,

342 4232 563 4254 m

456 4359 481 4438 ¹)
497 4360 610 4440 pros.
630 4359 659 4433 1,
677 4359 820 4427 20-23.
854 4400 895 4410 -
929 4360 957 4449 ²)
975 4365 1020 4426 Of.
1035 4364 1068 4437 4,
1087 4361 1138 4426 15.
1157 4363 1187 4440 5,
1206 4362 1262 4428 23.
1280 4365 1351 4432 001.
1370 4366 1465 4442 2,19.
1492 4397 1520 4410 -

350 4446 642 4530 3)(101.1,18.--
670 4451 694 4534 4)
713 4453 742 4517 1.
761 4455 831 4518 Oor.
851 4451 903 4526 15,
920 4453 973 4517 25.
994 4456 1038 4516 Of.
1055 4457 1108 4517 Ps.
1126 4453 1180 4526 59,
1201 4454 1253 4519 10.
1271 4457 1343 4521 Jos.
1363 4456 1414 4531 10,
1430 4455 1518 4522 24.-

350 4536 655 4617 5)Ρε.109,1-2.
687 4581 731 4591 -
764 4545 1282 4626 8)Η61)τ.1,3.(11.1,13-14.
1311 4548 1361 4595 ’-
1396 4544 1516 4627 uttam·

348 4624 402 4698 26,
420 4627 472 4690 64.
492 4667 532 4676 —
551 4635 580 4709 ⁸)
596 4634 706 4698 Motth.
723 4635 783 4711 28,
804 4635 853 4699 18.
875 4673 916 4682 -
935 4637 963 4714 ⁹)
981 4636 1026 4698 ct.
1045 4638 1113 4699 Act.
1134 4635 1186 4708 10,
1205 4637 1258 4701 36.
1295 4638 1324 4702 1.
1342 4641 1423 4702 Pctr.
1438 4637 1465 4710 4,
1480 4633 1513 4697 11.

350 4712 380 4776 2.
398 4719 482 4779 Patr.
502 4719 536 4792 1,
556 4719 607 4784 11.
639 4725 711 4788 tud.
730 4725 760 4789 4.
792 4725 1039 4808 Apoc.11,15.
1072 4727 1296 4802 Lue.19,10.
1330 4722 1510 4801 Rom.6,ll·

352 4803 380 4871 l·
399 4806 468 4869 Cor.
488 4808 517 4885 7,
534 4809 587 4875 23.
608 4811 660 4885 15,
677 4815 730 4882 22.
748 4820 810 4889 Tit,
826 4816 858 4902 2,
876 4816 926 4879 14.
945 4819 1040 4885 Hebr.
1058 4817 1090 4893 2,
1110 4816 1253 4885 14-15,
