3775 5625
1444 416 1487 485 41

293 590 390 646 tomo
398 588 551 661 jumenta
568 584 728 663 amplius:
746 589 863 645 cuncto
878 584 1053 659 subjacent
1066 588 1220 661 vanitati,
1246 592 1279 645 et
1293 590 1402 647 omnic
1414 606 1490 665 per·

291 702 375 772 pust
394 696 440 757 ad
461 714 564 757 unum
590 694 730 773 locum.)
752 695 789 753 de
811 695 953 771 corporis
971 703 1089 754 tantum
1105 705 1206 755 morte
1223 697 1310 775 ogit,
1332 714 1409 773 quae
1427 706 1490 758 tam

292 808 407 867 bestiis
444 825 536 885 mam
566 805 739 865 hominibus
766 804 925 865 subeunda
955 813 1014 874 eat,
1036 814 1125 864 atax
1141 824 1171 864 v.
1189 800 1242 866 20.
1261 806 1403 883 adparet:
1442 804 1492 867 Et

292 921 406 977 oacrio
417 921 562 996 percunt
575 915 621 976 cd
633 932 735 975 unam
751 913 876 975 locum:
894 914 934 974 dc
949 920 1041 974 terra
1054 916 1150 992 fecta
1165 919 1255 991 sont,
1274 920 1307 975 et
1320 919 1490 975 interram

288 1031 422 1107 pariter
443 1031 654 1087 revertuntur
660 1047 675 1103 ;
694 1026 806 1085 etenim
824 1025 925 1084 anima
939 1017 1032 1100 juxta
1048 1025 1176 1085 eundem
1204 1025 1238 1085 S.
1256 1023 1489 1103 Scriptorem¹)

292 1154 447 1215 nunquam
474 1135 576 1213 privis
598 1145 681 1207 erat;
713 1135 791 1194 unde
824 1134 915 1193 etiam
937 1134 967 1192 in
984 1134 1142 1211 pulverem
1158 1135 1278 1194 reverti
1299 1154 1357 1194 non
1374 1145 1487 1213 potest.

291 1248 333 1311 V.
350 1242 406 1307 21.
423 1255 542 1305 autem:
583 1240 689 1323 (Ouia
708 1248 817 1322 novit,
840 1247 870 1303 si
890 1248 1031 1322 spirituo
1043 1229 1196 1322 filiorum
1206 1244 1313 1305 Adcm
1329 1244 1490 1305 accendat

289 1374 442 1433 curcum,
460 1360 494 1415 et
507 1358 537 1413 si
553 1358 692 1432 spiritua
696 1356 928 1431 jumentorum
944 1354 1124 1415 descendet
1137 1355 1293 1415 deorsum
1305 1349 1346 1434 Β)
1369 1356 1488 1416 animae

289 1464 513 1528 immortalitas
529 1473 600 1542 post
615 1464 758 1541 corporis
775 1473 905 1523 mortem
922 1464 1099 1542 neutiquam
1117 1465 1333 1535 addubitator,
1350 1465 1404 1524 aod
1421 1474 1487 1525 tao·

288 1585 356 1635 tum
387 1576 425 1634 da
450 1576 520 1635 loeo
541 1573 718 1651 quaeritur,
745 1593 804 1652 quo
823 1574 955 1651 spiritus
983 1595 1001 1635 a
1027 1594 1159 1653 corpore
1181 1575 1316 1651 sejuncti
1335 1575 1489 1635 moraturi

287 1686 370 1744 aiot:
388 1703 460 1745 oum
476 1684 527 1744 hic
543 1685 631 1743 locut
648 1704 755 1763 supra,
773 1702 811 1746 an
828 1684 912 1743 inira
929 1693 1047 1743 terram
1069 1685 1125 1754 sit,
1150 1684 1208 1745 hoe
1225 1703 1260 1743 co
1277 1684 1402 1745 nescire
1419 1687 1487 1743 iio·

287 1794 508 1855 cleciaates
532 1794 708 1853 confitetor.
735 1793 798 1853 Sed
822 1802 853 1853 et
878 1812 907 1852 v.
930 1788 984 1854 22.
1019 1791 1091 1869 (nt
1106 1793 1302 1873 deprehendi
1317 1792 1402 1853 nette
1414 1812 1488 1853 ecce

286 1903 420 1981 ocelim,
438 1923 537 1985 quem
553 1902 673 1964 laetari
689 1906 850 1963 hominem
866 1908 901 1963 in
917 1921 1015 1982 opere
1029 1922 1108 1963 arco:
1125 1908 1160 1963 et
1172 1907 1257 1963 tanc
1271 1921 1345 1962 esce
1356 1908 1488 1981 partem

286 2012 395 2075 illicce.
429 2009 515 2086 Ouio
531 2018 615 2074 enim
642 2033 716 2075 eum
740 2013 899 2090 adducet,
918 2018 958 2074 ut
980 2019 1112 2092 poetae
1134 2015 1256 2091 futura
1273 2014 1485 2090 copnoacctt)

285 2124 408 2184 animae
425 2124 641 2183 immortalitas
659 2124 689 2182 in
708 2124 829 2183 dubium
846 2143 905 2182 non
921 2133 1063 2196 vocatur,
1080 2123 1135 2182 ted
1152 2133 1269 2183 tantum
1282 2124 1405 2194 dieitur,
1422 2142 1485 2183 mo·

284 2233 359 2292 dom
386 2234 577 2293 rationemve
603 2236 657 2291 τοῦ
683 2253 754 2293 esse
776 2234 896 2294 animae
920 2243 992 2311 post
1013 2242 1143 2293 mortem
1171 2234 1313 2311 eorporis
1338 2252 1408 2293 esso
1426 2236 1487 2296 sibi

283 2342 497 2420 incognitam
515 2352 546 2403 et
561 2353 730 2422 propterca
745 2362 844 2421 oeque
861 2344 897 2402 de
915 2343 973 2403 hae
990 2344 1209 2423 cognoscenda
1235 2343 1325 2401 anxie
1342 2344 1485 2403 laboran-

283 2451 370 2520 dnm,
386 2452 442 2511 sed
458 2453 622 2530 tranquillo
640 2471 677 2513 ao
693 2453 785 2512 hilari
801 2452 901 2513 animo
918 2454 1021 2514 officia
1038 2453 1208 2512 subeunda.
1225 2452 1383 2523 Velvero,
1394 2472 1485 2531 quum

283 2561 317 2619 in
334 2562 594 2638 praecedentibus
603 2561 632 2635 ²)
656 2552 765 2623 auctor
786 2580 878 2623 sacer
896 2572 1031 2632 asserat,
1056 2565 1176 2631 Deum,
1194 2562 1245 2639 qui
1261 2562 1423 2639 aliquando
1434 2563 1484 2638 ju·

285 2679 371 2729 atum
388 2679 421 2729 et
436 2670 560 2748 impium
572 2644 770 2746 judicaturus
787 2671 840 2741 cit,
857 2670 1039 2746 injustitiam
1060 2670 1091 2729 in
1109 2671 1206 2731 terris
1228 2672 1425 2748 permittere,
1450 2682 1484 2732 ut

284 2779 427 2840 homines
452 2780 566 2858 partim
591 2781 717 2859 probet,
741 2780 853 2859 partim
871 2780 916 2839 eis
934 2780 1092 2851 ostendat,
1113 2781 1199 2858 ipsos
1217 2782 1314 2859 quoad
1333 2800 1446 2859 eorpus
1464 2802 1482 2843 a

283 2891 397 2950 bestiis
414 2890 493 2950 haud
513 2891 651 2961 differre,
668 2910 781 2951 sensus
798 2891 882 2950 illios
898 2891 960 2952 loci
977 2901 1045 2950 est:
1062 2891 1213 2950 hominem
1231 2910 1376 2951 sensuum
1394 2893 1482 2953 testi·

284 2999 388 3058 monio
412 3000 449 3058 de
475 3001 581 3061 sutura
603 3001 669 3061 vita
693 3001 753 3061 sibi
777 3002 969 3078 persuadere
994 3000 1075 3059 haud
1096 3019 1205 3078 possa;
1237 3002 1315 3061 uode
1338 3001 1482 3078 optimum

284 3129 374 3180 esse,
400 3110 486 3170 utin
512 3113 579 3170 Deo
602 3112 749 3182 confidat,
772 3111 822 3190 qui
844 3130 900 3171 nos
918 3112 1077 3189 aliquando
1089 3109 1285 3186 judicaturus
1303 3119 1368 3180 est,
1392 3120 1482 3188 atquo

282 3221 387 3278 Deum
405 3220 517 3279 timens
534 3221 594 3279 sibi
610 3230 642 3279 et
658 3221 727 3280 aliis
745 3240 814 3282 com
830 3222 950 3281 laetitia
966 3221 1141 3281 benefaciat
1150 3217 1186 3300 ³).

652 3439 679 3520 §.
696 3432 735 3505 8.
753 3433 947 3505 Animae
965 3432 1111 3523 origo.

395 3597 526 3664 Certum
550 3599 677 3685 quidem
703 3613 754 3666 est
769 3614 802 3664 et
817 3602 857 3665 ab
874 3600 1024 3665 omnibus
1039 3598 1186 3664 fidelibus
1203 3619 1303 3684 aeque
1320 3619 1358 3663 ae
1373 3597 1479 3662 inere·

288 3707 366 3772 iulis
390 3719 424 3772 et
444 3708 616 3774 haereticis
633 3709 825 3786 admissum,
842 3732 962 3796 corpus
980 3723 1128 3775 nostrum
1144 3708 1365 3793 aparentibus
1383 3729 1480 3795 gene·

291 3817 358 3892 rari,
375 3817 521 3902 quomis
544 3831 576 3882 et
597 3818 674 3883 iliud
695 3821 811 3884 saltem
826 3820 964 3884 mediate
981 3819 1023 3884 sit
1032 3823 1059 3898 ⁴)
1078 3819 1183 3882 eDeo
1200 3818 1419 3901 repetendum,
1437 3816 1483 3881 ita

293 3936 319 3988 ot
333 3927 376 3991 ad
397 3927 622 3992 auctoritatem
639 3932 672 3993 S.
691 3929 913 4015 Scriptorum)
938 3929 991 3994 hic
1007 3947 1188 4013 provocare
1210 3947 1383 3995 necessum
1398 3926 1483 3990 haud

293 4031 335 4099 sio
359 4036 482 4100 Verum
502 4035 531 4101 si
554 4037 593 4101 de
615 4036 742 4124 origine
763 4037 887 4102 animae
903 4037 1049 4124 quaestio
1066 4049 1230 4101 movetur:
1255 4055 1383 4120 semper
1406 4055 1479 4122 gra·

289 4140 418 4209 tissima
439 4146 637 4211 concertatio
662 4147 736 4222 fuit,
757 4147 896 4232 primmn
916 4148 1000 4213 inter
1022 4147 1169 4212 ethnicos
1200 4145 1427 4231 philosophos,
1449 4157 1482 4208 et

281 4249 398 4320 deinde
413 4253 498 4319 inter
515 4255 714 4321 Christianos
732 4257 930 4345 Theologos.
1445 4273 1446 4276 ’

393 4363 551 4431 Diversae
567 4369 636 4450 Jam
662 4366 855 4441 sententiae,
873 4387 953 4452 quae
971 4368 1011 4431 de
1028 4365 1154 4454 origine
1173 4363 1297 4430 animae
1314 4364 1478 4454 excogita·

265 4474 340 4535 tae
355 4487 438 4550 sunt,
453 4474 546 4541 facile
563 4477 603 4539 ad
620 4490 755 4562 quatuor
770 4476 882 4541 reduci
898 4489 1043 4562 possunt.

259 4598 502 4623 h*—

391 4674 418 4762 1)
436 4679 482 4744 Of.
500 4677 553 4755 12,
571 4678 600 4743 7.
615 4715 659 4726 -
676 4681 702 4761 ²)
719 4680 758 4746 V.
776 4678 827 4745 17.
846 4716 888 4726 -
905 4681 972 4742 coll.
989 4701 1055 4742 ev.
1070 4676 1121 4742 16.
1134 4715 1176 4724 —-
1189 4683 1217 4759 ³)
1232 4679 1277 4741 of.
1291 4700 1320 4738 v.
1335 4675 1478 4744 12—14.

257 4788 320 4906 Γ
355 4767 376 4846 ⁴)
390 4768 421 4835 2.
437 4771 551 4832 Macch.
570 4768 600 4845 7,,
618 4769 662 4834 22
678 4794 702 4838 s.
719 4771 765 4833 Of.
782 4771 856 4835 Joh.
875 4769 926 4848 10,
944 4769 998 4836 10.
1012 4773 1064 4832 Ps.
1076 4767 1157 4851 ⁸138,
1176 4767 1218 4833 15
1235 4792 1259 4834 s.
1277 4805 1318 4816 -
1337 4773 1364 4851 ⁵)
1381 4771 1477 4836 Hebr.

354 4856 395 4922 10.
