3775 5625
377 394 428 445 tae
451 378 675 443 communione
699 381 904 463 conjunctus,
936 380 994 442 sed
1017 378 1087 461 ipse
1110 398 1206 442 verus
1230 379 1317 443 Deus
1339 378 1372 443 in
1397 389 1554 443 aeternum

377 490 567 561 laudandum
591 500 624 551 et
647 487 698 573 qni
721 489 752 546 tr
771 494 873 566 μορφῇ
892 490 979 557 θεοῦ,
1002 486 1022 549 i.
1040 488 1173 551 ebone
1193 508 1290 552 verus
1314 486 1457 562 exstitit,
1481 484 1556 549 idem

375 599 446 682 ipse
461 598 604 660 ethome
621 596 724 660 factus
741 609 805 669 est,
822 616 858 659 se
874 595 979 659 divina
995 596 1085 681 quasi
1101 596 1251 660 abdicans
1268 598 1451 679 majtestate.
1472 595 1557 673 Quod

378 706 407 769 si
422 726 563 790 persona
577 704 675 768 Verbi
691 703 787 767 divini
803 715 949 767 naturam
965 705 1131 767 humanam
1155 698 1355 763 ἀνυπόστατον
1375 703 1409 767 in
1434 714 1557 767 setam·

379 834 472 900 quant
488 814 557 896 ejus
573 808 758 890 ὑφισταμένη]
782 833 846 874 nnn
869 812 1083 896 suscepisset:
1107 811 1204 875 titius
1221 798 1280 875 Dei
1295 830 1498 897 nequaquam
1511 810 1558 873 ho·

378 943 431 985 mo
449 921 552 985 factus
575 941 660 993 esse,
676 933 710 983 et
725 940 764 983 eo
781 920 886 984 minus
910 921 1117 1003 semetipsum
1134 920 1348 984 exinanivisse
1365 919 1430 983 dici
1445 918 1558 1003 potuis·

380 1042 438 1093 set.
463 1029 496 1091 ld
512 1028 617 1110 ipsum
634 1027 730 1090 tradit
745 1049 863 1110 porro,
887 1050 982 1113 quum
1006 1028 1134 1092 scribit:
1159 1029 1201 1091 ut
1215 1035 1300 1091 enim
1323 1032 1443 1110 (quom
1460 1033 1560 1107 loqui-

378 1159 452 1201 mur
465 1140 529 1198 Dei
552 1142 765 1217 sapientiam)
797 1143 1035 1218 cognovissent,
1060 1159 1224 1217 nonquam
1247 1139 1457 1199 Dominum
1478 1143 1561 1215 pto·

379 1251 466 1308 riae
504 1248 859 1323 crucifixissenffi).
898 1247 1017 1308 Porro:
1062 1246 1171 1307 Unus
1208 1248 1407 1307 Dominus
1446 1247 1563 1308 Jetut

383 1354 589 1426 Christus,
618 1375 690 1431 per
721 1374 828 1431 ouem
860 1354 1036 1431 omnim).
1066 1355 1183 1438 Atque:
1212 1354 1275 1415 unt
1297 1359 1561 1432 oenitplem‘todo

385 1465 553 1540 temporis,
576 1464 785 1524 misitDeus
799 1464 951 1523 Filium
974 1482 1081 1523 soom
1103 1464 1259 1534 foetum
1282 1482 1333 1523 eor
1354 1465 1563 1540 muliere⁸).

380 1567 501 1647 Qtrihus
518 1566 685 1631 manifeste
702 1567 753 1632 itte
768 1568 852 1652 ipse,
870 1570 961 1652 cujus
977 1580 1028 1632 est
1043 1569 1194 1651 majestas
1211 1566 1331 1642 divina,
1356 1580 1388 1631 et
1403 1567 1459 1653 qui
1474 1567 1563 1633 Crea-

380 1688 433 1741 tor
447 1696 555 1739 rerum
573 1675 713 1739 omnium
729 1676 857 1740 exsistit
871 1698 909 1741 ac
925 1676 985 1740 uei
1000 1675 1122 1749 Filius,
1135 1675 1229 1739 simul
1251 1676 1348 1739 horno
1372 1676 1495 1752 factus,
1517 1678 1564 1740 Je-

381 1806 453 1858 sus,
467 1783 586 1847 Mariae
601 1782 717 1857 uinus,
733 1796 826 1868 atque
842 1805 958 1867 passus
974 1804 1012 1847 ac
1029 1782 1203 1847 crucifixus
1219 1803 1293 1847 esse
1310 1783 1509 1858 declaratur,
1524 1796 1564 1848 at·

382 1914 442 1978 qne
457 1892 546 1955 Deus
562 1903 595 1955 et
609 1892 717 1966 horno,
733 1913 796 1956 una
810 1894 983 1978 eademque
998 1891 1157 1955 individuo
1172 1912 1313 1975 persona
1327 1891 1514 1956 adstruitur.
1528 1929 1565 1939 —
1612 1937 1654 1947 -

330 2066 333 2072 .
383 2002 584 2085 Quapropter
607 2013 640 2064 et
663 2000 849 2066 Christus
865 2001 896 2063 in
914 2004 973 2064 SS.
989 2000 1120 2065 Litteris
1144 2022 1209 2063 non
1225 2012 1347 2065 tantum
1371 2022 1478 2065 eous
1499 2004 1649 2064 Do·—

381 2114 543 2188 mioos⁴)‚
566 2131 666 2173 onos
688 2112 892 2188 Mediator-⁸)
918 2110 1048 2183 dicitur,
1072 2110 1129 2172 sed
1146 2122 1178 2172 et
1193 2108 1344 2173 attributa
1367 2122 1502 2173 naturae
1515 2110 1640 2172 hu—

382 2238 494 2282 manae
510 2216 642 2301 propria
665 2238 739 2281 esse
762 2229 893 2281 naturae
918 2216 1043 2280 divinae
1066 2214 1171 2281 divina
1194 2214 1335 2301 persona
1355 2215 1637 2290 subsistentis,

382 2338 416 2390 et
430 2324 571 2389 vicissim
586 2324 737 2389 attributa
752 2339 884 2390 naturae
899 2324 1024 2388 divinae
1035 2324 1167 2409 propria
1182 2345 1254 2389 esse
1269 2337 1403 2389 naturae
1418 2326 1634 2388 humanae

383 2431 495 2498 eisdem
510 2434 678 2517 hypostasi
694 2432 798 2499 divinat
812 2438 866 2493 τοῦ
883 2429 986 2512 Ao'yoo
1003 2455 1061 2518 per
1077 2455 1112 2498 se
1129 2433 1332 2508 exsistentis,
1348 2435 1494 2497 docetur.
1518 2431 1629 2496 ste

384 2562 478 2628 egr.
501 2541 571 2625 ipse
594 2541 742 2606 Christus
765 2544 838 2607 loco
860 2543 1101 2626 supralaudato
1119 2543 1158 2606 de
1173 2563 1211 2606 se
1226 2541 1285 2605 ait:
1309 2544 1416 2605 Nemo
1432 2545 1625 2604 occentet

384 2654 572 2731 incoctum,
591 2655 658 2713 nisi
681 2657 748 2730 oui
769 2657 975 2714 descendit
995 2659 1039 2712 de
1062 2659 1194 2732 coelo,
1212 2653 1355 2714 Filius
1377 2653 1551 2713 hominis
1576 2693 1617 2728 ,

385 2764 451 2838 poi
473 2771 533 2823 eat
554 2764 596 2821 io
619 2760 780 2838 coeto⁶).
810 2760 852 2824 Et
874 2760 1036 2824 Paulus:
1063 2760 1130 2835 ooo
1152 2765 1250 2823 etiam
1270 2764 1439 2840 proprio
1463 2759 1547 2821 totto·
1564 2774 1616 2816 o

385 2889 456 2931 suo
473 2889 540 2930 non
553 2875 710 2949 pepercit,
728 2878 788 2930 sod
798 2891 861 2948 pro
877 2875 971 2931 nodis
994 2875 1141 2931 omnious
1170 2874 1345 2932 tradidit
1373 2873 1504 2948 illum,
1527 2884 1613 2928 se.

385 2975 482 3039 morti
493 2978 528 3054 ⁷).
551 2978 594 3038 Et
615 2978 757 3041 Petrus
780 2977 820 3040 ad
844 2978 1010 3060 populum,
1034 2988 1148 3039 sana-to
1171 2975 1285 3039 claudo
1302 2977 1343 3039 ad
1359 2986 1489 3058 portam
1504 2992 1609 3058 spe-

386 3083 508 3148 ciosam
525 3083 648 3168 templi,
668 3086 767 3148 verba
781 3085 918 3148 faciens:
948 3088 1013 3147 Vos
1028 3097 1133 3148 ootem
1156 3097 1315 3166 sonetum,
1333 3097 1366 3146 et
1370 3088 1501 3164 justum
1515 3102 1610 3144 ne-

320 3184 322 3188 ’
383 3198 502 3272 postis,
527 3204 560 3255 et
578 3199 705 3270 petistis
725 3199 831 3255 virum
861 3197 1054 3255 homicidam
1083 3198 1202 3254 donari
1231 3198 1340 3255 vodis:
1373 3202 1608 3255 auctorem

387 3319 465 3363 vero
482 3306 569 3362 vitoe
590 3304 916 3379 interfecturum).
942 3300 1029 3377 Quae
1045 3312 1153 3363 mutua
1168 3299 1430 3383 praedicatorum
1446 3306 1604 3363 naturae

387 3406 511 3469 divinae
529 3418 561 3469 et
576 3407 730 3471 humanae
753 3408 850 3472 realis
874 3406 1120 3473 communicatio
1144 3407 1333 3472 necessario
1349 3409 1472 3471 realem
1487 3404 1598 3470 unio·

388 3533 461 3576 nem
485 3512 648 3597 utriusque
672 3528 802 3581 naturae
826 3517 858 3580 in
881 3538 944 3580 una
968 3517 1140 3601 eademque
1171 3536 1313 3599 persona
1344 3515 1469 3603 arguit3
1501 3512 1597 3578 alin-⁴»

391 3619 489 3695 enim,
506 3621 534 3684 si
550 3621 690 3686 Verbum
715 3624 851 3689 divinum
873 3648 945 3689 cum
966 3624 1093 3688 homine
1113 3627 1192 3688 Jesu
1223 3623 1427 3708 hypostatice
1458 3622 1593 3687 unitum
1666 3608 1667 3631 ¹

392 3750 455 3791 non
470 3743 574 3793 esset:
605 3743 670 3795 tam
686 3755 798 3816 parum
813 3735 898 3798 velut
913 3733 1078 3818 proprium
1095 3732 1215 3798 Christi
1230 3732 1290 3796 Dei
1305 3731 1489 3817 praedicari
1504 3745 1587 3816 pos·

393 3847 458 3908 set,
475 3840 557 3920 qnod
573 3839 613 3902 ad
629 3852 772 3905 naturam
781 3842 954 3918 ,humanam
970 3842 1117 3926 pertinet,
1134 3853 1188 3905 aut
1202 3842 1289 3905 velut
1304 3841 1473 3925 proprium
1490 3831 1584 3905 ctri-

500 4058 527 4132 ¹)
547 4053 574 4116 1.
592 4056 662 4118 Cor.
680 4057 711 4127 2,
729 4055 759 4119 8.
777 4057 822 4118 cf.
839 4059 935 4138 Apoc.
955 4058 984 4132 1,
1001 4056 1030 4120 6.
1047 4055 1078 4130 5,
1096 4055 1238 4119 12-13.
1268 4058 1337 4118 coll.
1354 4054 1393 4131 4,
1410 4055 1440 4120 9.
1459 4046 1574 4119 1111,

396 4139 448 4203 13.
467 4140 517 4215 16,
533 4141 562 4204 9.
581 4143 658 4225 8,1.
677 4146 729 4218 19,
749 4147 777 4209 l.
794 4149 838 4209 Of.
854 4149 1018 4209 Ambros.
1044 4152 1093 4208 De
1109 4148 1167 4223 fid.
1185 4150 1204 4209 l.
1222 4152 1251 4207 2.
1270 4168 1294 4208 e.
1310 4152 1341 4210 4.
1365 4169 1399 4208 tt.
1415 4151 1467 4208 35.
1498 4144 1568 4225 Opp·
1661 4150 1667 4207 .·'

395 4232 434 4293 T.
451 4231 482 4293 2.
500 4252 528 4293 c.
545 4232 621 4295 476.
639 4272 681 4280 -
698 4240 726 4312 ²)
746 4236 774 4298 1.
793 4237 863 4302 Oor.
880 4236 910 4310 8,
927 4235 957 4299 6.
975 4275 1017 4283 -—
1037 4237 1061 4319 ³)
1079 4238 1148 4299 Gal.
1165 4235 1198 4318 4,
1214 4235 1245 4298 4.
1271 4236 1317 4298 Of.
1335 4239 1425 4302 Rom.
1444 4236 1473 4313 1,
1488 4235 1516 4299 3.
1529 4247 1565 4311 gf·
1657 4243 1667 4295 i

398 4356 439 4367 —-
458 4317 483 4403 4)
502 4320 531 4381 1.
549 4322 619 4384 (ior.
636 4322 667 4395 8,
684 4324 714 4386 6.
732 4361 774 4371 —
794 4326 818 4408 ⁵)
837 4327 865 4388 1.
885 4329 964 4388 Tim.
980 4326 1011 4408 2,
1028 4325 1058 4389 5.
1076 4328 1122 4388 Of.
1140 4327 1169 4388 1.
1187 4328 1298 4388 Thess.
1315 4326 1454 4410 3,11.2.
1470 4326 1561 4389 uteo·
1648 4364 1653 4374 ·

398 4408 432 4479 2,
452 4408 502 4471 16.
528 4414 614 4476 Rom.
634 4412 689 4487 15,
705 4413 758 4477 30.
775 4414 806 4477 2.
833 4416 902 4478 Oor.
921 4415 1048 4489 13,13.
1067 4453 1109 4464 -
1127 4416 1151 4492 ⁸)
1168 4418 1259 4479 Joan.
1278 4415 1314 4493 3,
1334 4417 1387 4481 13.
1412 4419 1457 4480 Of.
1474 4415 1506 4493 8,
1520 4404 1557 4476 58·
1640 4438 1651 4459 *

399 4495 562 4649 iiffiis—
583 4502 608 4577 7)
625 4504 710 4565 som.
728 4503 762 4577 a,
779 4503 832 4566 32.
860 4505 904 4564 cf.
921 4507 990 4567 Act.
1007 4505 1065 4582 20,
1082 4505 1135 4569 aa.
1168 4507 1237 4572 cn.
1254 4506 1291 4584 4,
1307 4508 1339 4571 4.
1359 4545 1403 4557 -
1423 4495 1554 4589 saort
1628 4493 1667 4597 ft·
