3775 5625
357 424 399 489 86

356 588 474 675 quitus,
497 598 589 670 atque
611 587 670 648 SS.
691 584 831 647 Patres
854 582 893 647 ad
910 604 1007 646 uuum
1024 601 1136 646 omnes
1169 581 1301 653 docent,
1326 580 1485 645 Adamum
1502 580 1554 644 lta·

355 696 466 761 buisse
492 715 557 758 nou
582 690 739 757 moriendi
764 692 961 766 facultatem,
988 712 1046 755 seu
1071 690 1156 775 quod
1172 689 1256 753 idem
1272 701 1333 763 est,
1349 701 1424 754 aute
1441 710 1554 774 pecca·

356 819 422 874 tum
447 804 549 869 luisse
572 802 800 876 immortalem,
825 813 858 865 et
873 813 995 864 tautum
1012 813 1144 885 propter
1160 811 1328 885 peccatum
1344 798 1555 865 commissum

280 933 283 939 ’
355 913 514 1000 moriendi
552 910 738 977 necessitati
778 911 954 975 obnoxium
993 931 1067 975 esse
1098 909 1271 985 redditum,
1302 921 1338 974 ut
1367 908 1555 974 nominatim

357 1022 598 1108 Theophilus
622 1020 813 1086 Antioch.
827 1025 869 1099 ¹),
891 1019 1129 1099 Justiuus²)‚
1147 1018 1389 1100 Tatianusl),
1422 1017 1552 1107 Orige-
1595 1080 1598 1091 ,

356 1136 479 1213 ues⁴),
495 1128 794 1209 Athanasius⁵),
812 1127 987 1213 Cyrillus
1001 1134 1044 1209 ⁶),
1062 1127 1285 1213 Cyprianus
1299 1130 1324 1207 ²)
1342 1141 1375 1193 et
1390 1129 1552 1196 Ambro-
1662 1139 1667 1174 ³

356 1240 439 1310 sius
452 1241 489 1322 ⁸).
520 1239 728 1324 Reliquorum
754 1239 827 1302 loco
852 1238 895 1302 sit
916 1237 1184 1325 Augustinus,
1208 1238 1260 1323 qui
1275 1236 1371 1304 tidem
1387 1236 1555 1304 Ecclesiae
1666 1251 1667 1260 ’

470 1401 495 1489 ¹)
512 1406 561 1464 Ad
582 1404 683 1465 Autol.
724 1454 730 1466 .
748 1409 777 1465 2.
794 1424 825 1465 n.
842 1408 891 1465 27.
917 1402 1000 1484 Opp.
1022 1404 1045 1464 J
1050 1408 1159 1467 nstin.
1176 1406 1217 1467 M.
1235 1427 1263 1485 p.
1281 1402 1357 1467 393.
1384 1404 1489 1482 Ipitur
1506 1426 1556 1466 nec

356 1497 498 1559 mortalis
513 1498 636 1570 natura,
653 1516 707 1555 nec
723 1495 906 1555 immortalis
916 1496 1034 1571 factus.
1056 1498 1137 1556 Nam
1154 1497 1183 1555 si
1198 1497 1399 1557 immortalem
1414 1497 1455 1556 ab
1469 1496 1557 1558 initio

351 1588 493 1669 fecisset,
508 1590 609 1647 Deum
625 1607 690 1647 eam
701 1586 838 1664 fecisset.
862 1589 986 1646 Rursus
1002 1588 1031 1646 si
1046 1590 1211 1657 mortalem,
1227 1587 1475 1648 uidereturDeus
1490 1609 1556 1649 aare

358 1700 395 1742 sa
410 1677 496 1745 illius
511 1677 620 1737 mortis
637 1697 708 1739 esse.
733 1679 796 1737 Nec
818 1676 1017 1738 immortalem
1034 1679 1130 1755 ipitur
1141 1679 1227 1753 fecit,
1244 1700 1298 1739 nec
1313 1680 1480 1752 mortalem,
1497 1683 1557 1762 sed,

356 1778 503 1848 utsupra
520 1768 665 1839 dicimus,
689 1788 859 1846 capacem
882 1769 1094 1845 utriusque,
1119 1776 1153 1828 ut
1168 1770 1197 1829 si
1213 1772 1253 1829 ad
1270 1771 1466 1848 referretur,
1484 1791 1557 1848 qaae

357 1866 472 1922 ducunt
486 1863 528 1920 ad
542 1859 808 1929 immortalitatem,
827 1860 1024 1920 observandis
1039 1861 1101 1920 Dei
1115 1861 1278 1933 mandatis,
1294 1864 1459 1921 mercedem
1475 1864 1513 1923 ab
1527 1881 1557 1921 eo

357 1952 509 2030 acciperet
522 1950 790 2024 immortalitatem,
808 1956 837 2008 et
848 1952 934 2010 Deus
942 1950 1033 2026 ficret
1049 1952 1129 2030 (Deo
1147 1952 1279 2032 similis);
1297 1952 1327 2011 si
1341 1972 1412 2011 vero
1430 1951 1556 2031 deflecte

357 2052 404 2103 ret
418 2045 459 2103 ad
474 2062 518 2115 ea,
536 2062 612 2118 quae
628 2044 741 2101 ducunt
755 2041 789 2099 in
804 2049 937 2112 mortem,
954 2062 1016 2101 non
1032 2042 1172 2103 obediens
1188 2046 1265 2114 Deo,
1282 2043 1365 2121 ipse
1380 2042 1458 2103 sibi
1471 2063 1557 2106 mer·

359 2135 413 2196 tis
439 2141 573 2193 auctor
599 2140 703 2195 esset.
722 2168 765 2178 —
783 2132 809 2211 2)
826 2132 912 2195 Dial.
930 2153 955 2195 e.
976 2136 1087 2211 Trppl.
1103 2155 1134 2193 n.
1153 2138 1223 2197 124.
1240 2134 1286 2196 lb.
1303 2154 1332 2214 p.
1350 2130 1428 2197 229.
1447 2137 1558 2215 (Veto
1630 2154 1663 2193 :r

359 2226 416 2286 illa
430 2244 511 2283 nune
525 2225 683 2303 profero),
700 2231 735 2283 ut
748 2224 834 2283 uobis
851 2227 1064 2296 demonstrem,
1087 2225 1240 2303 Spiritum
1255 2225 1289 2287 S.
1306 2227 1556 2303 exprobraretur
1628 2258 1665 2270 -

358 2315 622 2392 minibus,·quod,
641 2336 708 2374 cum
723 2314 768 2373 ita
777 2314 862 2394 faeti
877 2314 953 2387 sint,
981 2323 1015 2375 nt
1029 2318 1095 2376 Deo
1110 2315 1225 2378 similes
1242 2336 1277 2377 ac
1299 2316 1558 2396 perpessiones
1605 2332 1667 2374 -ε

359 2415 396 2468 et
409 2406 541 2468 mortis
558 2412 742 2484 coopertas,
760 2406 790 2465 si
804 2408 950 2465 mandata
966 2409 1031 2485 ejus
1047 2416 1166 2467 seruent
1178 2408 1373 2489 (servassent,
1390 2398 1444 2464 rte
1466 2401 1557 2484 ‹priri-
1608 2432 1667 2448 -

359 2492 468 2577 inat),
479 2497 612 2575 futuri
627 2497 708 2556 sint
723 2497 838 2578 (essent
855 2499 970 2580 effecti,
987 2490 1210 2582 γεγενημένους).
1221 2534 1265 2544 -
1280 2497 1305 2575 8)
1325 2499 1432 2562 Uentr.
1452 2499 1557 2561 osaea
1596 2544 1635 2557 -
1647 2515 1667 2550 ἓ

359 2610 389 2651 n.
407 2592 435 2651 t'.
461 2587 507 2651 Ib.
524 2609 554 2668 p.
572 2585 648 2650 263.
686 2590 814 2648 Verbum
830 2590 871 2647 ad
886 2588 1085 2648 imitationem
1118 2586 1156 2675 (s.
1174 2588 1411 2661 similitudinem,
1428 2587 1558 2671 μίμησιν)
1588 2582 1667 2664 (ἦ

359 2679 482 2750 Patris,
500 2702 520 2739 a
536 2698 595 2755 qao
609 2678 744 2755 penitam
769 2687 820 2749 est,
845 2679 1041 2754 imapinem
1064 2680 1387 2753 immortalitatis,
1412 2680 1560 2742 lemniaem
1575 2691 1667 2736 s*

356 2771 453 2851 fecit,·
469 2778 504 2831 ut
518 2773 770 2847 quemadmodum
786 2770 1001 2831 immortalitas
1019 2778 1061 2831 est
1077 2774 1161 2850 apud
1176 2774 1290 2843 Deum,
1315 2771 1362 2832 sia
1384 2775 1475 2834 tono
1497 2771 1559 2835 Dei
1576 2768 1667 2827 15*

361 2861 559 2943 portionis
587 2862 625 2943 (s.
644 2857 823 2946 divinitatis)
849 2863 1045 2941 particeps
1062 2865 1206 2943 factus,
1233 2864 1559 2925 immortalitatem
1578 2875 1667 2919 ὥ

361 2952 474 3013 etiam
488 2955 628 3014 tabeat.
647 2953 746 3033 Loqui
762 2954 925 3013 Tatiauum
943 2953 980 3013 de
996 2954 1220 3014 immortalitate
1236 2955 1380 3035 corporis,
1390 2954 1485 3017 dubio
1501 2975 1558 3015 nou
1581 2966 1667 3012 ss

362 3044 477 3117 subest,
495 3064 585 3123 quum
601 3045 669 3123 ipse
687 3063 851 3108 erroneam¹
863 3045 1042 3104 sententiam
1059 3053 1171 3120 teneat,
1188 3046 1317 3105 animam
1327 3045 1420 3106 modo
1431 3058 1667 3107 unacumss

362 3153 492 3214 corpore
516 3134 704 3207 morituram,
729 3135 890 3214 aliquando
916 3155 982 3194 cum
998 3135 1056 3195 hoc
1071 3136 1101 3196 iu
1116 3137 1210 3196 vitam
1224 3138 1333 3197 iterum
1349 3136 1603 3211 revocandum*-
1623 3150 1664 3201 ¹2

361 3234 455 3306 atque
472 3234 525 3286 aut
543 3245 612 3285 cum
628 3225 785 3305 voluptate
800 3227 1071 3299 immortalitatem,
1089 3237 1141 3286 aut
1157 3228 1290 3288 dolorem
1307 3248 1374 3289 cum
1389 3229 1658 3290 immortali-⁷·

362 3325 427 3383 tata
442 3324 666 3396 percepturam.
684 3338 713 3378 n.
725 3319 766 3376 13
776 3337 800 3378 s.
810 3339 840 3396 p.
853 3314 1040 3398 269s.—⁴)
1057 3322 1098 3377 In
1114 3319 1209 3380 Levit.
1226 3321 1303 3381 hom.
1321 3321 1349 3380 9.
1366 3339 1397 3381 n.
1416 3323 1467 3382 11.
1485 3318 1602 3401 Opp..
1645 3359 1650 3372 ·

361 3407 400 3469 T.
418 3404 450 3469 2.
467 3428 497 3487 p.
515 3404 591 3469 244.
610 3406 647 3468 Si
662 3410 717 3467 liae
734 3403 872 3492 (bonum)
883 3408 1019 3486 fecisset,
1044 3430 1228 3485 nunquam
1244 3411 1382 3488 profecto
1398 3413 1646 3473 humanm

360 3518 457 3574 penus
472 3498 651 3557 mortalis
668 3499 838 3558 conditio
856 3499 1053 3559 tenuisset.
1065 3536 1108 3546 —
1123 3498 1147 3582 5)
1162 3504 1210 3561 De
1225 3503 1383 3563 Incarnat.
1393 3522 1427 3565 n.
1437 3504 1467 3564 3.
1486 3500 1636 3583 Opp.-

361 3589 400 3648 T.
420 3584 448 3649 1.
465 3608 495 3667 p.
513 3584 567 3648 50.
593 3588 753 3662 Siquidem
778 3588 842 3648 illis
860 3625 901 3634 —
920 3592 1012 3666 lepem
1035 3590 1130 3662 dedit,
1147 3597 1182 3649 ut
1196 3592 1224 3650 si
1237 3591 1372 3669 pratiam
1389 3606 1631 3653 comessari.

362 3685 576 3738 conservarent
589 3685 617 3736 et
631 3678 702 3737 boni
717 3686 934 3757 permanerent,
945 3689 1067 3759 practer
1077 3682 1265 3760 promissam
1281 3682 1315 3741 in
1331 3683 1426 3742 coelis
1441 3684 1624 3745 immor—-

362 3767 522 3838 talitatem,
549 3769 613 3827 vita
635 3770 797 3841 moeroris,
825 3771 941 3831 doloris
958 3779 985 3831 et
999 3773 1218 3832 sollicitudinis
1242 3793 1340 3832 vacua
1363 3773 1398 3834 in
1412 3773 1620 3853 paradiso

356 3859 550 3938 fruerentur.
567 3859 625 3920 sin
647 3879 716 3918 aero
741 3865 842 3920 datam
866 3864 959 3938 tepent
981 3864 1167 3940 transpressi
1186 3864 1262 3925 mali
1270 3863 1389 3941 fierent,
1408 3873 1489 3927 certo
1504 3865 1609 3926 sci—

362 3956 437 4019 rent,
454 3968 486 4008 sc
501 3950 636 4009 mortis
653 3952 931 4026 corruptionem
948 3958 1145 4014 secundnm
1161 3962 1338 4016 naturam
1354 3956 1544 4018 subituros
1562 3998 1598 4025 ,

362 4058 416 4099 neo
424 4040 494 4113 jam
510 4040 643 4119 amplius
659 4040 693 4099 in
707 4043 857 4119 paradiso
880 4044 1029 4118 victuros,
1054 4048 1107 4104 sed
1131 4052 1218 4106 extra
1233 4046 1320 4106 iilum
1344 4047 1543 4109 morientes
1567 4089 1596 4114 ‚

362 4129 403 4188 in
425 4137 540 4189 morte
564 4137 597 4190 et
620 4132 864 4209 corruptione
889 4154 1163 4211 permansuros.
1181 4173 1224 4181 —-
1244 4135 1268 4219 ⁶)
1291 4141 1339 4198 De
1356 4138 1434 4216 fest.
1457 4140 1597 4217 pescle-

363 4223 442 4281 lom.
459 4223 508 4281 15.
526 4220 606 4302 Opp.
624 4224 662 4285 T.
680 4219 710 4284 5.
727 4222 763 4284 P.
780 4221 811 4284 2.
828 4245 858 4302 p.
877 4222 953 4286 207.
970 4226 1133 4287 Hominem
1159 4226 1249 4287 initio
1273 4229 1378 4290 statim
1392 4229 1595 4290 incorru‘

362 4309 537 4390 ptibilem
553 4320 585 4372 ct
599 4313 840 4375 immortalem
855 4315 1066 4377 universorum
1082 4318 1190 4397 opifera
1198 4319 1328 4397 fecerat,
1339 4339 1402 4380 non
1416 4319 1602 4400 propriae

364 4401 398 4461 ira
413 4403 469 4460 ltac
484 4420 517 4459 re
533 4410 660 4462 naturae
685 4405 799 4480 lepidus
822 4408 989 4488 suffultam,
1008 4444 1047 4454 —
1066 4412 1120 4467 sed
1145 4409 1217 4484 quia
1245 4410 1333 4471 illum
1348 4411 1393 4471 ita
1410 4431 1442 4472 se
1456 4413 1602 4473 tatae

264 4485 270 4497 '
365 4491 515 4553 Conditor
535 4494 636 4554 voluit.
653 4529 697 4540 -
718 4491 742 4580 ⁷)
757 4499 804 4553 Dc
821 4498 896 4556 bono
911 4498 1037 4574 patient.
1054 4520 1084 4558 n.
1103 4503 1151 4560 13.
1177 4499 1256 4581 Opp.
1274 4498 1315 4564 V.
1333 4499 1412 4582 2.·p.
1432 4499 1503 4566 159.
1518 4501 1603 4562 1⁷⁷²

364 4581 421 4640 illa
442 4581 546 4659 prima
569 4585 812 4660 transpressione
829 4587 1007 4664 firmitas
1033 4591 1213 4667 corporis
1239 4612 1318 4652 cum
1343 4585 1602 4654 immortali-

263 4714 265 4718 ψ
365 4678 437 4731 tate
453 4672 603 4735 discessit.
619 4709 665 4720 -·
676 4673 700 4753 ⁸)
715 4679 763 4736 De
780 4680 856 4736 bono
871 4687 957 4741 mort.
976 4700 999 4742 a.
1010 4685 1039 4740 4.
1057 4702 1086 4742 n.
1102 4683 1151 4742 15.
1170 4680 1249 4762 Opp.
1259 4682 1298 4744 T.
1312 4680 1340 4745 1.
1351 4704 1376 4749 c.
1385 4681 1462 4748 396.
1475 4686 1558 4745 Deio
1575 4688 1608 4728 «ς

332 4780 335 4784 ’
364 4769 513 4823 mertem
528 4783 598 4823 non
607 4765 718 4842 feeit,
735 4770 789 4825 sed
803 4777 964 4844 postquam
973 4773 1060 4831 harno
1075 4774 1182 4849 lapsus
1197 4773 1232 4830 in
1239 4773 1401 4850 stapitium
1417 4782 1462 4836 est
1473 4781 1611 4854 prce·

365 4852 565 4913 caricationis
582 4863 609 4939 et
617 4856 763 4933 fraudis,
788 4860 935 4918 sententia
956 4881 1020 4922 eum
1037 4864 1274 4941 comprehendit,
1304 4873 1345 4926 ut
1364 4865 1405 4926 in
1428 4867 1622 4928 terra-nt

366 4962 471 5006 suam
486 4950 588 5005 terra
604 4955 789 5009 remearet.
