3775 5625
343 417 411 484 8⁵16

343 586 404 647 dos
418 582 452 646 in
468 592 666 667 perpetuum,
681 581 721 644 ah
739 578 850 645 officio
868 579 1061 647 sacerdotali
1077 600 1236 666 nunqnam
1253 580 1391 647 desistit.
1407 581 1483 648 Nam
1496 597 1519 649 et

341 693 522 777 interpellat
543 712 602 775 pro
626 690 734 764 nohis,
755 703 840 755 etse
856 690 962 775 ipsum
978 702 1013 754 ut
1029 690 1166 756 hostiam
1182 693 1283 755 semel
1299 691 1332 755 in
1350 713 1407 757 ara
1428 694 1517 758 crucis

343 805 480 868 oblatam
496 800 583 866 Patri
600 801 752 865 contimro
769 801 907 865 exhibet.

351 925 353 929 ’
447 934 486 991 Β.
511 909 647 993 Cnm'S.
671 926 838 1011 Scriptura
866 927 1072 993 consentiens
1103 940 1153 993 est
1184 950 1309 1015 quoque
1343 929 1515 995 Traditio.

343 1038 399 1101 Sic
415 1037 646 1102 Ambrosius
663 1036 717 1111 ait,
733 1036 775 1100 nil
793 1057 868 1102 esse
886 1048 954 1100 tom
966 1047 1139 1121 proprium
1156 1041 1291 1114 Christi,
1307 1062 1407 1123 quom
1424 1044 1514 1103 odro-

344 1156 473 1211 cotum
490 1151 600 1231 opud
612 1150 733 1211 Deum
748 1150 916 1212 Patrem
932 1152 1098 1212 adstare
1117 1153 1337 1231 populorum,
1372 1159 1515 1213 mortem

342 1252 944 1339 suomosserrepr'ocunctta1).
970 1260 1013 1322 Et
1028 1258 1276 1345 Augustinus
1291 1271 1515 1333 commentatur,

344 1368 553 1431 Sacerdotem
570 1368 674 1431 solnm
691 1366 830 1432 intrasse
847 1367 878 1430 in
896 1379 1009 1432 sancta
1031 1380 1233 1441 sanctorum,
1264 1376 1354 1431 aiom
1374 1391 1459 1432 nono
1475 1373 1516 1432 tto

344 1478 513 1540 Sacerdos
530 1486 608 1557 post
632 1484 909 1539 resurrectionem
934 1498 1031 1540 suom
1052 1485 1189 1541 introvit
1212 1484 1246 1540 in
1267 1487 1399 1540 secreta
1422 1482 1515 1541 coelo·

343 1609 429 1666 rum,
449 1595 487 1650 ut
501 1589 548 1649 od
562 1590 733 1649 dexteram
749 1589 869 1650 Patris
884 1590 1122 1668 interpellet
1133 1610 1208 1667 pro
1225 1591 1391 1666 nodw).
1424 1595 1429 1602 '

451 1715 488 1779 C.
506 1711 694 1777 Ecclesia
719 1712 908 1778 universalis
930 1725 1036 1779 autem
1060 1714 1092 1777 id
1115 1713 1219 1798 ipsum
1244 1735 1284 1778 eo
1309 1715 1420 1788 docet,
1451 1715 1518 1800 quod

343 1844 455 1888 omnes
472 1843 588 1907 preces
605 1844 662 1906 per
681 1821 859 1898 Christum,
880 1822 1029 1887 videlicet
1045 1836 1112 1887 tum
1135 1823 1208 1909 quia
1223 1845 1283 1908 pro
1300 1822 1395 1887 nohis
1412 1822 1519 1897 meruit,

342 1944 409 1995 tum
426 1931 500 2017 qnia
514 1931 683 1997 nobiscnm
699 1944 865 2015 precatur,
897 1932 984 1997 Patri
1001 1933 1111 2008 offert,
1128 1946 1161 1997 et
1186 1954 1204 1997 a
1230 1932 1325 1997 nobis
1350 1954 1409 2017 per
1432 1933 1519 2018 ipsun

343 2039 453 2105 offerri
468 2043 544 2106 vult.

449 2169 632 2253 Interpellat
647 2190 725 2233 vero
741 2171 868 2234 Patrem
887 2170 1035 2235 Christus
1052 2169 1210 2235 Dominus
1225 2192 1287 2254 pro
1305 2169 1415 2245 nobis,
1432 2181 1463 2233 ut
1476 2170 1518 2232 do·

344 2292 396 2344 cet
411 2282 445 2343 S.
464 2257 687 2358 'l'homas³),
719 2278 855 2363 primum
878 2280 950 2365 qnia
973 2281 1151 2345 adsumtam
1171 2301 1232 2364 pro
1249 2279 1345 2344 nohis
1361 2277 1518 2344 hnmanita-

342 2402 417 2464 tem,
434 2388 620 2472 passionem
637 2409 675 2451 ac
691 2401 837 2462 mortem,
853 2389 940 2452 Patri
957 2388 1097 2463 exhibet,
1115 2388 1229 2452 deinde
1247 2388 1320 2473 quia
1333 2386 1520 2453 sanctissima

343 2498 447 2563 anima
471 2518 528 2562 sua
558 2519 619 2561 nos
643 2497 754 2561 salutis
777 2510 944 2581 compotes
967 2496 1037 2561 fieri
1054 2497 1224 2562 desiderat.
1257 2535 1301 2545 -
1335 2499 1465 2578 Quando
1479 2517 1518 2560 au·

343 2620 408 2672 tem
424 2606 595 2693 quaeritur,
612 2627 688 2669 num
704 2605 807 2670 oratio
824 2608 904 2671 haec
919 2627 997 2669 vera
1013 2627 1052 2670 ac
1066 2604 1198 2690 proprie
1215 2605 1300 2670 dieta
1316 2606 1375 2681 sit,
1400 2628 1457 2671 nec
1476 2626 1520 2669 ne:

344 2716 375 2780 in
393 2716 537 2780 diversas
555 2714 730 2780 sententias
749 2714 909 2802 Theologi
926 2717 1051 2779 abeunt.
1076 2715 1149 2779 Non
1174 2717 1288 2779 desunt
1304 2717 1434 2791 Patres,
1453 2714 1520 2800 iique

345 2841 395 2893 sat
410 2826 516 2901 multi,
540 2826 592 2913 qni
609 2825 809 2902 existiment,
832 2826 994 2891 Christum
1012 2825 1106 2890 etiam
1122 2825 1154 2890 in
1173 2827 1265 2890 coelo
1282 2847 1359 2890 vere
1378 2847 1483 2900 orare,
1497 2836 1522 2888 et

344 2938 506 3023 precando
523 2935 726 3020 interpellare
743 2958 803 3020 pro
821 2935 914 3000 nohis
923 2941 961 3015 ⁴).
981 2934 1189 3001 Communior
1207 2948 1314 2999 tamen
1330 2935 1415 3000 inter
1433 2937 1521 3000 Theo·

345 3048 441 3134 logos
478 3058 510 3110 et
532 3044 637 3133 magis
658 3059 790 3130 recepta
813 3059 863 3110 est
883 3044 1058 3120 sententia,
1090 3067 1155 3109 non
1178 3044 1261 3108 alind
1283 3066 1363 3129 prae
1391 3067 1427 3110 se
1449 3045 1520 3110 serre

346 3155 503 3242 ejusmodi
535 3155 824 3230 intercessionem,
864 3177 958 3242 quam
996 3155 1227 3240 adparitionem
1258 3167 1290 3220 et
1327 3153 1526 3240 praesentiam

346 3268 424 3330 Jesu
448 3265 582 3339 Christi,
602 3286 662 3348 pro
680 3259 775 3328 nobis
790 3264 823 3327 in
842 3287 939 3330 cruce
956 3264 1090 3340 mortui,
1113 3286 1223 3329 coram
1244 3266 1355 3339 Patre;
1391 3286 1469 3352 quae
1483 3285 1525 3348 ap·

345 3374 460 3459 paritio
482 3397 554 3438 cum
571 3376 685 3439 haheat
701 3374 837 3460 aliquam
854 3395 926 3439 cnm
943 3377 1079 3439 humana
1101 3374 1337 3440 intercessione
1363 3372 1525 3440 similitudi·

347 3507 429 3560 nem,
444 3484 517 3549 ideo
535 3484 673 3572 figurata
689 3485 837 3570 loquendi
853 3486 978 3550 ratione
995 3485 1189 3550 intercessio
1206 3498 1343 3549 vocatur
1352 3490 1393 3565 5).

453 3637 583 3697 Adnot.
603 3633 631 3695 1.
658 3638 802 3697 Christus
819 3649 970 3715 quatenus
993 3658 1049 3715 pro
1067 3638 1155 3697 nohis
1171 3637 1355 3709 intercedit,
1374 3637 1527 3714 adpellatnr

349 3747 562 3804 advocatus
579 3755 695 3806 noster.
720 3744 792 3806 Sed
806 3752 858 3822 et,
876 3748 975 3825 iuquit
997 3749 1020 3806 ,J
1027 3766 1187 3817 oannes,
1210 3752 1241 3805 oi
1256 3751 1331 3826 quio
1343 3747 1526 3824 peccaverit,

349 3854 586 3914 advocatum
617 3856 776 3916 habemus
808 3857 898 3934 opud
927 3856 1088 3932 Patrem,
1132 3854 1251 3915 Jesum
1285 3853 1456 3917 Christum
1474 3856 1527 3932 ju·

349 3960 481 4038 sturm).

376 4174 390 4191 η
454 4093 506 4150 hd
518 4103 590 4152 not.
616 4089 647 4154 2.
671 4096 796 4172 Dogma
812 4096 848 4153 de
864 4094 1094 4155 intercessione
1112 4093 1231 4153 Christi

456 4238 486 4278 o.
503 4221 534 4279 in
558 4223 644 4282 nohis
661 4223 804 4284 fiduciam
823 4224 931 4293 nutrit,
954 4224 1095 4301 quoniam
1121 4223 1199 4299 quod
1226 4222 1333 4282 debilev
1346 4230 1379 4281 et
1393 4221 1524 4281 infirmum

462 4495 486 4574 ¹)
503 4497 544 4554 In
559 4497 615 4554 Pa.
640 4499 690 4557 39.
714 4517 742 4558 o.
769 4501 798 4558 8.
832 4497 910 4577 Opp.
933 4499 971 4556 T.
1001 4494 1029 4557 1.
1057 4517 1081 4554 c.
1109 4482 1184 4557 861.
1220 4529 1260 4538 -
1295 4497 1323 4570 ²)
1343 4487 1520 4568 Oenopio-

351 4591 495 4647 Pormen.
513 4587 532 4645 l.
550 4589 578 4648 2.
597 4607 621 4646 c.
641 4590 668 4648 7.
686 4609 716 4652 rt.
733 4590 782 4648 14.
802 4586 881 4668 Opp.
899 4589 937 4647 Τ.
957 4585 987 4648 9.
1006 4608 1030 4645 c.
1048 4584 1101 4648 33.
1134 4621 1178 4632 -
1211 4589 1238 4664 3)
1258 4585 1420 4645 Coronaest.
1436 4581 1464 4639 io
1476 4579 1517 4652 Ep·

352 4680 586 4740 celsonae.
604 4680 668 4742 leet.
687 4683 715 4744 7.
746 4677 828 4760 Opp.
846 4681 885 4742 T.
903 4676 934 4743 6.
951 4701 981 4760 p.
1000 4673 1169 4762 226.—⁴)
1184 4676 1230 4739 Cf.
1251 4674 1279 4736 1.
1299 4676 1392 4737 Joan.
1405 4663 1514 4746 2,1-t.

355 4768 384 4830 1.
402 4769 479 4830 Tim.
498 4765 530 4838 2,
547 4763 647 4833 5-6,
665 4806 706 4814 —
725 4772 751 4852 5)
769 4769 814 4832 Cf.
832 4771 965 4831 Petav.
983 4773 1031 4830 De
1046 4772 1204 4830 Iocornat.
1223 4770 1243 4829 l.
1262 4768 1313 4830 12.
1332 4787 1356 4829 o.
1373 4770 1403 4829 8.
1416 4764 1512 4825 oddo.

354 4863 404 4927 De
418 4863 516 4941 dopm.
533 4861 574 4924 tt.
590 4859 683 4926 Antv.
702 4859 799 4929 1700.
816 4863 854 4925 Τ.
872 4859 902 4925 6.
919 4883 949 4947 p.
969 4856 1034 4926 105
1050 4881 1091 4927 ss.
1109 4895 1149 4908 -
1168 4862 1196 4937 ⁶)
1216 4857 1246 4927 1.
1262 4859 1359 4920 Joaa.
1376 4855 1407 4928 2,
1423 4853 1448 4920 l.
