3775 5625
1456 418 1499 485 57

301 592 432 656 Gravia
447 592 533 651 enim
550 590 696 665 quaestio
713 596 774 659 ost,
791 604 850 646 neo
866 589 954 646 uolet
968 589 1007 646 ab
1024 587 1153 646 domine
1174 588 1418 665 comprehendi;
1441 607 1502 651 nec

298 724 363 766 non
381 698 570 764 Isidorus
586 691 889 779 Hispalensis¹)‚
921 692 973 778 qui
990 692 1097 768 tradit,
1114 692 1284 777 opiniones
1299 692 1445 761 diversas
1462 698 1501 760 de

298 811 423 876 animae
441 805 568 894 origine
585 804 670 879 dari,
693 802 763 868 sinc
780 802 960 867 affirmandi
982 814 1088 867 tamen
1111 805 1368 888 praesumtione,
1393 828 1500 892 quam

297 921 359 987 vis·
380 918 470 993 alibi,
502 915 624 980 animas
656 912 777 988 creari,
815 913 940 998 quando
974 933 1093 997 corpus
1126 927 1269 990 creatur,
1308 915 1377 1001 ipse
1416 916 1500 981 affir-

297 1036 412 1111 mett).
450 1027 573 1091 Eadem
599 1023 752 1088 dubitatio
782 1036 836 1087 arnt
858 1021 1022 1087 lluctuatio
1046 1036 1078 1087 et
1099 1023 1335 1106 posterioribus
1361 1028 1501 1093 saeculis

297 1144 330 1208 in
346 1136 508 1206 nonnullis
524 1133 754 1221 perseveravit.
786 1137 935 1198 Attamen
951 1131 1024 1196 inde
1042 1153 1061 1197 a
1076 1154 1137 1197 sex
1153 1135 1292 1199 saeculis
1317 1136 1447 1201 effatum
1463 1137 1498 1202 il·

297 1237 352 1320 ¹ud
366 1246 519 1338 Magistri
535 1227 789 1310 Sententiarum:
813 1246 951 1307 Animae
968 1252 1105 1306 creando
1130 1248 1353 1320 infunduntur
1361 1296 1373 1329 ,
1398 1259 1431 1312 et
1452 1255 1501 1312 in·

296 1368 466 1443 fundendo
483 1368 655 1437 creantur,
673 1353 718 1418 ita
734 1375 818 1417 nunc
833 1352 981 1428 invaluit,
999 1365 1032 1417 ut
1048 1375 1112 1417 non
1130 1354 1308 1441 aliquorum
1326 1358 1500 1435 dumtaxat,

298 1475 358 1540 sed
373 1468 516 1536 fidelium
533 1464 674 1529 omnium
690 1484 822 1527 sensum
839 1462 1022 1547 exprimere
1039 1462 1184 1527 videatur
1192 1469 1229 1545 ³).
1246 1464 1314 1529 lmo

407 1580 438 1643 3.
454 1577 537 1641 hanc
551 1572 748 1659 ipsissimam
765 1559 957 1637 sententiam
974 1574 1012 1637 de
1029 1572 1206 1638 animarum
1224 1575 1386 1640 creatione
1406 1576 1500 1641 Con·

298 1692 361 1758 cil.
377 1690 659 1754 Lateranense
676 1683 731 1755 V.,
762 1680 837 1746 licet
853 1701 895 1744 ex
911 1681 1080 1766 proposito
1098 1704 1162 1746 non
1186 1682 1361 1760 definierit,
1395 1699 1501 1751 tamen

297 1799 391 1888 quasi
407 1818 499 1863 suam
514 1794 607 1868 fecit,
623 1814 719 1879 quum
736 1790 927 1855 sententiam
944 1792 983 1855 dc
1000 1791 1104 1855 anima
1121 1793 1247 1857 mortali
1264 1815 1302 1858 ac
1319 1796 1413 1860 unica
1434 1810 1500 1861 tan·

296 1925 365 1976 tum
381 1908 416 1973 in
433 1904 557 1972 cunctis
573 1901 755 1967 hominibus
779 1903 933 1966 damnans
951 1900 1050 1966 dicat:
1078 1904 1160 1966 Onon
1182 1926 1220 1966 eo
1243 1904 1363 1984 (anima
1378 1906 1500 1971 intelle·

297 2019 398 2098 ctiva)
420 2038 487 2081 non
507 2022 613 2078 solum
629 2024 752 2097 vere-et
768 2034 828 2091 per
844 2033 878 2074 se
900 2024 931 2075 et
951 2015 1167 2076 essentialiter
1197 2018 1330 2077 humani
1352 1997 1502 2097 corporis
1573 2021 1579 2031 “

290 2134 411 2207 forma
425 2134 580 2200 exsistat,
597 2129 684 2186 sicut
697 2129 732 2185 in
753 2123 886 2185 Uonone
906 2122 1081 2185 Clementis
1097 2127 1139 2187 P.
1164 2127 1198 2187 V.
1217 2130 1415 2204 inuenerat·
1441 2131 1501 2190 Vi-

292 2242 435 2305 ennensi
455 2238 602 2300 Oonor'lio
619 2240 703 2297 edito
721 2238 1044 2308 connumeraverunt
1059 2247 1091 2298 et
1105 2240 1297 2298 immortalis
1313 2248 1344 2299 et
1355 2259 1417 2317 pro
1431 2258 1501 2300 cor·

285 2371 433 2431 porum,
453 2353 569 2428 quibus
586 2349 834 2425 infunditur,
852 2350 1059 2407 ntultitudr‘ne
1074 2351 1290 2424 sinqulun'ter
1306 2353 1500 2427 multiplico·

287 2465 391 2542 otiis,
410 2470 443 2521 et
456 2460 672 2535 multiplicato
687 2466 719 2517 et
733 2455 979 2534 maeltiptioundo
995 2459 1084 2533 sit4).
1105 2454 1247 2519 Tandem

399 2566 432 2632 4.
448 2566 533 2630 idem
550 2584 628 2629 sana
643 2563 725 2627 ratio
743 2584 866 2648 quoque
885 2564 988 2627 docet.
1006 2563 1134 2627 Etenim
1172 2563 1173 2566 ’

405 2702 434 2742 a.
452 2699 556 2764 qurum,
573 2687 606 2738 ut
622 2694 720 2759 supra
730 2674 799 2757 jam
816 2671 1025 2748 ostendimur,
1040 2673 1144 2738 anima
1162 2673 1337 2751 rationalis,
1355 2676 1500 2762 spiritus,

266 2815 351 2879 pro
377 2809 438 2856 sua
453 2784 601 2853 rationali
616 2784 723 2849 indole
741 2785 872 2849 archus
895 2782 1065 2869 corporeis
1083 2783 1178 2849 etiam
1195 2786 1341 2852 animatis
1359 2784 1502 2854 essentiis

261 2924 325 2970 ac
345 2897 467 2967 naturai
482 2898 624 2971 differat,
647 2909 739 2980 atque
758 2895 797 2958 ad
814 2907 959 2958 naturam
976 2895 1209 2979 posteriorem,
1226 2897 1375 2983 quoniam
1397 2919 1501 2986 genus

258 3010 485 3084 conficiunt,
503 3027 627 3093 quoque
645 3025 744 3069 sexus
761 3016 854 3089 atque
869 2999 888 3086 ἡ
904 3002 1002 3082 youslu
1034 3009 1107 3086 (naa
1128 3007 1247 3092 grupen
1270 3011 1330 3075 unt
1356 3012 1413 3076 tae
1436 3007 1500 3076 (nea

246 3119 457 3207 geugdrin)
487 3129 631 3203 spectet:
656 3113 845 3179 necessario
864 3114 1086 3201 consopitur,
1123 3116 1162 3179 ad
1191 3130 1336 3181 naturam
1358 3118 1502 3203 spiritus,

239 3229 350 3297 illis
372 3226 600 3313 contrapositi,
623 3224 771 3311 qnoniam
787 3225 976 3308 personalis
994 3246 1032 3289 ac
1049 3224 1082 3288 in
1106 3245 1141 3289 se
1165 3225 1331 3292 absolutus
1355 3240 1419 3304 est,
1445 3249 1503 3294 seu

238 3344 419 3408 animae
431 3338 607 3415 rationalis,
624 3351 658 3401 ut
674 3336 715 3402 sit
732 3328 881 3413 ἀγενικὸς,
903 3348 997 3422 atque
1013 3331 1065 3412 τὴν
1085 3330 1205 3414 ἀγονίαν
1220 3334 1291 3423 (bct
1305 3337 1503 3423 retorserant

241 3458 352 3520 unb
372 3447 661 3538 ilidttgegeogtlein)
678 3449 859 3534 pertinere,
884 3459 916 3511 et
930 3447 1016 3510 illam
1032 3459 1207 3531 propterea
1222 3467 1324 3532 neque
1341 3469 1502 3535 generare

243 3581 403 3648 neque
422 3558 573 3648 generari
588 3579 698 3644 posse.
716 3558 851 3643 Insuper

402 3673 431 3733 d.
448 3668 552 3733 anima
573 3667 739 3732 rationalis
763 3681 873 3752 aperte
895 3687 937 3731 ex
963 3666 1097 3731 materia
1124 3687 1183 3730 seu
1216 3687 1312 3732 carne
1346 3682 1504 3756 concepta

233 3803 358 3844 non
386 3791 495 3864 potest
520 3777 628 3850 educi;
665 3799 761 3842 secus
787 3776 872 3842 enim
895 3775 1048 3841 materiae
1073 3797 1131 3840 seu
1156 3776 1286 3861 corpori
1311 3780 1500 3844 necessario
1599 3831 1602 3839 .

233 3890 403 3954 inesse
421 3889 569 3962 deberet,
592 3900 685 3974 atquc
713 3900 810 3973 prout
832 3887 902 3952 sine
924 3885 978 3950 illo
1001 3908 1064 3950 non
1089 3898 1203 3970 posset
1228 3907 1302 3951 esse
1334 3890 1502 3973 producta,

240 3999 340 4062 ita
354 3998 424 4063 sine
439 3997 492 4062 illo
510 3996 605 4062 etiam
621 3998 818 4061 nullomodo
835 4009 949 4083 posset
965 3995 1144 4071 exsistere,
1167 3997 1225 4060 sed
1242 3997 1280 4060 ab
1297 4017 1336 4061 eo
1354 4013 1503 4084 separata

253 4107 486 4173 necessario
503 4106 658 4172 deficeret
674 4129 712 4172 ac
727 4107 882 4173 interiret.
905 4108 976 4171 Hoc
993 4118 1099 4170 autem
1115 4118 1165 4170 est
1183 4118 1297 4170 contra
1312 4106 1417 4172 fidem.
1436 4110 1501 4173 Sed

265 4239 302 4300 p
314 4217 419 4281 ariter
436 4238 453 4281 a
469 4217 657 4302 parentibus
672 4217 854 4282 immediate
877 4215 1014 4302 produci
1036 4217 1152 4302 nequit.
1185 4217 1267 4281 Nam
1292 4230 1369 4282 tunc
1389 4231 1443 4282 aut
1459 4238 1501 4282 ex

272 4323 393 4408 ipsis,
424 4327 492 4391 sive
510 4347 552 4391 ex
574 4326 678 4392 anima
694 4327 762 4392 sive
779 4349 821 4392 ex
838 4348 977 4413 corpore
1001 4326 1068 4392 sive
1087 4348 1128 4391 ex
1148 4339 1302 4412 utroque,
1340 4348 1500 4404 emanare,

284 4496 579 4515 ——..—.

403 4607 430 4682 ¹)
447 4608 496 4664 De
513 4606 613 4685 deffer.
631 4605 707 4684 spir.
724 4626 754 4668 n.
771 4609 820 4669 26.
838 4604 918 4687 Opp.
934 4627 966 4686 p.
985 4600 1059 4667 189.
1079 4603 1124 4670 Of.
1142 4625 1171 4668 n.
1192 4601 1301 4671 23.Ib.
1319 4638 1362 4652 -
1373 4608 1401 4684 ²)
1418 4605 1500 4670 Seni.

298 4687 321 4746 l·
343 4691 369 4750 1.
383 4716 404 4758 o.
421 4699 470 4757 14.
487 4717 519 4775 p.
536 4693 613 4758 419.
631 4719 673 4743 -·
692 4692 719 4780 ³)
736 4696 980 4763 Of.'1'ournel.
998 4696 1087 4758 Oura.
1105 4699 1191 4759 theol.
1207 4699 1257 4757 De
1271 4717 1351 4776 pecc.
1368 4698 1406 4760 P.
1429 4702 1458 4761 2.
1475 4718 1500 4761 o.

302 4777 332 4835 l·
354 4793 403 4849 art.
420 4791 448 4850 2.
466 4785 531 4847 Col.
550 4783 677 4869 A‘gripp.
699 4786 796 4854 1752.
813 4791 851 4849 Τ.
870 4786 900 4852 6.
917 4811 949 4870 p.
969 4785 1044 4851 152.
1064 4826 1105 4834 —
1118 4790 1146 4873 ⁴)
1164 4789 1246 4853 Sese.
1258 4792 1287 4851 8.
1301 4789 1399 4866 Bail,
1414 4789 1498 4858 Sum.

303 4862 391 4939 Cone.
406 4879 478 4950 Par,
498 4875 596 4950 1659.
612 4880 652 4946 Τ.
671 4878 701 4946 1.
716 4900 748 4960 p.
765 4876 843 4948 491.
