3775 5625
1490 428 1530 495 tl

329 595 419 661 enim
436 593 597 681 Theologi
614 592 769 659 Catholici
786 594 1108 668 latcntur,lrominem
1124 593 1262 678 primum
1279 593 1416 658 liberum
1432 595 1533 661 fuisse

334 707 442 793 alege
459 726 518 769 scu
533 702 727 767 necessitate
744 702 998 788 moriendi‚quac
1016 703 1143 767 nonnisi
1154 724 1213 788 per
1225 717 1393 789 peccatum
1403 705 1535 770 inducta

335 827 399 889 est3
414 836 531 879 verum
546 811 641 898 aliqui
657 811 891 887 existimarunt,
908 834 992 886 curn,
1009 814 1158 898 quamdiu
1168 813 1326 898 justitiam
1343 814 1535 901 originalem

335 934 512 999 servasset,
527 923 621 1007 plane
637 919 721 985 mori
736 921 819 985 baud
835 921 996 1005 potuisse;
1014 921 1065 986 alii
1081 942 1161 985 vero
1179 921 1360 997 defendunt,
1377 925 1534 989 Adamum

336 1045 458 1098 tantum
473 1053 513 1096 eo
530 1052 630 1097 sensu
644 1030 859 1096 immortalem
873 1030 985 1105 fuisse,
1006 1043 1041 1094 ut
1056 1051 1226 1116 numquam
1242 1044 1332 1096 esset
1347 1033 1534 1109 moriturus,

336 1142 444 1207 divina
463 1140 667 1227 providentia
687 1161 781 1205 omne
802 1140 886 1205 vitae
909 1140 1083 1205 discrimen
1104 1141 1143 1205 ab
1165 1162 1205 1205 eo
1227 1154 1409 1217 avertente,
1431 1144 1536 1209 donec

334 1253 366 1316 in
388 1263 509 1317 statum
530 1251 697 1315 absolutae
718 1250 967 1315 immortalitatis
990 1251 1230 1315 transferretur.
1265 1252 1352 1329 Quae
1375 1252 1536 1318 sententia

336 1361 440 1446 priori
456 1362 589 1447 alonge
605 1359 722 1444 majori
737 1380 871 1423 numero
889 1360 1132 1446 'theologorum
1148 1360 1337 1444 praefertur.

445 1472 588 1535 Tandem
610 1469 728 1534 acriter
751 1469 789 1532 de
806 1480 911 1532 statu
934 1481 1096 1534 naturae
1120 1491 1239 1554 purae
1264 1470 1458 1554 disputatum
1475 1484 1536 1548 est,

335 1603 431 1668 quem
456 1580 581 1666 quidem
604 1600 764 1664 nunquam
780 1577 946 1643 exstitisse
964 1600 1076 1643 omnes
1097 1580 1246 1655 fatentur,
1267 1592 1406 1645 attamen
1423 1582 1536 1646 saltem

234 1737 240 1774 p
331 1689 526 1776 possibilem
541 1688 653 1762 fuisse,
669 1687 830 1773 Theologi
846 1687 1003 1753 Catholici
1024 1687 1145 1772 passim
1163 1689 1343 1764 defendunt,
1360 1691 1535 1776 praecipue

330 1813 509 1887 postquam
518 1796 677 1863 sententia
690 1799 709 1860 J
716 1796 972 1881 anscnii‚Baji
989 1810 1021 1861 et
1034 1798 1260 1876 Quesnellii
1277 1811 1409 1863 naturae
1426 1800 1535 1864 huma·

326 1930 395 1977 nae
413 1907 671 1973 sublimationem
688 1918 720 1970 et
736 1905 963 1970 exaltationem
984 1906 1016 1969 in
1034 1907 1233 1971 consortium
1255 1920 1389 1971 naturae
1410 1907 1536 1973 divinae

325 2020 441 2085 eidem
458 2017 596 2082 debitam
611 2016 721 2090 fuisse,
730 2017 942 2080 condemnata
959 2016 1088 2090 estetsi
1100 2038 1163 2080 non
1174 2018 1288 2080 desunt
1298 2016 1381 2079 inter
1394 2018 1536 2092 eosdem,

318 2127 521 2215 praecipue,
544 2125 597 2212 qui
618 2146 654 2190 se
675 2125 896 2213 Augustianos
919 2127 1101 2210 adpellant,·
1113 2138 1302 2200 statuentes,
1325 2148 1389 2190 non
1410 2125 1537 2211 quidem

316 2236 571 2310 necessarium,
587 2248 725 2301 attamen
743 2235 939 2300 conveniens
957 2236 1067 2310 fuisse,
1084 2249 1119 2299 ut
1134 2237 1223 2300 Deus
1239 2236 1400 2300 hominem
1416 2237 1455 2300 ad
1472 2248 1535 2300 sta·

310 2362 403 2413 tum
420 2343 696 2430 supernaturalem
713 2342 852 2418 efferret,
869 2365 949 2429 quae
966 2345 1124 2408 sententia
1146 2366 1165 2409 a
1181 2344 1328 2409 doctrina
1344 2344 1537 2409 danseniana

306 2459 436 2545 longe
453 2453 569 2529 differt,
586 2466 680 2538 atqua
693 2453 727 2516 in
743 2473 781 2516 ea
797 2452 924 2517 minime
942 2466 1013 2517 atro
1031 2454 1181 2540 stigmate
1198 2475 1261 2518 una
1277 2466 1387 2518 notata
1403 2465 1462 2517 est.

445 2566 534 2643 Quae
551 2562 755 2649 quaestiones
773 2583 895 2638 omncs,
912 2565 1176 2648 quemadmodum
1192 2576 1225 2627 et
1240 2563 1480 2648 disquisitiones
1497 2563 1537 2627 de

299 2677 400 2741 sita
422 2671 567 2759 paradisi
586 2672 669 2736 tales
689 2693 754 2735 non
775 2683 859 2746 sunt,
881 2672 995 2756 quibus
1017 2672 1134 2736 diutius
1155 2673 1363 2736 immoremur
1370 2696 1378 2744 ;
1402 2672 1538 2736 undeet

291 2804 392 2850 eas
410 2796 468 2849 ant
481 2783 575 2867 plane
591 2781 894 2867 praetermittemus
904 2794 958 2846 aut
973 2802 1053 2846 vcro
1070 2794 1191 2847 tantum
1208 2780 1319 2867 paucis
1333 2756 1536 2868 atlingcmus.

234 1305 246 1390 l.

475 2962 510 3054 ξ.
529 2960 595 3032 tl.
619 2963 859 3034 Sanctitas
876 2966 923 3032 et
936 2962 1129 3048 justitia
1144 2921 1401 3048 originalis.

444 3109 719 3176 Pretiosissimum
746 3111 831 3176 inter
860 3113 943 3176 dona
971 3110 1253 3196 protoparentibus
1282 3108 1431 3173 divinitus
1462 3130 1549 3174 con·.

285 3241 444 3296 cessa,
462 3241 505 3284 ex
521 3241 583 3304 quo
601 3219 691 3305 quasi
707 3220 816 3285 radice
833 3221 939 3285 omnia
959 3220 1079 3305 reliqua
1100 3221 1185 3283 bona
1200 3217 1456 3303 supernaturalia
1470 3218 1538 3302 pul·

276 3322 490 3404 ludebant,
507 3341 577 3394 erat
591 3329 745 3421 sanctitas
762 3343 793 3394 et
803 3330 928 3414 justitia
945 3327 1171 3416 originalis,in
1188 3348 1249 3413 qua
1258 3327 1382 3412 primos
1394 3324 1539 3391 homines

281 3438 537 3506 constitutos
558 3437 675 3512 luisse,
696 3460 826 3524 semper
847 3452 879 3503 et
899 3439 1015 3523 ubique
1036 3437 1187 3503 Ecclesia
1207 3435 1372 3502 Catholica
1394 3434 1538 3510 credidit,

276 3564 434 3636 atquc
458 3547 676 3612 Concilium
698 3548 965 3612 Tridentinum
985 3547 1115 3612 nonnisi
1135 3548 1217 3611 hanc
1234 3546 1394 3632 antiquam
1416 3566 1455 3610 ac
1470 3543 1538 3609 uni·

272 3658 500 3724 versatem
514 3657 682 3722 Ecclesiae
698 3656 804 3733 fidem,
821 3658 1001 3722 doctrinam
1024 3657 1173 3721 divinitus
1195 3658 1368 3720 revelatam
1389 3654 1539 3719 exhiben-

276 3771 414 3843 tem,
431 3765 605 3850 expressit,
620 3765 675 3830 ubi
691 3766 816 3831 statuit:
841 3768 883 3830 Si
899 3774 973 3847 qais
987 3789 1053 3830 aaa
1069 3771 1252 3847 confitetur,
1273 3772 1416 3844 primam
1431 3768 1540 3827 bomi-

273 3891 411 3940 nem
428 3878 545 3957 Am,
563 3897 636 3938 cam
650 3885 836 3940 mandatam
850 3879 914 3939 Dei
935 3883 972 3939 in
984 3883 1140 3956 paradiso
1162 3879 1286 3951 fuisset
1300 3887 1538 3953 transpreoaas,

278 3990 451 4050 *datin
472 3989 721 4049 sanctitatem
742 3997 778 4048 et
787 3990 1010 4066 Justitiam,
1034 3991 1074 4047 in
1096 4007 1170 4065 qaa
1186 3989 1430 4046 constitutas
1444 3981 1539 4056 fae-

283 4108 341 4145 2·
357 4107 415 4176 at,
435 4098 631 4175 amisisse,
640 4107 717 4157 etc:
734 4099 906 4158 anathema
922 4101 975 4184 sit.
991 4095 1034 4157 Et
1043 4093 1172 4157 iterum:
1191 4093 1232 4155 Si
1248 4097 1321 4171 qaia
1337 4095 1426 4153 Adae
1439 4113 1541 4170 prac-

285 4207 575 4266 variationem
590 4209 653 4265 sibi
673 4209 749 4284 soli,
771 4216 804 4266 et
817 4225 882 4266 aon
903 4209 974 4281 ejas
993 4203 1168 4281 propapr'ai
1189 4206 1309 4263 asserit
1323 4205 1494 4279 nocuisse;
1511 4213 1545 4282 et

294 4330 349 4370 a
363 4323 537 4390 coeptam
558 4334 578 4373 a
598 4315 680 4374 Deo
703 4318 951 4376 sanctitatem
972 4325 1004 4375 et
1020 4302 1242 4392 justitiam,
1271 4330 1366 4390 qaam
1384 4314 1539 4390 perdidit,

302 4426 405 4483 siat
420 4425 496 4501 acti,
514 4432 547 4483 et
559 4441 627 4482 aaa
641 4427 735 4484 nodis
750 4427 847 4485 etiam
862 4444 934 4484 eam
948 4427 1145 4500 perdidisse:
1165 4458 1206 4466 -
1224 4443 1254 4483 a.
1272 4441 1297 4484 s.
1313 4421 1347 4497 ¹).
1367 4417 1542 4483 Continere

314 4529 457 4592 verba:
479 4534 515 4590 in
534 4550 600 4608 qao
619 4537 823 4594 constitutae
834 4535 966 4612 fuerat,
991 4543 1051 4594 etc.
1076 4528 1294 4593 definitionem
1316 4524 1542 4614 dogmaticam,

324 4653 407 4698 sea
423 4636 564 4701 voluisse
584 4639 693 4703 verbis
713 4638 774 4703 illis
797 4638 975 4704 Concilium
997 4638 1176 4703 doctrinam
1201 4637 1374 4701 revelatam
1401 4656 1541 4719 pronun·

455 4858 480 4937 ¹)
496 4858 579 4922 sesa.
596 4861 627 4921 5.
642 4863 735 4922 Decr.
753 4863 789 4920 dc
802 4879 882 4940 pecc.
900 4859 977 4937 otia.
994 4863 1023 4923 1.
1042 4863 1070 4922 2.
