3775 5625
1435 420 1474 487 11

278 604 394 667 parum
417 580 591 647 discrimen
610 582 693 647 inter
718 573 815 659 ψυχὴν
835 594 867 646 et
881 584 996 659 πνεῦμα
1016 582 1113 648 statui
1133 597 1252 669 potest,
1277 606 1371 670 qnam
1393 585 1477 650 inter

278 690 410 769 καρδίαν
427 690 646 771 ὺθυμοῦμίνην
661 704 693 756 et
708 692 864 769 montom
873 693 907 770 ¹).
928 692 1018 756 Alter
1030 705 1135 757 autem
1147 694 1238 758 locus
1254 694 1299 758 ita
1313 715 1351 759 se
1366 695 1476 760 hahet:

279 805 357 880 lpse
372 814 480 865 autem
488 804 580 865 Deua
593 808 685 880 pacis
701 805 880 877 sanctificet
893 822 952 864 ros
965 824 1025 880 per·
1041 809 1161 885 omnia,
1174 817 1212 868 ut
1226 809 1377 883 ἐπίομεν
1392 810 1478 884 api-

279 917 386 974 ritus
403 924 543 993 vester,
570 924 610 975 et
632 917 776 992 animo,
803 923 841 974 et
862 932 1006 991 corpus
1032 919 1102 975 sine
1127 916 1259 992 querela
1284 918 1320 976 in
1339 920 1480 977 adventu

279 1022 416 1083 Domina·
435 1028 545 1085 nostri
563 1024 647 1085 Iesu
671 1023 799 1084 Christi
823 1032 978 1084 ueremur.
1014 1016 1118 1090 Attae
1131 1019 1165 1080 δὲ
1180 1017 1196 1081 ὁ
1214 1014 1354 1097 &sicsic
1368 1018 1480 1099 εἰρήνης

280 1124 406 1206 ἁγιάσαι
420 1124 498 1207 ὑμᾶς
512 1126 667 1201 ὁλοτελεῖς,
682 1128 732 1189 καὶ
743 1125 906 1206 ὁλόκληρον
921 1124 1002 1206 ὑμῶν
1012 1122 1046 1189 τὸ
1061 1134 1175 1209 πνεῦμα
1189 1129 1240 1189 καὶ
1254 1125 1272 1209 ἡ
1287 1123 1368 1208 ψυχὴ
1381 1128 1432 1190 καὶ
1444 1123 1479 1189 sd

280 1238 376 1313 σῶμα
393 1229 551 1313 ἀμέμπτως
566 1239 596 1297 dr
609 1241 646 1317 τῇ
660 1236 812 1316 παρουσίᾳ
833 1258 858 1303 τ,
876 1255 904 1299 κ.
923 1231 951 1298 r‘.
971 1241 996 1298 1.
1013 1239 1055 1298 Χ.
1069 1238 1211 1318 τηρηθείη
1222 1241 1259 1318 ²).
1283 1237 1343 1302 Ubi
1362 1238 1480 1303 Paulus

280 1345 453 1431 epistolam
465 1347 987 1414 clausurusThessalonicensibus
1004 1360 1136 1433 exoptat
1152 1348 1302 1423 aDeo,ut
1317 1369 1376 1412 eos
1394 1328 1484 1411 omni

280 1476 324 1520 cx
337 1466 432 1539 parte
443 1456 608 1539 perlectos
622 1457 744 1532 reddat,
752 1456 853 1542 etipsi
860 1458 932 1543 puri
943 1457 1075 1523 abomni
1082 1469 1227 1542 peccato,
1239 1457 1323 1543 quod
1335 1458 1387 1520 vel
1393 1477 1479 1520 men·

281 1564 323 1627 tis
338 1563 545 1627 intellectuali
557 1565 610 1628 vel
629 1564 784 1629 sensitiva
794 1578 972 1650 parte,seu
986 1586 1172 1651 quacunque
1186 1564 1302 1630 mentis
1321 1565 1480 1638 facultate,

281 1674 333 1737 vel
349 1671 447 1736 etiam
464 1693 603 1757 corpore
619 1695 675 1738 seu
694 1687 768 1739 actu
783 1687 920 1739 externo
937 1674 1155 1749 committitur,
1166 1687 1346 1749 serventur,
1362 1686 1394 1738 et
1408 1672 1481 1759 puri

281 1779 485 1845 inveniantur
500 1781 532 1845 in
550 1783 685 1847 adventu
700 1782 841 1859 Domini,
851 1785 977 1869 quando
993 1784 1106 1847 reddet
1121 1782 1289 1868 uuicuique
1305 1782 1481 1846 secundum

283 1910 385 1975 opera
400 1910 460 1954 sua
471 1890 506 1970 ⁸).
535 1891 626 1956 Unde
643 1893 755 1957 eadem
775 1892 837 1958 loci
853 1895 948 1979 hujus
963 1893 1046 1957 ratio
1063 1904 1114 1958 est
1131 1914 1203 1957 cum
1219 1890 1390 1977 superiori
1418 1893 1479 1955 Ac·

283 1999 381 2076 cedit,
410 1997 439 2064 si
460 2022 502 2064 ex
522 2002 647 2065 duobus
670 2002 752 2067 locis
774 2003 919 2089 allegatis
943 2003 1007 2068 duo
1030 2002 1161 2087 spiritus
1182 2022 1241 2065 seu
1261 2001 1341 2065 duae
1358 1997 1481 2064 animae

283 2121 543 2173 assumerentur:
560 2130 602 2173 ex
616 2108 670 2173 illo
687 2108 783 2174 effato
795 2109 930 2176 Christi:
947 2114 1075 2191 Ditiqes
1091 2117 1255 2173 dominum
1270 2113 1376 2172 Deum
1392 2121 1482 2171 tuum

283 2240 327 2281 ex
343 2232 411 2283 toto
429 2227 640 2301 cordetuo,
657 2232 691 2283 et
705 2226 741 2283 in
756 2233 826 2284 tota
841 2228 968 2284 animo
983 2233 1064 2301 tua,
1081 2233 1113 2283 et
1126 2226 1162 2283 in
1178 2232 1246 2283 tota
1261 2229 1481 2298 mentetua,

284 2327 313 2387 ir
335 2316 392 2406 ὅλη
408 2330 447 2403 τῇ
462 2325 574 2404 καρδίᾳ
590 2345 655 2395 coo,
679 2326 729 2387 καὶ
747 2328 777 2387 ἐν
791 2318 848 2408 ὅλη
865 2332 903 2415 vj
918 2332 1004 2415 ψυχῇ
1022 2347 1088 2399 σου,
1110 2326 1161 2386 καὶ
1177 2328 1220 2387 dr·
1236 2317 1292 2406 ὅλη
1309 2329 1346 2397 τῇ
1364 2322 1485 2399 διανοίᾳ

287 2435 390 2514 roo4),
406 2447 475 2499 tres
492 2436 572 2498 adeo
589 2432 721 2519 spiritus
739 2436 952 2499 assumendos
968 2456 1053 2509 esse,
1071 2446 1268 2521 sequeretur.

395 2546 438 2609 B.
461 2542 553 2621 Quod
576 2543 616 2606 ad
637 2545 697 2607 SS.
718 2544 854 2608 Patres
876 2542 1002 2608 attinet:
1026 2545 1065 2607 ad
1086 2565 1184 2607 unum
1206 2563 1318 2607 omnes
1343 2542 1481 2614 tradunt,

285 2651 449 2717 hominem
474 2672 517 2717 ex
543 2671 682 2736 corpore
709 2664 742 2716 et
762 2652 876 2736 spiritu
898 2651 1058 2737 componi.
1089 2653 1193 2716 Porro
1219 2649 1347 2735 plurimi
1370 2670 1485 2714 eorum

284 2761 343 2827 has
360 2760 441 2827 duas
458 2772 579 2826 tannim
594 2760 733 2826 hominis
749 2773 858 2847 partes
876 2761 1084 2837 constituunt,
1096 2773 1190 2848 atque
1207 2780 1319 2826 omnes
1336 2777 1483 2824 errorem

287 2869 526 2945 Gnosticorum,
547 2869 600 2956 qui
615 2869 751 2934 animam
772 2872 905 2935 alteram
921 2871 1117 2946 sensibilem,
1142 2873 1274 2935 alteram
1294 2867 1483 2934 rationalem

285 2978 316 3042 in
336 2978 467 3045 homine
489 2980 683 3053 statuebant,
717 2999 755 3044 ac
774 2978 1050 3054 Manichaeorum,
1077 2979 1129 3065 qui
1150 2979 1287 3044 animam
1312 2980 1432 3043 bonam
1451 2987 1483 3040 et

285 3089 401 3153 malam
415 3087 448 3151 in
463 3087 518 3151 illo
535 3085 747 3163 affirmabant,
767 3109 832 3152 uno
850 3109 907 3151 ore
924 3088 1120 3168 damnantl).
1149 3092 1297 3153 Attamen
1315 3108 1357 3151 ex
1372 3084 1481 3172 singu·

284 3195 323 3260 lis
339 3197 478 3260 duorum
492 3197 545 3259 vel
560 3195 657 3260 trium
672 3195 821 3281 loquendi
844 3195 990 3260 formulis
1006 3196 1129 3281 passim
1144 3218 1209 3260 non
1226 3196 1305 3261 satis
1322 3192 1483 3259 accuratis

287 3315 353 3369 tres
368 3304 508 3369 hominis
528 3317 638 3389 partes
660 3317 763 3389 saepe
779 3303 933 3390 consequi
957 3304 1115 3380 videntur,
1136 3317 1230 3390 atque
1251 3304 1412 3368 interdum
1431 3321 1481 3367 re·

284 3433 361 3478 vera
392 3425 641 3498 consequuntur.
682 3414 747 3477 Sed
781 3414 884 3500 nullus
914 3425 965 3478 est
991 3412 1074 3477 inter
1102 3414 1215 3477 Patres
1246 3408 1483 3475 trichotomiam

286 3527 403 3603 (sensu
424 3521 530 3587 latiori
551 3527 731 3607 acceptam)
757 3523 892 3597 docens,
910 3521 963 3607 qui
988 3543 1053 3587 non
1078 3521 1152 3586 alibi
1175 3517 1401 3586 dichotomiam
1418 3530 1481 3583 sta·

285 3642 363 3706 nat,
377 3632 555 3717 nullusque,
565 3631 618 3716 qui
635 3630 807 3697 discrimen
823 3631 906 3696 inter
920 3624 1021 3710 ψυχὴν
1036 3642 1068 3694 et
1082 3633 1196 3708 πνεῦμα
1210 3629 1417 3694 intercedens
1433 3638 1485 3691 sat

286 3740 372 3805 clare
395 3759 434 3804 ac
455 3739 585 3805 definite
610 3740 772 3824 explicare
793 3740 942 3819 valeat⁶).
971 3740 1019 3804 Ab
1042 3736 1220 3803 excitandis
1242 3749 1348 3801 tamen
1371 3756 1483 3799 eorum

285 3909 503 3924 —n-—au—-dnn-

397 4008 485 4099 ¹)cf.
502 4013 668 4074 Ambros.
686 4016 734 4073 De
747 4013 906 4088 paradiso.
925 4033 949 4072 c.
969 4015 1018 4072 14.
1035 4032 1066 4075 o.
1085 4015 1134 4077 68.
1156 4007 1236 4090 Opp.
1253 4010 1292 4069 Τ.
1312 4007 1342 4075 1.
1360 4030 1387 4073 c.
1407 4002 1481 4070 116.

285 4104 467 4165 bedorah.
492 4105 512 4169 l.
528 4109 557 4165 2.
582 4125 608 4170 c.
626 4107 654 4166 1.
675 4125 708 4168 re.
726 4106 754 4164 1.
780 4105 827 4164 Ib.
845 4125 871 4163 c.
888 4099 966 4166 313.
995 4101 1041 4167 (li.
1058 4102 1198 4175 Estins,
1217 4101 1378 4162 comment.
1393 4099 1428 4158 in
1442 4098 1481 4160 P.

285 4195 387 4270 ΗΜ.
411 4199 441 4254 et
465 4194 551 4255 ooth.
576 4195 623 4255 ad.
648 4196 678 4254 h.
703 4195 724 4254 l.
750 4194 798 4254 ed.
823 4190 1087 4273 Mogunt.1843.
1114 4194 1152 4253 Τ.
1175 4188 1205 4253 6.
1233 4213 1263 4271 p.
1289 4188 1352 4253 123
1377 4211 1417 4253 ss.
1440 4222 1483 4234 -n

289 4282 639 4363 3133013523.-
659 4282 684 4371 ³)
701 4285 745 4347 cf.
763 4286 911 4360 Estius,
928 4306 978 4365 op.
996 4285 1045 4345 cit.
1063 4283 1101 4344 ad
1122 4284 1152 4343 h.
1169 4283 1188 4344 l.
1207 4283 1253 4343 cd.
1272 4303 1300 4346 c.
1317 4301 1390 4361 pag.
1402 4277 1446 4342 60
1458 4301 1483 4342 s.

287 4411 328 4420 -
345 4372 372 4460 ⁴)
388 4376 498 4437 Matth.
516 4374 569 4451 22,
587 4374 640 4439 37.
654 4412 698 4420 -
718 4375 741 4452 ⁶)
759 4372 807 4438 Cf.
825 4375 1017 4454 thomann,
1036 4375 1079 4438 bie
1097 4372 1313 4451 sennonteus
1330 4373 1379 4436 bet
1392 4369 1482 4436 fflleoe

287 4467 370 4548 [theu
394 4465 504 4531 aaut.
525 4464 622 4530 1846.
649 4489 680 4547 p.
697 4463 741 4528 35
762 4488 802 4529 ss.
826 4502 868 4510 —
897 4465 921 4546 ⁶)
945 4465 1266 4526 concremento.
1289 4464 1386 4523 Marc.
1410 4457 1429 4520 l.
1452 4463 1481 4523 5.

288 4576 310 4618 c.
328 4560 377 4618 15.
396 4554 476 4638 Opp.
493 4557 532 4618 V.
550 4556 581 4620 2.
599 4580 629 4638 p.
649 4553 713 4620 388
731 4579 754 4616 s.
772 4557 840 4622 coll.
858 4577 884 4617 c.
907 4558 974 4621 14.
992 4559 1083 4616 cat.
1106 4577 1135 4635 p.
1153 4550 1229 4616 332.
1247 4561 1277 4614 et
1298 4556 1348 4612 De
1363 4551 1483 4613 Poertt‘t.

288 4668 312 4709 c.
328 4651 357 4708 3.
377 4649 414 4709 V.
434 4645 464 4712 1.
481 4669 511 4727 p.
529 4645 605 4713 190.
631 4648 786 4728 Ephrem
807 4647 887 4727 Syr.
910 4648 987 4707 Ado.
1010 4645 1111 4708 δεταί.
1133 4645 1230 4708 Seres.
1248 4647 1298 4704 18.
1324 4641 1403 4723 Opp.
1421 4663 1445 4702 s.
1461 4642 1483 4701 l.

288 4737 373 4801 Rom.
397 4735 594 4802 1737-43.
618 4740 656 4800 Τ.
677 4735 708 4800 3.
736 4758 767 4817 p.
784 4735 838 4802 34.
861 4737 930 4798 coll.
957 4741 1008 4799 De
1035 4735 1154 4812 inspic.
1177 4733 1259 4815 Opp.
1281 4755 1326 4814 gr.
1348 4733 1369 4795 l.
1394 4733 1483 4795 Rom.

292 4825 476 4892 1132-46.
494 4830 533 4894 Τ.
550 4827 582 4892 2.
599 4850 630 4910 p.
648 4824 724 4891 223.

1245 4931 1267 4996 2
