3775 5625
348 408 415 484 tte

348 592 409 648 ant
428 586 536 647 &aem
552 586 729 666 praecepta
747 579 831 646 ntttt
839 585 1005 663 pertinere
1021 583 1067 673 ad
1082 572 1306 644 strattone:
1323 604 1356 645 a.
1372 576 1449 662 ι’).
1473 576 1529 646 Et:

349 693 390 756 Si
405 700 478 777 qnia
494 699 652 757 nominem
658 698 893 773 justificatam,
905 693 1184 775 etpnantumtibet
1192 695 1392 772 perfeetum,
1411 697 1535 756 diaerit

348 825 426 866 non
442 810 570 866 teneri
586 806 639 865 ad
652 805 948 865 observantiam
964 804 1240 864 mandatorum
1255 803 1327 863 nes
1344 810 1384 865 et
1396 803 1532 865 Ecate-

347 893 448 994 iiae,
466 915 538 974 aed
551 919 702 974 tantam
719 913 771 974 ad
783 913 1034 987 eredendum
1052 917 1147 994 qnasi
1162 931 1240 972 aero
1257 912 1479 990 annqetiam
1494 920 1536 975 eit

347 1023 454 1100 nudo,
487 1029 520 1083 et
549 1022 704 1083 absoluta
720 1027 896 1102 promissio
918 1026 1004 1082 vitae
1026 1027 1180 1082 aeternae
1200 1026 1272 1081 tine
1299 1024 1533 1084 conditione

348 1134 653 1194 observationis
669 1130 972 1192 mandaterum:
996 1150 1025 1193 a.
1042 1131 1116 1207 et).
1153 1128 1238 1192 Esse
1260 1140 1366 1192 autem
1382 1128 1437 1193 hic
1458 1131 1530 1193 dun·

347 1250 435 1303 taxat
450 1239 490 1301 de
506 1236 546 1302 iis
563 1258 761 1312 sermonem,
782 1237 834 1322 qui
849 1259 942 1303 usum
958 1236 1092 1301 rationis
1109 1237 1258 1311 habeant,
1275 1249 1308 1301 et
1323 1238 1446 1302 tamdiu
1462 1252 1531 1322 past

347 1349 510 1412 obtentam
534 1345 797 1431 justificationem
819 1345 1070 1430 supervixerint,
1088 1344 1191 1410 donec
1208 1344 1339 1409 occasio
1356 1345 1530 1431 implendae

346 1455 428 1543 legis
445 1466 605 1531 occurrat,
615 1456 684 1539 jam
700 1475 797 1539 supra
812 1453 931 1519 dictum
948 1465 1007 1520 est.
1035 1453 1116 1518 Nam
1132 1452 1269 1518 infantes
1285 1467 1318 1519 et
1334 1454 1432 1519 etiam
1448 1458 1529 1521 adul·

345 1573 398 1629 t'os
428 1587 544 1631 recens
565 1561 745 1648 baptizatos
766 1562 900 1638 salvari,
931 1562 961 1628 si
985 1562 1134 1628 continuo
1151 1582 1194 1626 ex
1207 1562 1269 1627 hac
1283 1562 1350 1628 vita
1366 1564 1530 1639 decedant,

345 1696 440 1739 nemo
458 1673 693 1740 catholicorum
710 1692 836 1758 quoque
850 1670 975 1736 inficias
991 1670 1024 1736 it.

448 1785 605 1848 Probatur
622 1794 727 1847 autem
743 1780 889 1846 doctrina
905 1780 1070 1846 Catholiea

449 1898 488 1957 A.
504 1914 547 1957 ex
563 1896 622 1958 SS.
645 1890 883 1955 Litterarum
903 1889 1110 1965 testimoniis,
1132 1911 1213 1975 quae
1227 1890 1259 1954 id
1276 1888 1408 1955 disertis
1424 1891 1530 1956 verbis

333 2001 515 2090 enuntiant.
532 2000 588 2066 Sic
604 1982 718 2067 Chris
729 2012 790 2064 tus
802 1998 959 2064 Dominus
975 1998 1033 2063 ait:
1049 2001 1128 2062 Non
1143 2007 1260 2082 omnio,
1278 2009 1335 2084 qui
1351 2005 1529 2082 dioitmiti,

344 2115 493 2191 Domine,
512 2113 663 2193 Domine,
680 2113 905 2173 intrabitin
920 2131 1080 2188 reqnum
1097 2112 1312 2173 coelorum:
1329 2115 1456 2194 sedani
1470 2117 1529 2191 fa·

344 2228 399 2283 ait
411 2223 657 2284 volantatem
673 2221 817 2282 Patris
832 2225 922 2300 mei,
940 2226 996 2301 pai
1011 2226 1046 2281 in
1062 2221 1162 2280 coetis
1178 2229 1242 2295 eat,
1257 2226 1343 2301 ipse
1357 2224 1534 2284 intrabit

342 2335 382 2393 in
398 2351 555 2409 reqnurn
571 2332 817 2409 coetorum).
856 2330 978 2392 Porro:
1011 2327 1052 2391 St
1068 2337 1176 2392 autem
1190 2336 1240 2390 aie
1264 2333 1315 2391 od
1331 2338 1455 2393 attam
1470 2338 1529 2393 in·

341 2441 471 2518 predi,
488 2461 605 2502 seraa
620 2442 858 2514 mandatat).
882 2440 994 2501 Filiae
1008 2443 1148 2501 ttominie
1163 2446 1320 2501 venturas
1340 2448 1394 2501 eet
1407 2447 1442 2503 in
1455 2443 1529 2519 yto-

344 2554 397 2609 rio
418 2550 535 2611 Patria
567 2570 639 2610 eum
655 2549 790 2626 Anpetis
804 2554 895 2610 oute:
928 2556 962 2609 et
981 2555 1059 2610 tnne
1083 2549 1226 2610 reddet
1239 2555 1454 2632 anianique
1469 2567 1530 2612 ae-

344 2660 512 2720 oundnm
543 2678 664 2739 opera
696 2662 731 2736 ej
736 2660 827 2736 uel).
866 2659 986 2741 Atque:
1015 2658 1127 2719 Venite
1144 2659 1301 2719 benedieti
1315 2659 1439 2721 Patrio
1454 2666 1527 2739 mei,

341 2768 506 2848 possidete
531 2774 687 2848 paratum
710 2758 802 2830 ontio
823 2788 957 2845 requam
980 2788 1000 2828 a
1021 2772 1251 2829 constitutione
1274 2771 1397 2833 mundi.
1421 2770 1527 2832 Esu-

344 2883 422 2939 rioi
442 2883 559 2958 enim,
582 2885 621 2938 et
639 2880 818 2939 dedistis
840 2881 931 2938 mitri
951 2879 1211 2938 manducare:
1228 2881 1336 2955 etat).
1362 2876 1399 2939 ln
1416 2877 1528 2963 quibus

345 2984 491 3048 omnibus
506 2983 587 3048 locis
604 2984 723 3049 diserte
740 2984 930 3059 declaratur,
946 3004 1082 3071 regnum
1099 2985 1262 3050 coelorum
1277 2997 1414 3070 propter
1431 3007 1529 3072 opera

344 3094 428 3157 bona
445 3091 523 3169 dari,
539 3105 571 3156 et
587 3093 640 3157 tali
656 3092 779 3157 ratione
795 3094 875 3158 haec
891 3093 995 3178 aliquo
1012 3093 1107 3156 inodo
1130 3114 1261 3159 causam
1276 3092 1438 3159 felicitatis
1456 3115 1529 3160 esse

345 3214 502 3266 aeternae.
526 3203 647 3267 Eadem
664 3204 780 3267 docent
796 3202 952 3287 Apostoli.
969 3204 1015 3266 lta
1031 3204 1125 3267 hahet
1140 3203 1298 3266 Paulus:
1318 3205 1430 3267 Oorde
1447 3212 1529 3268 eroim

328 3339 331 3345 =
345 3315 490 3373 ereditur
501 3315 735 3391 adjustitiam:
753 3333 821 3375 ore
832 3320 940 3375 autem
954 3318 1012 3392 fit
1026 3316 1231 3393 confessio
1249 3317 1300 3374 ad
1312 3316 1528 3393 satutem⁷).

344 3419 417 3484 Non
433 3440 513 3508 ergo
531 3420 648 3485 suflicit
664 3420 743 3485 fides
760 3421 949 3486 adsalutem
966 3441 1024 3487 seu
1040 3421 1223 3486 felicitatem
1235 3434 1399 3487 aeternam
1416 3445 1527 3488 conse·

346 3530 511 3612 quendam,
526 3530 600 3594 licet
614 3551 691 3594 vera
707 3543 739 3594 et
753 3531 880 3618 integra
895 3528 927 3593 in
944 3532 1042 3595 corde
1059 3550 1133 3596 esse
1148 3530 1267 3616 possit,
1285 3530 1348 3595 nisi
1364 3531 1460 3597 simul
1477 3554 1527 3597 ex·

347 3650 438 3701 terna
452 3638 627 3703 accesserit
644 3639 851 3723 confessio⁸).
874 3639 974 3704 Alibi:
1001 3641 1095 3716 Quae
1110 3648 1205 3721 enim,
1223 3640 1334 3726 inquit,
1351 3647 1529 3706 seeundum

346 3747 451 3810 Deum
467 3754 600 3811 tristitia
616 3748 684 3830 eet,
703 3757 985 3831 poenitentiam
1001 3758 1042 3813 in
1061 3753 1231 3837 salntem
1251 3753 1436 3815 stabilem
1453 3774 1527 3834 ope-

346 3865 462 3921 ratur:
478 3861 604 3920 soeouli
621 3867 728 3920 autern
744 3867 880 3922 tristitia
895 3869 1031 3922 mortem
1048 3869 1206 3941 operatur
1215 3861 1251 3940 ⁹).
1292 3858 1415 3938 Quibus
1439 3863 1529 3926 docet

345 3967 530 4050 Apostolus,
547 3968 808 4051 quemadmodum
818 3968 947 4033 tristitia
963 3969 1004 4033 ob
1021 3969 1104 4032 bona
1119 3968 1287 4033 terrestria
1303 3991 1403 4034 causa
1417 3970 1528 4035 mortis

347 4075 403 4149 sit,
423 4074 467 4138 ita
486 4075 647 4140 tristitiam
667 4089 799 4163 propter
820 4079 922 4142 Derim
943 4076 1101 4142 offensum
1121 4078 1154 4141 in
1171 4079 1268 4143 corde
1284 4079 1438 4144 nutritam
1460 4101 1525 4144 eau-

348 4202 416 4246 sam
436 4184 596 4250 felicitatis
618 4198 767 4251 aeternae
792 4208 876 4252 esse.
917 4188 1117 4271 Quapropter
1137 4186 1249 4252 fideles
1270 4189 1477 4266 adhortatur,
1497 4201 1527 4252 ut

349 4313 420 4356 cum
435 4306 522 4358 metu
537 4308 569 4359 et
584 4308 724 4360 tremore
741 4318 831 4361 suam
847 4296 980 4361 salutem
997 4309 1179 4380 operentur,
1194 4296 1291 4362 vitam
1308 4297 1439 4363 Christo
1455 4300 1527 4364 lesu

457 4571 481 4648 ¹)
498 4572 579 4634 Sese.
601 4575 629 4631 6.
654 4572 728 4634 Gan.
746 4576 795 4632 19.
827 4606 870 4618 --
903 4576 930 4650 ²)
950 4575 1024 4651 Gan.
1043 4577 1093 4633 20.
1127 4609 1170 4619 -
1201 4574 1226 4654 3)
1243 4575 1350 4638 Matth.
1370 4572 1400 4649 7,
1417 4574 1470 4639 21.
1488 4610 1526 4622 -

350 4658 374 4741 ⁴)
392 4663 501 4725 Matth.
520 4659 571 4738 19,
590 4659 640 4724 lt.
672 4696 716 4707 -
750 4663 775 4741 ⁵)
792 4664 897 4726 Matth.
917 4662 967 4739 16,
985 4659 1038 4727 tt.
1057 4699 1099 4710 -
1116 4672 1146 4740 8)
1161 4666 1268 4727 Matth.
1293 4662 1353 4749 25,
1370 4664 1414 4729 34
1431 4689 1471 4730 ss.
1487 4702 1526 4713 -

350 4749 480 4826 'JRom
500 4751 620 4825 10,10.
650 4788 689 4799 -
717 4751 1349 4835 8)οΡ.1ὶοιιι.8,13.17.---9)2.Οοιπ.
1370 4755 1525 4836 i,10.cf.

346 4838 378 4920 4,
396 4840 447 4905 lt.
465 4843 581 4927 Ephes.
598 4841 630 4918 5,
647 4841 667 4907 8
684 4865 723 4908 ss.
1367 4873 1372 4884 ·
