3775 5625
407 391 472 461 160
528 373 537 384 “

406 581 512 624 omnes
528 561 676 640 perdidit,
705 560 839 640 gratiam
855 579 930 620 vero
947 579 1006 620 non
1030 561 1067 619 ab
1084 560 1136 620 illo
1154 577 1213 620 uuo
1230 563 1348 634 solnm,
1370 560 1541 622 sedetiam
1568 562 1604 621 ah

406 672 546 732 omnibus
560 672 629 731 aliis
641 670 788 731 liberare.
796 670 877 730 Hinc
888 671 981 729 etiam
993 672 1168 731 Adamum
1181 682 1340 749 comparat
1350 691 1420 733 cum
1430 670 1605 739 christo,

407 782 477 860 quia
491 782 544 841 ille
562 782 647 840 solus
664 779 796 857 perdidit
812 798 930 838 omnem
949 799 1036 839 suam
1054 781 1284 857 posteritatem,
1309 781 1359 841 hic
1376 784 1464 841 solus
1482 797 1604 840 omnem

407 909 495 949 suam
511 890 726 965 posteritatem
743 889 910 965 reparavit.
933 890 1034 947 Porro
1051 890 1228 967 Ignatius
1246 899 1336 950 vocat
1355 898 1521 967 peccatum
1547 888 1605 951 hoc

407 1001 611 1075 antiquans
632 996 876 1075 impietatem¹)‚
907 998 1122 1075 cyprianus
1149 1001 1334 1078 ceritaniam
1360 1002 1509 1061 martis
1537 1017 1605 1060 cn·
1636 1040 1659 1064 -

409 1086 600 1186 ἥψαθ’),
634 1109 926 1183 chrysostomus
966 1109 1243 1189 cbiroyrapbans,
1281 1114 1388 1186 qaod
1429 1110 1646 1188 scripsit&

408 1217 570 1293 Adam³)‚
602 1227 633 1276 et
653 1219 908 1297 Augustinus,
937 1236 1053 1279 anana
1073 1237 1179 1298 esse,
1206 1219 1295 1290 dicit,
1314 1229 1543 1296 peccatam,
1567 1221 1659 1296 ism

410 1345 484 1404 aaa
502 1345 634 1387 omnes
647 1323 961 1405 peccaverant⁴).
1593 1310 1597 1313 ’

456 1562 483 1644 §-
502 1557 569 1630 ab.
592 1557 810 1629 Christus
832 1560 1053 1631 Salvator
1072 1577 1101 1630 a
1121 1547 1317 1648 peccato
1339 1558 1560 1648 originali

896 1668 1125 1740 immunis.

518 1834 567 1899 Ab
583 1833 756 1899 universali
779 1834 903 1919 peccati
919 1834 1089 1899 Adamitici
1103 1834 1322 1900 transfusione
1342 1835 1517 1900 immunem
1533 1856 1650 1906 esse

413 1942 610 2009 Christum
625 1943 827 2008 Dominum
843 1944 1044 2009 salvatorem
1061 1957 1223 2020 nostrum,
1247 1957 1370 2010 certum
1394 1945 1513 2033 dogma
1533 1943 1646 2011 timet

413 2052 596 2118 Catholicae
613 2066 673 2118 est.
689 2054 816 2118 Etenim

523 2162 552 2227 1.
574 2161 606 2226 id
629 2162 748 2228 diserte
776 2185 889 2230 sacrae
924 2164 1061 2253 paginae
1086 2164 1267 2241 enuntiant,
1298 2178 1334 2229 ut
1369 2165 1528 2240 Paulus,
1555 2161 1641 2250 ‘1¹¹¹'

414 2270 541 2337 scrihit:
569 2275 660 2337 Talis
683 2281 767 2338 enirn
788 2282 935 2359 decebat,
960 2288 997 2339 at
1011 2281 1105 2339 nobis
1125 2289 1210 2340 esset
1226 2278 1400 2357 pontificu,
1429 2286 1582 2339 sanctie
1602 2294 1637 2356 s,

414 2388 631 2465 innocens,
659 2388 913 2468 impollutas,
942 2399 1173 2465 seyreyatas
1199 2409 1220 2449 a
1243 2390 1547 2466 peccatoribus,
1604 2391 1641 2445 et

414 2496 579 2556 excelsior
594 2500 694 2557 coetis
715 2497 845 2569 factas:
880 2496 958 2571 oct
979 2517 1056 2558 non
1077 2500 1197 2560 babet
1216 2501 1493 2559 necessitatene
1524 2514 1587 2574 aaa
1600 2511 1636 2553 o·

415 2608 523 2675 tidie,
561 2610 870 2682 quemadmodum
906 2612 1136 2669 sacerdotes
1169 2612 1287 2685 prins
1319 2626 1389 2685 pro
1430 2609 1517 2667 sais
1545 2609 1632 2664 sle·

416 2716 527 2775 lictis
543 2717 721 2793 offerre,
751 2720 863 2777 dando
875 2736 938 2794 pra
953 2720 1084 2795 papali:
1107 2719 1270 2777 boconiae
1288 2718 1374 2790 fecit
1397 2720 1512 2795 semet,
1540 2713 1630 2775 sei·

412 2843 507 2902 psam
523 2824 699 2900 offerendo.
721 2825 799 2887 Lea
813 2831 897 2888 enim
913 2829 1058 2889 bominac
1075 2832 1246 2890 constituit
1269 2833 1454 2889 sacerdotes
1476 2822 1626 2900 infirmi·

416 2944 511 2996 tatem
536 2935 707 2997 babentes:
731 2955 833 2996 sernia
858 2946 966 2998 antem
981 2940 1218 3017 jurisjurandi,
1246 2940 1303 3014 qai
1323 2947 1401 3015 post
1424 2941 1524 3012 leuem
1547 2936 1622 3007 est,

416 3044 566 3106 Filiam
582 3048 623 3106 in
638 3055 842 3106 aeternam
856 3047 1125 3124 perfecbuw).
1156 3047 1259 3130 Atque
1275 3063 1406 3107 rursus:
1427 3044 1508 3107 Non
1527 3041 1621 3104 enim

342 3179 346 3190 ¹
416 3155 571 3216 babemus
591 3156 792 3232 pontificem,
822 3159 879 3232 qai
899 3173 968 3216 non
987 3159 1095 3232 possit
1118 3160 1259 3234 compati
1279 3157 1524 3230 infirmitatibus
1546 3163 1618 3212 no·

417 3268 513 3326 stris:
535 3274 691 3326 tentatam
712 3276 817 3327 antem
835 3285 896 3342 par
908 3269 1027 3329 ,omnia
1044 3285 1107 3344 pro
1124 3269 1335 3328 similitudine
1356 3269 1501 3342 absquo
1521 3273 1614 3341 pec·
1639 3294 1644 3303 ·

418 3385 504 3439 cato
514 3372 551 3452 ⁸).
567 3372 610 3436 Et
624 3370 656 3435 in
673 3371 735 3437 alio
752 3374 839 3439 loco:
863 3374 951 3436 Eam
967 3379 1032 3454 qai
1047 3395 1123 3437 non
1138 3386 1305 3453 necerat
1315 3385 1533 3454 peccatam,
1547 3377 1614 3450 prt

417 3487 510 3545 nobis
522 3495 690 3562 peccatam
703 3487 787 3558 fecit
796 3485 831 3564 ’).
847 3485 952 3548 Porro
962 3485 1117 3559 Petrus,
1133 3483 1186 3569 qui
1202 3483 1260 3548 ait:
1277 3483 1429 3547 Scientes
1447 3488 1534 3562 qaod
1544 3484 1615 3542 71⁰⁵

418 3596 683 3672 corruptibilibus
698 3613 794 3674 auro,
813 3601 865 3656 oet
879 3606 1011 3671 arqento
1022 3599 1155 3657 redemti
1166 3599 1244 3657 estis
1253 3600 1291 3654 de
1304 3614 1389 3656 oana
1404 3603 1516 3655 cestra
1535 3595 1614 3651 coti·

399 3705 602 3778 *versatione
632 3713 789 3780 paternae
819 3708 1021 3767 traditionis:
1055 3712 1112 3767 sed
1138 3709 1281 3783 pretioso
1308 3707 1467 3781 sanquine
1499 3684 1616 3779 quati

419 3815 511 3887 anni
527 3814 776 3874 immaculati
795 3813 963 3897 Christi,
979 3825 1021 3876 et
1035 3818 1345 3877 incontaminati
1359 3811 1397 3892 ⁸).
1429 3813 1531 3896 Atque
1552 3799 1582 3866 J
1589 3814 1611 3857 ‘A

420 3937 555 3982 annes:
586 3920 635 3983 Et
649 3924 751 4002 scitis,
770 3926 847 4000 qnia
863 3927 919 3984 itte
935 3929 1107 4003 apparuit,
1131 3935 1169 3986 at
1181 3934 1315 4000 peccata
1329 3933 1445 4005 nestra
1470 3913 1607 3984 tolieret:

420 4039 451 4090 et
464 4041 665 4104 peccatam
680 4034 720 4092 in
735 4051 778 4092 eo
795 4052 870 4094 non
886 4031 997 4111 est9).

528 4137 820 4204 attenuatum
845 4140 1035 4206 unanimiter
1066 4145 1125 4207 SS.
1158 4144 1310 4217 Patres,
1342 4152 1437 4227 atque
1467 4130 1598 4207 Ecclesia

422 4267 549 4331 semper
570 4247 719 4332 professa
743 4262 808 4324 est,
840 4251 1019 4336 etquidem
1042 4265 1106 4316 tam
1127 4265 1250 4337 aperte,
1283 4264 1317 4316 ut
1342 4251 1540 4336 superfluum
1557 4268 1595 4337 per

534 4450 561 4526 ¹)
577 4450 679 4524 Epist.
700 4455 742 4511 ad
759 4454 854 4516 Trebi.
877 4473 907 4514 n.
931 4456 960 4514 8.
984 4457 1051 4520 ΡΡ.
1082 4463 1178 4531 apost.
1195 4455 1241 4516 ed.
1259 4455 1424 4521 Ootelor.
1447 4455 1604 4522 Amsbeltd

424 4532 522 4600 1724.
543 4540 578 4600 V.
596 4539 626 4603 2.
644 4562 674 4621 p.
692 4539 849 4624 bat-¹)
865 4545 967 4620 Epist.
984 4547 1033 4608 59.
1052 4549 1092 4605 ad
1108 4547 1179 4608 lta.
1196 4567 1227 4612 n.
1242 4550 1272 4607 4.
1290 4545 1370 4629 Opp.
1387 4546 1428 4614 V.
1447 4544 1477 4610 1.
1494 4569 1528 4629 p.
1547 4545 1608 4612 160.
1655 4596 1659 4613 ι

427 4628 451 4711 ⁸)
467 4631 504 4692 L.
521 4651 545 4692 s.
563 4653 589 4692 c.
607 4669 652 4678 -
670 4631 697 4712 ⁴)
714 4636 762 4694 De
776 4642 887 4713 peccat.
904 4636 1001 4700 merit.
1019 4645 1047 4697 et
1060 4622 1179 4700 remiss.
1197 4641 1215 4699 l.
1234 4641 1263 4698 1.
1281 4659 1305 4699 c.
1323 4642 1373 4704 10.
1388 4658 1420 4700 a.
1439 4643 1492 4702 11.
1511 4641 1552 4706 Τ.
1570 4637 1612 4705 10.
1652 4624 1659 4707 i

425 4741 451 4782 c.
469 4718 560 4784 t.-
580 4722 608 4798 5)
624 4723 720 4786 Hebr.
740 4723 769 4802 7,
785 4724 838 4789 26.
863 4726 950 4809 -⁶)
965 4724 1010 4790 Ib.
1026 4725 1059 4803 4,
1079 4725 1129 4791 15.
1152 4730 1235 4812 —⁷)
1260 4726 1291 4791 2.
1309 4728 1380 4790 Gor.
1402 4725 1437 4812 5,
1452 4726 1510 4794 21.
1528 4731 1576 4795 ef.
1594 4731 1616 4796 l.

427 4808 499 4879 Cor.
518 4810 571 4886 15,
587 4811 641 4877 47.
661 4851 702 4864 —
722 4815 748 4895 ⁸)
769 4816 798 4880 1.
815 4819 915 4882 Patr.
936 4819 964 4895 l,
984 4816 1125 4884 18-19.
1144 4857 1185 4867 -
1205 4819 1231 4898 ⁹)
1251 4819 1280 4886 1.
1296 4819 1319 4882 J
1326 4840 1406 4893 can.
1424 4817 1458 4895 3,
1473 4817 1510 4885 5.
