3775 5625
1470 424 1532 492 181

451 586 556 650 Porro
572 585 791 667 reponendum
808 605 882 650 esee
899 597 1065 669 peccatum
1082 585 1237 672 originale
1251 585 1282 651 in
1295 587 1464 653 aversione
1480 590 1534 654 ira·

326 692 455 764 ‚ituati
470 704 504 758 et
517 704 724 778 permanente
734 693 905 758 voluntatis
917 695 1027 769 aDeo,
1038 716 1095 780 per
1107 695 1354 762 inobedientiam
1363 698 1446 764 illam
1460 720 1535 765 con·

326 816 450 874 facta
465 815 498 868 et
512 823 570 888 per
581 803 741 868 carnalem
756 802 999 890 generationem
1014 804 1046 868 in
1063 826 1123 869 nos
1140 806 1311 881 transfusa,
1327 819 1415 892 patet
1429 828 1471 871 ex
1487 828 1537 885 eo,

326 913 421 1005 [ruia
434 924 602 998 peccatum
618 910 773 999 originale
790 912 976 978 necessario
993 915 1168 978 secundum
1184 914 1361 980 doctrinam
1379 919 1438 981 SS.
1451 906 1536 982 Scri·

326 1038 459 1114 pturae
475 1033 570 1108 atque
584 1021 752 1086 Ecclesiae
768 1020 862 1086 simul
877 1034 1036 1107 tamquam
1054 1022 1169 1109 aliquid
1184 1024 1216 1087 in
1233 1023 1326 1089 nobis
1347 1046 1539 1110 permanens

332 1154 408 1202 seu
421 1130 577 1197 habituale
593 1129 732 1218 cogitari
748 1132 851 1196 debet.
876 1131 909 1195 ld
926 1131 1012 1196 enim
1028 1132 1113 1198 clare
1129 1132 1270 1198 indicant
1293 1135 1392 1199 verha
1414 1135 1537 1200 Domi·

339 1242 405 1310 ni:
431 1242 527 1317 Ouod
540 1253 653 1305 natum
668 1253 774 1305 ested
790 1261 902 1321 carne,
930 1262 1025 1303 caro
1049 1254 1125 1305 est:
1151 1255 1184 1305 et
1206 1252 1293 1323 puori
1307 1257 1418 1309 natum
1433 1258 1540 1310 ester

347 1354 491 1434 Spiritu,
517 1349 703 1430 Spiritus
726 1350 829 1427 σεῖ’).
853 1348 922 1413 Nec
938 1370 1002 1411 non
1018 1351 1117 1414 verba
1140 1351 1338 1435 Apostoli,
1359 1375 1541 1434 perunum

353 1465 508 1526 bominem
520 1469 688 1538 peccatum
703 1462 738 1520 in
753 1460 854 1520 bunc
868 1467 1062 1540 mundum,
1080 1465 1101 1525 i.
1119 1482 1145 1521 e.
1164 1466 1205 1523 ia
1221 1482 1350 1525 omnes
1365 1467 1541 1527 bomines

358 1577 521 1634 intrasse
534 1566 573 1646 ²),
589 1577 693 1652 atque,
707 1588 767 1646 per
783 1572 1029 1630 inobedientiam
1046 1574 1145 1631 naias
1161 1572 1301 1634 bominis
1313 1584 1541 1650 peccatores

363 1683 593 1743 constitutas
607 1696 694 1738 esse
709 1683 842 1756 mattos,
861 1674 1127 1760 quemadmodum
1141 1700 1200 1757 per
1216 1684 1314 1742 unius
1330 1686 1541 1745 obeditionem

363 1793 448 1870 justi
477 1790 774 1850 constituentur
803 1791 897 1848 multi
910 1785 945 1864 ³).
969 1784 1120 1850 Ecclesia
1136 1799 1242 1851 autern
1257 1786 1341 1852 idem
1357 1787 1389 1852 in
1407 1789 1539 1855 Conci·

327 1897 328 1916 ¹
369 1895 407 1962 lia
421 1894 650 1962 Tridentino
668 1892 788 1958 diserte
804 1892 913 1968 tradit,
929 1894 983 1958 ubi
1000 1894 1110 1967 docet,
1127 1898 1284 1960 Adamurn
1300 1911 1499 1978 acceptant
1521 1922 1542 1963 a

372 2008 432 2070 lieo
446 2010 695 2070 sanctitatem
710 2015 747 2066 et
753 2008 960 2083 justitiam
974 2025 1041 2066 non
1056 2009 1118 2067 eibi
1133 2011 1210 2086 soti,
1229 2013 1285 2068 sed
1299 2012 1410 2069 nobis
1425 2014 1543 2071 etiam

373 2120 591 2194 perdidisse,
616 2124 713 2191 atque
738 2116 781 2174 in
805 2133 911 2176 omne
938 2134 1062 2192 penae
1092 2115 1298 2178 barranum
1328 2136 1395 2179 non
1419 2129 1542 2180 tanturn

375 2235 483 2287 nartem
515 2235 548 2285 et
574 2243 700 2303 paenas
730 2227 879 2301 corporis
911 2225 1142 2304 transfudisse,
1175 2231 1233 2285 sed
1262 2236 1295 2287 et
1320 2238 1541 2306 peccatum,

376 2340 454 2409 qaod
480 2352 586 2395 mors
616 2343 676 2394 est
703 2335 854 2393 animae
865 2334 909 2408 4);
941 2351 1041 2414 porro
1066 2334 1129 2394 boo
1144 2333 1234 2393 Adae
1254 2346 1435 2415 peccatum,
1459 2342 1546 2414 quod

334 2435 336 2440 ’
377 2444 478 2519 origine
491 2460 593 2503 mrum
608 2444 664 2519 sit,
687 2443 995 2521 propaqatione,
1022 2451 1055 2502 et
1077 2460 1142 2501 non
1159 2444 1337 2504 imitatione
1360 2446 1542 2518 transfu-

376 2568 439 2614 sum
451 2555 597 2613 amnibus
613 2554 763 2627 inesse,
782 2553 1001 2628 unicuique
1013 2554 1219 2629 proprium
1232 2553 1275 2628 ⁶);
1291 2548 1367 2614 illud
1384 2573 1542 2631 repena-

376 2664 524 2723 rationis
541 2666 702 2721 iavacro
718 2678 848 2738 necesse
863 2680 933 2721 esse
949 2663 1079 2738 expiari
1091 2657 1135 2737 ⁸);
1154 2670 1246 2744 atque
1260 2682 1321 2740 per
1336 2663 1419 2725 Jesn
1439 2661 1542 2723 Obri-

375 2769 407 2827 tti
417 2769 542 2833 Domini
557 2774 665 2832 nostri
677 2773 832 2849 qratiam,
850 2789 933 2849 puae
949 2773 984 2832 in
1000 2770 1198 2848 Baptismate
1212 2772 1398 2851 confertur,
1418 2782 1545 2835 reatum

376 2881 525 2955 trininatis
546 2884 671 2958 peccati
694 2883 829 2960 remitti,
855 2885 1022 2958 totlipue
1046 2890 1170 2942 totum
1193 2884 1248 2959 id,
1274 2888 1361 2958 quod
1384 2901 1494 2943 reram
1514 2893 1547 2945 et

375 2995 520 3067 propriam
533 2993 659 3069 peccati
674 2993 834 3051 rationem
849 2991 957 3070 babet,
980 3008 1183 3068 nequequam
1199 3000 1305 3051 autern
1322 2991 1405 3052 iilud
1420 3001 1544 3053 tantam

375 3103 442 3159 radi
468 3110 539 3162 aut
567 3118 644 3160 non
675 3102 861 3177 imputari
875 3100 910 3176 ⁷).
944 3097 1087 3161 Tandem
1109 3095 1141 3159 id
1164 3095 1270 3180 ipsum
1289 3098 1357 3182 jam
1374 3118 1416 3161 ex
1431 3110 1545 3163 natura

376 3205 491 3282 monti,
507 3218 542 3270 ut
558 3226 601 3270 ex
617 3225 716 3290 supra
732 3203 900 3290 disputatis
916 3217 1019 3290 patet,
1044 3205 1231 3270 necessario
1249 3205 1464 3292 consequitur.
1489 3208 1544 3272 Et·

375 3310 440 3379 tuin
459 3327 628 3402 peccatum
652 3336 717 3380 non
741 3327 792 3380 est
814 3313 1052 3388 tantummdo,
1076 3335 1137 3400 qua
1162 3314 1302 3402 agimus,
1328 3327 1426 3400 prout
1448 3316 1544 3382 nobis

375 3426 513 3505 mudum
533 3445 598 3489 non
619 3436 703 3500 erat,
724 3425 782 3489 sed
799 3436 832 3489 et
847 3423 973 3488 animae
988 3443 1046 3487 seu
1060 3423 1233 3488 voluntatis
1249 3435 1395 3499 nostrae,
1417 3424 1542 3491 actione

373 3531 436 3599 bala
449 3547 631 3609 contracta,
654 3533 810 3608 conditio,
832 3553 893 3619 qua
909 3554 973 3597 non
989 3553 1116 3606 sumus,
1137 3545 1233 3617 prout
1254 3553 1327 3598 esse
1344 3533 1544 3601 deberemus.

373 3630 443 3706 latis
460 3656 568 3709 autem
587 3641 703 3707 mentis
727 3654 859 3707 nostrae
879 3639 1021 3706 conditio
1045 3640 1211 3706 manifeste
1228 3654 1279 3707 est
1294 3642 1422 3708 aversio
1440 3645 1509 3728 ejus
1527 3664 1545 3708 a

327 3774 329 3783 ·
369 3738 425 3815 Deo
443 3774 499 3838 per
520 3753 650 3817 modum
671 3751 798 3816 habitus
820 3750 915 3815 nobis
937 3747 1052 3815 naturai
1071 3763 1204 3835 propter
1224 3764 1391 3836 peccatum
1407 3750 1544 3836 primum

365 3843 537 3937 lsslttrereras,
560 3881 621 3948 qua
636 3856 762 3945 justitio
782 3858 931 3947 originali
957 3858 1073 3944 privati
1096 3880 1160 3924 non
1176 3881 1287 3926 sumus
1302 3860 1405 3945 parati
1421 3862 1460 3926 ad
1477 3873 1543 3926 ten·

363 3964 490 4037 l{tiones
506 3970 603 4037 etism
619 3969 789 4058 graviores
806 3969 1016 4054 superandas,
1033 3970 1119 4034 etad
1135 3970 1318 4057 peragenda
1334 3960 1430 4034 etiam
1447 3991 1546 4055 opera

356 4079 511 4149 maiora
535 4080 625 4146 Unde
648 4092 681 4145 et
701 4091 834 4164 propter
855 4078 1056 4143 aversionem
1079 4079 1199 4144 hancce
1220 4077 1336 4143 merito
1352 4090 1544 4163 peccatores

355 4190 415 4251 ’θη
429 4202 562 4275 peccato
578 4187 732 4275 inquinati
748 4210 786 4254 ac
802 4186 1009 4273 spiritualiter
1024 4187 1143 4252 mortui
1159 4187 1301 4252 dicimur.
1333 4187 1413 4252 Nam
1438 4208 1545 4274 quem·

355 4286 525 4364 ¹'ltrrodum
557 4297 674 4373 areima,
706 4318 764 4362 seu
795 4298 943 4361 voluntas
972 4298 1011 4360 ad
1037 4297 1140 4360 Deum
1162 4316 1219 4381 per
1241 4295 1406 4361 charitatis
1428 4297 1547 4361 donum

352 4406 529 4483 ⁰⁰Itversa,
539 4409 630 4493 justa
644 4419 695 4472 est
710 4404 926 4481 habitualiter,
943 4405 993 4471 sic
1008 4406 1104 4471 etiam
1119 4426 1235 4471 aversa
1250 4405 1450 4471 habitualiter
1465 4405 1544 4489 inju-

352 4508 407 4575 ¹¹¹
428 4538 485 4584 seu
504 4514 671 4602 peccatrix
687 4514 808 4599 optimo
819 4516 893 4599 jure
911 4514 1041 4589 dicitur;
1064 4527 1096 4579 et
1111 4514 1195 4579 sicut
1225 4527 1391 4599 peccatum
1424 4515 1546 4579 actuale

351 4623 408 4683 0⁸t
426 4625 551 4693 aversio
573 4623 705 4690 actualis
727 4644 746 4687 a
766 4623 836 4688 Deo
854 4636 887 4687 et
901 4625 972 4708 ejus
989 4625 1075 4711 lege,
1098 4621 1143 4688 ita
1158 4634 1191 4687 et
1206 4635 1373 4707 peccatum
1388 4620 1546 4688 habituale

350 4718 634 4779 ¹&—

461 4790 486 4872 ¹)
504 4790 598 4854 Joan.
615 4789 646 4874 3,
662 4788 692 4855 6.
710 4826 753 4836 -
771 4789 797 4869 ²)
813 4790 900 4852 Rom.
917 4785 949 4871 5,
968 4786 1019 4854 12.
1037 4787 1082 4851 of.
1102 4786 1153 4851 18.
1171 4824 1213 4834 --
1233 4786 1258 4870 ³)
1273 4789 1361 4849 Rom.
1380 4782 1410 4858 5,
1431 4784 1481 4850 19.
1501 4825 1544 4834 -

357 4856 383 4947 ⁴)
401 4880 480 4946 aaa.
496 4885 588 4946 oar.
606 4885 642 4944 a
656 4901 735 4962 pte.
752 4879 829 4960 aa.
845 4884 874 4943 2.
893 4915 933 4927 -
953 4884 979 4960 ι)
998 4881 1044 4942 n.
1061 4884 1092 4944 a.
1112 4915 1153 4927 -
1172 4880 1261 4960 ⁶)1s.
1279 4883 1308 4942 4.
1327 4884 1374 4924 -·
1389 4878 1413 4959 ⁷)
1432 4879 1479 4942 u.
1496 4881 1525 4942 a.
