3775 5625
346 452 413 515 330

343 616 430 683 visse
446 616 636 703 sangninem
653 615 789 701 pretium
806 615 1015 681 redemtionis
1038 628 1184 691 nostrae,
1216 639 1280 681 non
1303 616 1380 703 quis
1395 618 1462 681 hoc
1478 618 1536 680 sol·

336 728 480 791 vnendum
512 738 581 789 erat
612 724 753 800 diabolo,
778 723 829 810 qni
854 747 916 789 nos
933 725 1078 809 captivos
1096 728 1240 801 tenebat,
1265 727 1323 791 sed
1341 725 1495 812 qnoniam
1510 724 1539 788 id

344 834 513 920 dispositio
545 834 651 899 divina
682 836 879 919 postulabat,
904 836 943 898 sd
970 857 1030 899 nos
1048 835 1247 909 liberandos;
1273 850 1305 900 et
1320 837 1456 901 tundent
1470 835 1539 899 ideo

345 958 482 1010 mortem
500 944 619 1011 Christi
644 958 780 1009 mortem
805 957 951 1009 nostrum
967 945 1170 1022 dissolvisse,
1187 946 1380 1031 supplicium
1397 947 1470 1031 ejus
1486 966 1540 1008 no·

346 1069 448 1121 strum
463 1054 639 1119 remedium
655 1076 744 1129 esse,
760 1054 864 1139 ipsum
880 1055 995 1119 mortis
1015 1055 1201 1120 servitutem
1218 1056 1419 1141 suscepisse,
1436 1068 1472 1119 ut
1487 1076 1541 1118 no-

346 1165 396 1230 bis
413 1165 568 1229 tribueret
588 1166 670 1228 vitae
695 1177 843 1227 aeternae
864 1163 1060 1239 libertatem,
1081 1165 1271 1253 sauguinem
1287 1166 1358 1249 ejus
1375 1186 1456 1229 esse
1471 1186 1542 1249 pre·

345 1274 439 1350 tium,
456 1297 518 1360 quo
535 1276 672 1339 mundus
688 1275 757 1337 Deo
774 1273 1016 1349 reconciliatur,
1038 1274 1090 1360 qui
1107 1275 1201 1339 nobis
1218 1274 1358 1362 gretiam
1374 1274 1543 1359 poeniten·

345 1384 408 1449 tiae
425 1382 535 1459 offert,
553 1382 731 1457 Christum,
748 1382 776 1446 si
792 1404 893 1466 purus
909 1384 1007 1447 homo
1025 1384 1154 1459 fuisset,
1179 1383 1316 1468 pretinm
1337 1404 1401 1469 pro
1418 1382 1544 1447 univer·

345 1515 456 1559 sorum
487 1493 629 1577 peccatis
660 1494 846 1577 persolvere
869 1514 933 1556 non
956 1493 1118 1577 potuisse,
1142 1495 1200 1557 sed
1222 1515 1318 1578 quum
1335 1493 1428 1557 Deus
1446 1506 1546 1567 esset,

346 1603 439 1667 unius
462 1601 569 1666 cornis
594 1614 729 1665 mortem
746 1603 785 1665 sd
802 1601 1021 1666 liberationem
1038 1602 1170 1689 generis
1187 1601 1314 1665 humaui
1346 1603 1478 1666 abunde
1497 1614 1546 1666 sst

345 1712 460 1786 fuisse,
483 1734 543 1776 nos
565 1732 626 1774 non
650 1711 807 1799 sangnine
829 1711 992 1775 hircorum
1009 1724 1042 1776 et
1056 1711 1242 1787 vitulorum,
1259 1713 1318 1777 sed
1334 1733 1396 1796 per
1414 1712 1546 1801 sangui·

346 1843 417 1886 nem
436 1820 554 1887 Christi
571 1820 709 1905 expiari,
725 1834 818 1906 atque
836 1823 1005 1886 eredentes
1023 1821 1054 1885 iu
1072 1834 1208 1886 mortem
1225 1821 1345 1887 Christi
1363 1821 1453 1885 mori
1470 1820 1547 1885 effn-

346 1952 434 2018 gere.
467 1929 588 2009 Quibus
611 1930 758 1995 omnibus
782 1931 942 2006 doctrina,
974 1931 1118 2016 passioni
1135 1952 1174 1995 ac
1190 1929 1285 1995 morti
1311 1930 1436 1995 Christi
1453 1931 1548 1995 meri·

348 2054 428 2114 tum,
446 2041 487 2103 ob
505 2042 588 2125 quod
605 2039 698 2103 nobis
720 2039 870 2104 remissio
892 2054 1099 2125 peccatorum
1117 2052 1149 2104 et
1165 2040 1354 2105 conceditur
1372 2051 1473 2125 atque
1491 2062 1550 2105 nos

345 2151 415 2214 Deo
431 2148 690 2223 reconciliamur,
715 2149 823 2214 inesse
840 2162 903 2213 tam
926 2152 1010 2215 clare
1028 2171 1067 2214 ac
1082 2149 1256 2215 indubitate
1289 2148 1501 2225 enuntiatur,
1517 2161 1551 2213 ut

348 2281 411 2323 non
428 2259 535 2343 possit
551 2259 666 2323 clarius
684 2280 722 2323 ac
739 2259 867 2324 certius.

459 2370 495 2430 0.
520 2370 606 2431 ldem
628 2389 752 2453 quoqne
769 2368 801 2431 in
817 2368 952 2452 publicis
978 2368 1144 2433 Ecclesiae
1169 2367 1356 2433 Catholicae
1384 2370 1549 2452 Symbo-

348 2476 396 2543 lis
413 2499 603 2563 expressum
620 2477 816 2552 continetur,
840 2478 953 2563 quibus
977 2478 1061 2541 inter
1078 2477 1137 2541 alia
1153 2479 1233 2541 bueo
1249 2477 1442 2562 profitetur,
1461 2478 1551 2544 Chri·

348 2598 432 2650 stum
450 2609 509 2671 pro
526 2586 619 2651 nobis
636 2598 669 2650 et
683 2608 742 2671 pro
760 2599 872 2650 nostra
893 2587 994 2650 salute
1012 2608 1142 2671 passum
1160 2607 1198 2651 ac
1215 2598 1379 2650 mortuum
1398 2608 1495 2662 esse,
1512 2600 1553 2662 nt,

347 2694 990 2779 Nicaeno·Constuntinopolitano
1023 2708 1055 2759 et
1086 2694 1370 2759 Athanasiano.
1407 2696 1566 2792 Quorum!

301 2868 303 2874 ,
348 2804 422 2870 illud
437 2806 548 2869 babet:
576 2808 747 2870 Credimus
763 2844 806 2853 -
822 2813 857 2868 in
872 2808 986 2870 Jesum
1006 2808 1189 2880 Christum,
1207 2813 1263 2886 qui
1288 2819 1469 2886 propter·
1486 2829 1552 2870 no·

349 2930 472 2980 strum
488 2924 552 2979 sal
558 2930 658 2980 utem
673 2923 889 2980 descenditur
905 2923 1021 2997 coelis,
1040 2929 1073 2979 et
1086 2922 1278 2979 incarnatus
1294 2927 1344 2979 est
1359 2923 1402 2978 de
1420 2917 1554 2996 Spiritu

350 3027 386 3090 S.
409 3048 453 3087 es·
474 3027 590 3089 Maria
617 3030 653 3090 V.
674 3039 706 3089 et
730 3030 825 3089 homo
851 3029 965 3101 fuctus
987 3037 1051 3098 est,
1073 3028 1316 3100 crucifissus
1337 3031 1471 3089 etiam
1484 3048 1552 3106 pro

348 3141 468 3200 uobis
485 3132 572 3217 (irtio
593 3131 691 3214 ἡμῶν)
709 3142 766 3198 sud
782 3137 903 3198 Pontio
918 3138 1045 3209 Pilato,
1061 3158 1207 3215 possus
1222 3149 1261 3199 et
1274 3144 1471 3215 sepultus
1487 3147 1552 3199 est.

350 3247 574 3330 Symbolum
599 3243 902 3309 Athanasiauum
942 3265 1038 3307 vero:
1087 3247 1255 3317 Christus,
1295 3251 1355 3324 qui
1401 3266 1553 3325 passus

280 3353 282 3356 ’
348 3368 407 3418 est
418 3378 488 3435 pro
506 3367 646 3417 nostra
662 3357 805 3416 salute.
822 3352 890 3415 Nec
907 3374 971 3414 non
988 3352 1019 3415 id
1035 3351 1141 3436 ipsum
1158 3351 1228 3416 aliis
1246 3352 1442 3417 solennibus
1462 3354 1550 3419 Con·

349 3463 531 3527 ciliorum
554 3462 790 3526 delinitionibus
813 3473 966 3525 statutum
983 3473 1041 3524 est.
1067 3460 1123 3525 sie
1141 3461 1253 3526 Cone.
1269 3463 1415 3546 Ephes.
1434 3484 1548 3548 appro-

348 3574 429 3636 bans
447 3570 555 3654 Cyrilli
572 3569 868 3635 arrathematismunr
888 3569 937 3632 10.
956 3568 1078 3633 delinit:
1099 3572 1266 3632 Christum
1282 3573 1402 3633 Jesum
1416 3585 1549 3635 nostrae

349 3684 568 3755 confessionis
589 3683 780 3754 Pontificem
802 3691 835 3740 et
854 3680 1045 3754 Apostolum
1071 3683 1253 3750 exstitisse,
1271 3686 1479 3759 eundemque
1494 3701 1547 3742 se-

349 3794 555 3866 metipsum
574 3809 650 3866 pro
672 3794 784 3850 uobis
806 3793 846 3848 in
863 3794 1020 3848 odorem
1036 3792 1257 3849 suauitatis
1273 3790 1355 3849 Deo
1373 3792 1546 3852 etPueri

351 3902 462 3958 obtul
468 3902 480 3958 i
489 3919 566 3970 sse,
583 3902 693 3958 diuina
710 3897 886 3974 Scriptura
902 3908 1138 3958 cnutmemorct.
1164 3895 1294 3974 Siquis
1310 3916 1393 3974 erqo
1410 3902 1540 3974 dixerit,

350 4009 538 4082 Pontificem
554 4018 587 4068 et
596 4009 786 4085 Apostolum
802 4017 951 4066 nostrum
966 4026 1032 4066 nou
1048 4026 1118 4065 esse
1134 4010 1347 4068 coustitutum
1365 4012 1473 4084 ipsum
1487 4009 1541 4067 ba·

355 4117 508 4186 Verbum,
527 4094 739 4194 posteaquam
760 4136 836 4176 caru
853 4117 993 4176 ethome
1017 4119 1110 4175 uobis
1126 4119 1245 4176 similis
1261 4117 1393 4188 fuctum
1409 4128 1460 4179 est
1462 4139 1477 4193 ,·
1493 4119 1539 4175 sed

350 4227 510 4286 hominem
530 4229 636 4296 illum,
661 4229 716 4301 qui
736 4245 780 4285 ee·
803 4226 938 4284 muliere
961 4235 1060 4285 nutus
1085 4236 1147 4296 est,
1165 4229 1260 4302 quasi
1276 4227 1421 4286 alterum
1435 4243 1533 4304 puem-

349 4339 435 4411 pium
455 4338 493 4393 ab
510 4338 580 4411 ipso
596 4339 777 4394 diuersum:
800 4345 857 4394 aut
873 4338 901 4393 si
917 4337 991 4410 uuis
1014 4332 1183 4394 Christum
1197 4354 1260 4410 pro
1278 4353 1313 4394 se
1329 4337 1403 4411 ipso
1420 4349 1531 4412 quoque

351 4454 384 4503 et
407 4461 472 4501 non
490 4446 598 4518 potius
621 4464 695 4519 pro
717 4446 831 4502 nobis
853 4446 954 4503 solis
975 4443 1235 4514 sucrificium
1258 4446 1457 4504 obtulisse
1478 4439 1527 4511 af·

349 4553 601 4624 firmaverit:
619 4557 740 4630 (neque
756 4555 841 4612 enim
856 4555 886 4612 is
902 4554 1066 4611 oblatione
1083 4571 1165 4628 opus
1181 4553 1331 4631 habebut,
1351 4555 1407 4630 qui
1422 4554 1525 4612 nullon

351 4670 517 4737 peecatum
548 4661 769 4738 conmiserat)
786 4681 816 4720 u.
835 4664 912 4735 s.¹).
945 4657 1059 4721 Cone.
1096 4657 1225 4722 Later.
1243 4659 1295 4723 lV.
1336 4659 1442 4722 habet:
1466 4655 1521 4731 Oli

298 4813 301 4820 ,
353 4813 569 4833 r-—-—--

462 4879 485 4958 1)
502 4877 633 4951 Mausi,
658 4877 731 4938 Coll.
756 4855 854 4939 Cous..
866 4878 903 4937 T.
924 4874 955 4940 4.
973 4899 998 4946 c.
1018 4875 1115 4942 1083.
