3775 5625
456 561 496 647 ii.
520 563 606 647 idem
622 582 741 668 pariter
764 584 891 647 tradunt
915 585 975 649 ss.
996 572 1150 659 Patres,
1175 580 1322 650 necnon
1347 558 1533 652 Consilia.

346 692 402 757 Sic
419 694 463 758 ait
478 693 735 780 Augustinus:
753 696 843 757 Deus
859 731 902 740 ·-
916 716 988 757 eum
1000 700 1166 774 justificat
1180 702 1324 777 impium,
1348 709 1379 759 et
1402 718 1472 759 aum
1494 706 1537 759 ad

341 808 522 883 perfectam
553 806 734 884 sanitatem,
759 809 820 866 hoe
835 817 895 884 est,
921 814 965 866 ad
976 809 1155 884 perfectam
1186 811 1285 868 uitam
1307 811 1536 886 justitiamque

342 919 549 995 perduxerit,
568 935 642 976 uou
662 920 824 986 deserit,
840 920 873 974 si
894 935 968 976 nou
989 922 1223 996 deseratur,
1242 927 1285 977 ut
1302 922 1364 994 pie
1380 936 1536 995 semper

339 1026 525 1102 justeque
547 1030 702 1086 vivatur
714 1029 751 1102 ¹).
774 1025 817 1087 Et
832 1045 963 1087 rursus:
988 1026 1148 1086 Dominus
1164 1045 1275 1087 euram
1292 1029 1387 1088 tuter
1401 1031 1462 1104 tui,
1481 1048 1535 1087 se-

344 1153 446 1195 curus
461 1145 539 1195 esto.
559 1170 600 1179 -
616 1136 818 1213 Nusquam
838 1139 910 1196 tibi
932 1142 1057 1196 deest:
1081 1146 1117 1195 tu
1138 1140 1187 1195 illi
1204 1139 1273 1195 uoti
1289 1141 1409 1214 deesse,
1428 1145 1463 1197 ιιι
1480 1140 1537 1197 tibi

344 1248 416 1304 uoti
431 1250 539 1304 deesse
549 1247 586 1319 ²).
605 1279 646 1289 —
664 1242 884 1306 Concilium
900 1242 1186 1306 Arausicanum
1209 1254 1314 1306 atulam
1331 1243 1439 1305 habet:
1465 1244 1538 1305 Hoc

344 1360 520 1413 secuudum
538 1356 631 1427 sidem
657 1353 857 1414 Catholieam
880 1358 1052 1433 credimus,
1078 1360 1176 1432 quod,
1195 1364 1325 1431 accepta
1339 1373 1399 1430 per
1414 1354 1536 1431 Bapti-

344 1482 449 1523 smum
462 1467 572 1539 pratia
589 1482 715 1523 omues
736 1467 949 1540 oaptizari,
975 1462 1136 1524 Christo
1158 1466 1392 1523 ausiliante
1412 1473 1449 1523 et
1472 1482 1537 1523 co·

345 1584 550 1650 operante.
573 1593 657 1649 puae
672 1578 864 1634 adsalutem
886 1578 1014 1633 atrimae
1032 1577 1207 1652 pertineat,
1227 1576 1402 1650 possint,
1420 1582 1458 1633 et
1475 1578 1538 1631 de·

345 1687 478 1762 aeaut,
512 1686 545 1743 si
573 1684 770 1755 fideliter
802 1688 987 1743 laborare
1019 1686 1239 1761 volueriut,
1274 1685 1539 1760 adimplere³).

347 1792 449 1873 Atque
467 1788 681 1853 Concilium
700 1789 975 1853 Tridentinum
992 1791 1148 1853 declarat:
1173 1793 1276 1852 Nemo
1294 1797 1384 1852 debet
1398 1803 1539 1852 temera·

344 1905 400 1961 ria
420 1905 491 1980 illa,
514 1912 546 1961 et
565 1922 585 1960 a
606 1902 765 1962 Patribus
786 1906 843 1962 strb
865 1904 1067 1963 arrathemate
1096 1903 1264 1978 prohibita
1294 1920 1372 1961 uoce
1388 1906 1453 1961 teti:
1479 1903 1540 1961 Dei

339 2021 518 2086 praecepta
548 2012 672 2070 homiui
693 2014 874 2088 justificato
895 2018 938 2071 ad
958 2017 1193 2071 obseruandum
1214 2029 1284 2070 esse
1308 2014 1538 2087 impossibilia:

343 2140 422 2180 nam
444 2120 551 2179 Deus
582 2124 852 2196 impossibilia
882 2140 959 2181 mou
981 2125 1112 2199 jubet,
1136 2126 1192 2180 sed
1205 2122 1349 2197 J‘ubeudo
1373 2130 1491 2198 mouet,
1510 2130 1543 2179 et

341 2232 472 2307 facere,
491 2235 578 2306 quod
589 2233 710 2307 possis,
729 2240 761 2290 et
771 2240 894 2309 petere,
913 2238 1001 2308 quod
1015 2250 1081 2291 uou
1094 2234 1214 2309 possis,
1241 2240 1277 2290 et
1300 2232 1480 2308 adjuvat,
1499 2239 1543 2289 ut

341 2342 488 2418 possis.
511 2337 554 2398 Et
568 2336 662 2419 paulo
679 2336 827 2400 inferius:
852 2340 943 2400 Deus
958 2358 1094 2416 namque
1110 2358 1171 2399 sua
1184 2342 1295 2415 qratia
1311 2343 1410 2398 semel
1415 2342 1437 2416 j
1443 2343 1540 2399 usti-

342 2451 499 2522 ficales
521 2467 598 2508 uou
621 2453 795 2525 deserit,
820 2454 900 2509 uisi
923 2454 968 2510 ab
992 2453 1050 2510 eis
1070 2453 1185 2526 prius
1216 2447 1480 2523 deser·atur⁴).
1506 2434 1542 2508 s'i

345 2567 453 2618 autem
479 2553 592 2638 justis,
625 2566 760 2640 urgente
791 2568 982 2639 praecepto,
1004 2577 1068 2618 non
1090 2557 1219 2619 adesset
1240 2553 1345 2642 gratia
1361 2574 1437 2618 rere
1454 2552 1540 2617 suffi-

346 2664 454 2737 ciens,
478 2684 538 2748 qua
561 2677 698 2747 possent
719 2665 768 2728 vel
791 2665 866 2727 illud
886 2664 1066 2729 immediate
1082 2663 1229 2748 implere,
1246 2665 1296 2728 vel
1313 2664 1426 2728 saltem
1442 2662 1541 2747 impe·

346 2786 434 2838 trare
451 2773 581 2837 uberius
598 2773 656 2837 Dei
674 2774 839 2850 auxilium,
856 2787 890 2839 ut
905 2774 1091 2859 impleatur:
1117 2788 1203 2840 certe
1226 2775 1314 2839 Deus
1326 2775 1435 2858 justos
1452 2772 1542 2858 prius

348 2885 531 2957 desereret,
556 2905 649 2967 quam
671 2886 710 2946 ab
732 2883 811 2968 ipsis
839 2886 1057 2957 desereretur;
1083 2886 1208 2969 quando
1240 2883 1365 2968 quidem
1397 2884 1480 2945 nulla
1501 2904 1543 2947 ex

347 3003 440 3076 parte
452 2993 541 3075 justa
557 2991 716 3078 assignari
734 3005 847 3076 posset
863 3014 977 3066 cansa,
995 2994 1035 3056 ob
1053 3014 1144 3078 quam
1161 2994 1249 3056 Deus
1267 2993 1295 3055 ei
1311 2991 1450 3078 gratiam
1467 2992 1540 3055 sub·-

349 3102 501 3164 traheret.
527 3104 631 3186 Atque
647 3101 759 3165 deinde
775 3102 965 3166 sententiam
990 3102 1182 3166 contrariam
1205 3103 1403 3166 anathemate
1419 3101 1541 3184 percel-

349 3209 401 3273 lit:
435 3211 472 3276 S.
496 3233 524 3289 a.
550 3219 579 3276 d.
603 3215 676 3273 Dei
698 3224 912 3291 praecepta
936 3215 1084 3274 homiui
1108 3218 1225 3274 etiam
1240 3215 1480 3291 justificato
1506 3220 1545 3271 et

350 3327 421 3383 sub
442 3326 577 3398 pratia
601 3327 838 3402 constituto,
864 3343 947 3383 esse
970 3330 1017 3383 ad
1040 3327 1332 3383 obseruandum
1363 3311 1542 3399 impossi-

351 3434 468 3491 bilia:
493 3435 523 3491 a.
540 3452 563 3492 s.
580 3434 616 3506 ⁵).
641 3431 718 3492 dure
737 3450 816 3515 ergo
841 3429 1094 3493 innocentius
1111 3431 1148 3493 X.
1173 3441 1205 3492 et
1228 3428 1451 3491 Alexander
1475 3428 1543 3490 Vll.

351 3536 607 3622 propositionem
625 3537 653 3600 1.
670 3537 812 3601 danscnii
835 3539 1032 3601 arrathemate
1048 3539 1117 3622 jam
1139 3538 1317 3600 damnatam
1333 3536 1544 3608 declararunt,

352 3668 435 3732 quae
456 3647 564 3710 hahet:
589 3650 735 3726 Aliqua
758 3651 830 3709 Dei
850 3661 1065 3727 praecepta
1088 3652 1311 3710 homiuibus
1326 3651 1455 3725 justis
1479 3666 1544 3706 ao·

353 3762 528 3820 lentibus
551 3769 589 3818 et
612 3762 848 3819 conantibus
871 3765 1081 3818 secuudum
1094 3769 1343 3837 praesentes,
1362 3775 1458 3835 quas
1475 3758 1544 3816 lra-

354 3873 451 3927 oeut
479 3872 600 3946 vires,
632 3878 725 3928 suut
754 3871 1040 3946 impossibilia,
1075 3874 1183 3928 deest
1212 3886 1363 3946 quoque
1392 3869 1544 3943 qratia,

353 3996 433 4055 qua
451 3980 672 4053 possibilia
693 3979 811 4049 fiant.

469 4083 505 4146 0.
531 4084 673 4147 Tandem
697 4083 913 4172 pergratiam
941 4083 1172 4168 justificantem
1195 4085 1291 4148 homo
1315 4082 1347 4144 in
1375 4080 1547 4145 auticitiam

352 4177 495 4257 divinam
518 4192 678 4278 recipitur.
710 4195 753 4256 Et
777 4193 851 4258 hinc
881 4194 908 4258 si
936 4193 1041 4282 gratia
1073 4193 1236 4258 sufficiens
1263 4190 1448 4276 justificatis
1481 4211 1546 4254 non

352 4366 639 4384 m..-

470 4467 493 4556 ¹)
509 4473 556 4530 De
574 4477 633 4529 uat.
652 4477 679 4528 et
691 4489 737 4546 pr.
756 4491 779 4530 c.
798 4472 847 4528 26.
865 4490 895 4526 u.
914 4471 963 4529 29.
981 4467 1059 4548 Opp.
1079 4464 1117 4530 Τ.
1138 4465 1188 4528 10.
1205 4488 1229 4526 c.
1251 4464 1323 4529 140.
1336 4504 1379 4512 -
1393 4467 1416 4547 ²)
1427 4468 1545 4526 Euarr.

354 4563 394 4622 iu
409 4563 465 4622 Ps.
482 4565 531 4622 39.
548 4585 578 4623 u.
596 4566 647 4624 27.
665 4558 704 4625 T.
720 4559 751 4621 4.
770 4581 795 4619 e.
813 4556 887 4621 342.
912 4559 956 4620 Of.
973 4563 1021 4618 De
1035 4579 1114 4636 pecc.
1131 4577 1202 4619 mer.
1222 4566 1249 4616 et
1263 4577 1334 4619 rem.
1361 4561 1381 4620 ι.
1400 4562 1427 4617 1.
1453 4577 1477 4616 c.
1496 4558 1546 4617 39.

352 4675 391 4717 ιι.
410 4655 460 4716 69.
477 4649 516 4714 Τ.
535 4650 586 4715 10.
603 4674 627 4712 c.
645 4650 687 4713 39
699 4674 722 4712 s.
740 4688 781 4698 -
799 4647 827 4736 ³)
842 4651 978 4712 (taum.
996 4650 1130 4718 Mansi,
1150 4649 1225 4708 (loll.
1239 4649 1330 4710 Ooue.
1341 4646 1380 4714 T.
1393 4646 1422 4708 8.
1435 4669 1459 4707 c.
1472 4644 1547 4708 tlt.

354 4745 407 4806 Gi.
427 4743 533 4806 Cone.
549 4744 700 4804 Milevit.
716 4743 757 4802 Π.
777 4763 841 4803 cau.
857 4745 887 4800 3.
904 4742 949 4800 Ib.
967 4742 1005 4800 Τ.
1022 4738 1053 4803 4.
1071 4761 1095 4800 c.
1114 4737 1190 4804 327.
1207 4775 1248 4786 -
1267 4743 1296 4819 ⁴)
1311 4741 1394 4803 Sess.
1412 4742 1441 4802 6.
1459 4760 1483 4800 c.
1498 4742 1547 4799 11.

354 4836 408 4901 Of.
427 4855 451 4896 a.
469 4838 518 4897 13.
537 4871 580 4882 -
596 4830 623 4924 ⁵)
641 4836 716 4900 Gau.
733 4836 783 4897 18.
801 4833 868 4895 coll.
885 4853 951 4894 cau.
967 4835 997 4895 3.

1290 4937 1374 5006 33.
