<?xml version="1.0" encoding="UTF-8"?>
<!DOCTYPE html PUBLIC "-//W3C//DTD XHTML 1.0 Transitional//EN"
    "http://www.w3.org/TR/xhtml1/DTD/xhtml1-transitional.dtd">
<html xmlns="http://www.w3.org/1999/xhtml" xml:lang="en" lang="en">
 <head>
  <title>
</title>
<meta http-equiv="Content-Type" content="text/html;charset=utf-8" />
  <meta name='ocr-system' content='tesseract 3.04.00' />
  <meta name='ocr-capabilities' content='ocr_page ocr_carea ocr_par ocr_line ocrx_word'/>
</head>
<body>
  <div class='ocr_page' id='page_1' title='image "./theologiadogmat00schwgoog/theologiadogmat00schwgoog_0342.png"; bbox 0 0 3775 5625; ppageno 0'>
   <div class='ocr_carea' id='block_1_1' title="bbox 336 347 404 414">
    <p class='ocr_par' dir='ltr' id='par_1_1' title="bbox 336 347 404 414">
     <span class='ocr_line' id='line_1_1' title="bbox 336 347 404 414; baseline -0.029 0"><span class='ocrx_word' id='word_1_1' title='bbox 336 347 404 414; x_wconf 81' lang='grc'><strong>326</strong></span> 
     </span>
    </p>
   </div>
   <div class='ocr_carea' id='block_1_2' title="bbox 336 510 1482 712">
    <p class='ocr_par' dir='ltr' id='par_1_2' title="bbox 336 510 1482 712">
     <span class='ocr_line' id='line_1_2' title="bbox 336 510 1482 598; baseline 0.002 -20"><span class='ocrx_word' id='word_1_2' title='bbox 336 514 579 596; x_wconf 75' lang='lat' dir='ltr'><em>Ireneens¹),</em></span> <span class='ocrx_word' id='word_1_3' title='bbox 604 510 854 598; x_wconf 79' lang='lat' dir='ltr'><em>Origenes²)‚</em></span> <span class='ocrx_word' id='word_1_4' title='bbox 878 512 1482 596; x_wconf 77' lang='lat' dir='ltr'><em>Athanasios⁸),1issilius⁴)‚Gr</em></span> 
     </span>
     <span class='ocr_line' id='line_1_3' title="bbox 337 619 1482 712; baseline 0.002 -25"><span class='ocrx_word' id='word_1_5' title='bbox 337 621 482 712; x_wconf 80' lang='lat' dir='ltr'><em>gorius</em></span> <span class='ocrx_word' id='word_1_6' title='bbox 514 619 856 700; x_wconf 60' lang='lat' dir='ltr'><em>Nazianzenusr),</em></span> <span class='ocrx_word' id='word_1_7' title='bbox 889 622 1110 710; x_wconf 81' lang='lat' dir='ltr'><strong>Gregorius</strong></span> <span class='ocrx_word' id='word_1_8' title='bbox 1142 623 1371 709; x_wconf 70' lang='lat' dir='ltr'><em>Nyssem‘),</em></span> <span class='ocrx_word' id='word_1_9' title='bbox 1415 625 1482 690; x_wconf 79' lang='lat' dir='ltr'><em>Eur</em></span> 
     </span>
    </p>
   </div>
   <div class='ocr_carea' id='block_1_3' title="bbox 293 876 1482 4889">
    <p class='ocr_par' dir='ltr' id='par_1_3' title="bbox 293 876 1482 4889">
     <span class='ocr_line' id='line_1_4' title="bbox 293 876 1482 960; baseline 0.002 -20"><span class='ocrx_word' id='word_1_10' title='bbox 293 952 296 958; x_wconf 23' lang='grc'>1</span> <span class='ocrx_word' id='word_1_11' title='bbox 452 884 478 957; x_wconf 86' lang='lat'><em>¹)</em></span> <span class='ocrx_word' id='word_1_12' title='bbox 498 880 584 941; x_wconf 78' lang='lat' dir='ltr'><em>Oont.</em></span> <span class='ocrx_word' id='word_1_13' title='bbox 610 881 692 943; x_wconf 75' lang='lat' dir='ltr'><em>haer.</em></span> <span class='ocrx_word' id='word_1_14' title='bbox 709 880 728 940; x_wconf 87' lang='lat' dir='ltr'><em>l.</em></span> <span class='ocrx_word' id='word_1_15' title='bbox 746 881 774 940; x_wconf 87' lang='lat'><em>5.</em></span> <span class='ocrx_word' id='word_1_16' title='bbox 792 899 816 939; x_wconf 89' lang='lat' dir='ltr'><em>c.</em></span> <span class='ocrx_word' id='word_1_17' title='bbox 834 882 862 940; x_wconf 88' lang='lat'><strong><em>1.</em></strong></span> <span class='ocrx_word' id='word_1_18' title='bbox 879 900 909 940; x_wconf 89' lang='lat' dir='ltr'><em>u.</em></span> <span class='ocrx_word' id='word_1_19' title='bbox 928 883 956 940; x_wconf 90' lang='lat'><strong><em>1.</em></strong></span> <span class='ocrx_word' id='word_1_20' title='bbox 972 901 1002 960; x_wconf 87' lang='lat' dir='ltr'><em>p.</em></span> <span class='ocrx_word' id='word_1_21' title='bbox 1021 876 1098 941; x_wconf 87' lang='grc'><strong>292.</strong></span> <span class='ocrx_word' id='word_1_22' title='bbox 1143 883 1270 941; x_wconf 84' lang='lat' dir='ltr'><em>Verbum</em></span> <span class='ocrx_word' id='word_1_23' title='bbox 1285 888 1393 959; x_wconf 88' lang='lat' dir='ltr'><em>potens</em></span> <span class='ocrx_word' id='word_1_24' title='bbox 1409 888 1436 941; x_wconf 86' lang='lat' dir='ltr'><em>et</em></span> <span class='ocrx_word' id='word_1_25' title='bbox 1448 884 1482 942; x_wconf 78' lang='lat' dir='ltr'><em>ta</em></span> 
     </span>
     <span class='ocr_line' id='line_1_5' title="bbox 340 969 1482 1047; baseline -0.002 -13"><span class='ocrx_word' id='word_1_26' title='bbox 340 992 430 1034; x_wconf 72' lang='lat' dir='ltr'><em>ocrem</em></span> <span class='ocrx_word' id='word_1_27' title='bbox 447 970 628 1047; x_wconf 80' lang='lat' dir='ltr'><em>sanpuine</em></span> <span class='ocrx_word' id='word_1_28' title='bbox 643 988 710 1029; x_wconf 88' lang='lat' dir='ltr'><em>suo</em></span> <span class='ocrx_word' id='word_1_29' title='bbox 726 969 950 1030; x_wconf 85' lang='lat' dir='ltr'><em>rationabiliter</em></span> <span class='ocrx_word' id='word_1_30' title='bbox 966 971 1157 1031; x_wconf 85' lang='lat' dir='ltr'><em>redimens</em></span> <span class='ocrx_word' id='word_1_31' title='bbox 1172 992 1254 1047; x_wconf 90' lang='lat' dir='ltr'><em>nos,</em></span> <span class='ocrx_word' id='word_1_32' title='bbox 1276 972 1482 1033; x_wconf 75' lang='lat' dir='ltr'><strong><em>redemtione</em></strong></span> 
     </span>
     <span class='ocr_line' id='line_1_6' title="bbox 342 1061 1482 1141; baseline -0.003 -16"><span class='ocrx_word' id='word_1_33' title='bbox 342 1062 581 1141; x_wconf 84' lang='lat' dir='ltr'><em>semetipsum</em></span> <span class='ocrx_word' id='word_1_34' title='bbox 603 1061 710 1121; x_wconf 87' lang='lat' dir='ltr'><em>dedit</em></span> <span class='ocrx_word' id='word_1_35' title='bbox 727 1080 799 1136; x_wconf 89' lang='lat' dir='ltr'><em>pro</em></span> <span class='ocrx_word' id='word_1_36' title='bbox 820 1061 896 1135; x_wconf 79' lang='lat' dir='ltr'><em>tris,</em></span> <span class='ocrx_word' id='word_1_37' title='bbox 918 1062 983 1137; x_wconf 84' lang='lat' dir='ltr'><em>qui</em></span> <span class='ocrx_word' id='word_1_38' title='bbox 1003 1061 1043 1120; x_wconf 91' lang='lat' dir='ltr'><em>in</em></span> <span class='ocrx_word' id='word_1_39' title='bbox 1063 1062 1331 1139; x_wconf 86' lang='lat' dir='ltr'><em>captivitatem</em></span> <span class='ocrx_word' id='word_1_40' title='bbox 1352 1063 1435 1124; x_wconf 81' lang='lat' dir='ltr'><em>ducti</em></span> <span class='ocrx_word' id='word_1_41' title='bbox 1450 1084 1482 1124; x_wconf 82' lang='lat' dir='ltr'><em>eu</em></span> 
     </span>
     <span class='ocr_line' id='line_1_7' title="bbox 343 1149 1482 1233; baseline -0.001 -17"><span class='ocrx_word' id='word_1_42' title='bbox 343 1156 388 1216; x_wconf 81' lang='lat' dir='ltr'><em>Of.</em></span> <span class='ocrx_word' id='word_1_43' title='bbox 407 1157 426 1214; x_wconf 89' lang='lat' dir='ltr'><em>t.</em></span> <span class='ocrx_word' id='word_1_44' title='bbox 443 1156 473 1213; x_wconf 83' lang='lat'><em>3.</em></span> <span class='ocrx_word' id='word_1_45' title='bbox 490 1173 515 1215; x_wconf 88' lang='lat' dir='ltr'><em>c.</em></span> <span class='ocrx_word' id='word_1_46' title='bbox 533 1156 582 1214; x_wconf 90' lang='lat'><strong><em>18.</em></strong></span> <span class='ocrx_word' id='word_1_47' title='bbox 598 1174 629 1214; x_wconf 86' lang='lat' dir='ltr'><em>n.</em></span> <span class='ocrx_word' id='word_1_48' title='bbox 647 1156 675 1213; x_wconf 93' lang='lat'><strong><em>1.</em></strong></span> <span class='ocrx_word' id='word_1_49' title='bbox 692 1174 721 1232; x_wconf 87' lang='lat' dir='ltr'><em>p.</em></span> <span class='ocrx_word' id='word_1_50' title='bbox 739 1149 816 1213; x_wconf 87' lang='grc'><strong>209.</strong></span> <span class='ocrx_word' id='word_1_51' title='bbox 834 1154 853 1211; x_wconf 85' lang='lat' dir='ltr'><em>l.</em></span> <span class='ocrx_word' id='word_1_52' title='bbox 871 1155 901 1215; x_wconf 83' lang='lat'><em>5.</em></span> <span class='ocrx_word' id='word_1_53' title='bbox 918 1173 943 1213; x_wconf 87' lang='lat' dir='ltr'><em>o.</em></span> <span class='ocrx_word' id='word_1_54' title='bbox 962 1156 1011 1215; x_wconf 87' lang='lat'><strong><em>16.</em></strong></span> <span class='ocrx_word' id='word_1_55' title='bbox 1029 1174 1059 1213; x_wconf 93' lang='lat' dir='ltr'><em>n.</em></span> <span class='ocrx_word' id='word_1_56' title='bbox 1077 1158 1109 1213; x_wconf 85' lang='lat'><em>3.</em></span> <span class='ocrx_word' id='word_1_57' title='bbox 1126 1174 1156 1233; x_wconf 91' lang='lat' dir='ltr'><em>p.</em></span> <span class='ocrx_word' id='word_1_58' title='bbox 1173 1151 1250 1215; x_wconf 85' lang='lat'><strong><em>313.</em></strong></span> <span class='ocrx_word' id='word_1_59' title='bbox 1269 1190 1310 1200; x_wconf 92' lang='lat'><em>-—</em></span> <span class='ocrx_word' id='word_1_60' title='bbox 1330 1162 1361 1229; x_wconf 66' lang='grc'><em>2)</em></span> <span class='ocrx_word' id='word_1_61' title='bbox 1378 1157 1482 1217; x_wconf 78' lang='lat' dir='ltr'><em>Homt</em></span> 
     </span>
     <span class='ocr_line' id='line_1_8' title="bbox 343 1239 1482 1324; baseline -0.004 -18"><span class='ocrx_word' id='word_1_62' title='bbox 343 1247 377 1306; x_wconf 87' lang='lat' dir='ltr'><em>in</em></span> <span class='ocrx_word' id='word_1_63' title='bbox 393 1247 484 1307; x_wconf 89' lang='lat' dir='ltr'><em>Num.</em></span> <span class='ocrx_word' id='word_1_64' title='bbox 501 1264 531 1305; x_wconf 93' lang='lat' dir='ltr'><em>n.</em></span> <span class='ocrx_word' id='word_1_65' title='bbox 548 1248 577 1305; x_wconf 89' lang='lat'><strong><em>1.</em></strong></span> <span class='ocrx_word' id='word_1_66' title='bbox 596 1240 675 1324; x_wconf 88' lang='lat' dir='ltr'><strong><em>Opp.</em></strong></span> <span class='ocrx_word' id='word_1_67' title='bbox 693 1244 731 1305; x_wconf 94' lang='lat' dir='ltr'><em>T.</em></span> <span class='ocrx_word' id='word_1_68' title='bbox 749 1241 779 1305; x_wconf 90' lang='grc'><em>2.</em></span> <span class='ocrx_word' id='word_1_69' title='bbox 796 1265 826 1323; x_wconf 91' lang='lat' dir='ltr'><em>p.</em></span> <span class='ocrx_word' id='word_1_70' title='bbox 845 1239 919 1305; x_wconf 88' lang='grc'><strong>362.</strong></span> <span class='ocrx_word' id='word_1_71' title='bbox 937 1264 962 1302; x_wconf 85' lang='lat' dir='ltr'><em>e.</em></span> <span class='ocrx_word' id='word_1_72' title='bbox 980 1240 1011 1305; x_wconf 90' lang='grc'><em>2.</em></span> <span class='ocrx_word' id='word_1_73' title='bbox 1029 1243 1072 1305; x_wconf 79' lang='lat' dir='ltr'><em>Si</em></span> <span class='ocrx_word' id='word_1_74' title='bbox 1086 1244 1482 1322; x_wconf 82' lang='lat' dir='ltr'><em>nonfuissetpeccatu</em></span> 
     </span>
     <span class='ocr_line' id='line_1_9' title="bbox 343 1333 1482 1413; baseline -0.003 -15"><span class='ocrx_word' id='word_1_75' title='bbox 343 1357 418 1398; x_wconf 89' lang='lat' dir='ltr'><em>non</em></span> <span class='ocrx_word' id='word_1_76' title='bbox 447 1354 597 1394; x_wconf 89' lang='lat' dir='ltr'><em>necesse</em></span> <span class='ocrx_word' id='word_1_77' title='bbox 621 1334 757 1412; x_wconf 86' lang='lat' dir='ltr'><em>fuerat</em></span> <span class='ocrx_word' id='word_1_78' title='bbox 786 1333 929 1393; x_wconf 80' lang='lat' dir='ltr'><em>Filium</em></span> <span class='ocrx_word' id='word_1_79' title='bbox 949 1334 1024 1393; x_wconf 90' lang='lat' dir='ltr'><em>Dei</em></span> <span class='ocrx_word' id='word_1_80' title='bbox 1044 1355 1181 1411; x_wconf 65' lang='lat' dir='ltr'><em>agnum</em></span> <span class='ocrx_word' id='word_1_81' title='bbox 1205 1336 1323 1413; x_wconf 87' lang='lat' dir='ltr'><em>fieri,</em></span> <span class='ocrx_word' id='word_1_82' title='bbox 1355 1356 1419 1396; x_wconf 89' lang='lat' dir='ltr'><em>nec</em></span> <span class='ocrx_word' id='word_1_83' title='bbox 1440 1356 1482 1412; x_wconf 66' lang='lat' dir='ltr'><em>op:</em></span> 
     </span>
     <span class='ocr_line' id='line_1_10' title="bbox 338 1424 1482 1507; baseline -0.002 -20"><span class='ocrx_word' id='word_1_84' title='bbox 338 1431 473 1507; x_wconf 85' lang='lat' dir='ltr'><em>fuerat</em></span> <span class='ocrx_word' id='word_1_85' title='bbox 488 1446 563 1485; x_wconf 89' lang='lat' dir='ltr'><em>eum</em></span> <span class='ocrx_word' id='word_1_86' title='bbox 579 1424 618 1485; x_wconf 87' lang='lat' dir='ltr'><em>in</em></span> <span class='ocrx_word' id='word_1_87' title='bbox 635 1444 747 1483; x_wconf 91' lang='lat' dir='ltr'><em>carne</em></span> <span class='ocrx_word' id='word_1_88' title='bbox 761 1425 928 1501; x_wconf 88' lang='lat' dir='ltr'><em>positum</em></span> <span class='ocrx_word' id='word_1_89' title='bbox 935 1427 1126 1503; x_wconf 77' lang='lat' dir='ltr'><em>jupulari.</em></span> <span class='ocrx_word' id='word_1_90' title='bbox 1159 1460 1200 1471; x_wconf 92' lang='lat'>—</span> <span class='ocrx_word' id='word_1_91' title='bbox 1238 1430 1345 1487; x_wconf 86' lang='lat' dir='ltr'><em>Verum</em></span> <span class='ocrx_word' id='word_1_92' title='bbox 1364 1427 1482 1503; x_wconf 84' lang='lat' dir='ltr'><em>quanio</em></span> 
     </span>
     <span class='ocr_line' id='line_1_11' title="bbox 345 1514 1482 1598; baseline -0.002 -19"><span class='ocrx_word' id='word_1_93' title='bbox 345 1515 530 1579; x_wconf 84' lang='lat' dir='ltr'><em>introivit</em></span> <span class='ocrx_word' id='word_1_94' title='bbox 543 1523 737 1595; x_wconf 86' lang='lat' dir='ltr'><em>peccatum</em></span> <span class='ocrx_word' id='word_1_95' title='bbox 753 1514 792 1574; x_wconf 90' lang='lat' dir='ltr'><em>in</em></span> <span class='ocrx_word' id='word_1_96' title='bbox 807 1517 903 1575; x_wconf 76' lang='lat' dir='ltr'><em>hunc</em></span> <span class='ocrx_word' id='word_1_97' title='bbox 918 1519 1102 1598; x_wconf 77' lang='lat' dir='ltr'><em>mundum,</em></span> <span class='ocrx_word' id='word_1_98' title='bbox 1120 1518 1280 1593; x_wconf 88' lang='lat' dir='ltr'><em>peccati·</em></span> <span class='ocrx_word' id='word_1_99' title='bbox 1291 1525 1409 1579; x_wconf 90' lang='lat' dir='ltr'><em>autem</em></span> <span class='ocrx_word' id='word_1_100' title='bbox 1423 1537 1482 1577; x_wconf 71' lang='lat' dir='ltr'><em>nect</em></span> 
     </span>
     <span class='ocr_line' id='line_1_12' title="bbox 347 1606 1482 1689; baseline -0.003 -20"><span class='ocrx_word' id='word_1_101' title='bbox 347 1609 447 1670; x_wconf 81' lang='lat' dir='ltr'><em>sitas</em></span> <span class='ocrx_word' id='word_1_102' title='bbox 458 1606 771 1685; x_wconf 68' lang='lat' dir='ltr'><em>propitiationem</em></span> <span class='ocrx_word' id='word_1_103' title='bbox 787 1607 964 1683; x_wconf 80' lang='lat' dir='ltr'><em>requirit,</em></span> <span class='ocrx_word' id='word_1_104' title='bbox 982 1614 1016 1666; x_wconf 90' lang='lat' dir='ltr'><em>et</em></span> <span class='ocrx_word' id='word_1_105' title='bbox 1025 1608 1266 1684; x_wconf 87' lang='lat' dir='ltr'><em>propitiatio</em></span> <span class='ocrx_word' id='word_1_106' title='bbox 1286 1629 1360 1670; x_wconf 91' lang='lat' dir='ltr'><em>non</em></span> <span class='ocrx_word' id='word_1_107' title='bbox 1373 1609 1439 1689; x_wconf 82' lang='lat' dir='ltr'><em>sit,</em></span> <span class='ocrx_word' id='word_1_108' title='bbox 1453 1608 1482 1667; x_wconf 89' lang='lat' dir='ltr'><em>ni</em></span> 
     </span>
     <span class='ocr_line' id='line_1_13' title="bbox 342 1698 1482 1779; baseline -0.001 -19"><span class='ocrx_word' id='word_1_109' title='bbox 342 1720 412 1779; x_wconf 79' lang='lat' dir='ltr'><em>per</em></span> <span class='ocrx_word' id='word_1_110' title='bbox 427 1698 599 1769; x_wconf 74' lang='lat' dir='ltr'><em>hostiam,</em></span> <span class='ocrx_word' id='word_1_111' title='bbox 618 1698 872 1759; x_wconf 83' lang='lat' dir='ltr'><em>necessarium</em></span> <span class='ocrx_word' id='word_1_112' title='bbox 887 1698 973 1776; x_wconf 87' lang='lat' dir='ltr'><em>fuit</em></span> <span class='ocrx_word' id='word_1_113' title='bbox 990 1699 1188 1773; x_wconf 84' lang='lat' dir='ltr'><em>provideri</em></span> <span class='ocrx_word' id='word_1_114' title='bbox 1206 1719 1275 1775; x_wconf 86' lang='lat' dir='ltr'><em>per</em></span> <span class='ocrx_word' id='word_1_115' title='bbox 1295 1699 1482 1775; x_wconf 72' lang='lat' dir='ltr'><em>hostiamp&#39;</em></span> 
     </span>
     <span class='ocr_line' id='line_1_14' title="bbox 343 1787 1482 1870; baseline -0.001 -19"><span class='ocrx_word' id='word_1_116' title='bbox 343 1797 510 1869; x_wconf 87' lang='lat' dir='ltr'><em>peccato.</em></span> <span class='ocrx_word' id='word_1_117' title='bbox 535 1788 581 1850; x_wconf 77' lang='lat' dir='ltr'><em>cf.</em></span> <span class='ocrx_word' id='word_1_118' title='bbox 599 1790 684 1851; x_wconf 68' lang='grc' dir='ltr'><strong>θοαί.</strong></span> <span class='ocrx_word' id='word_1_119' title='bbox 704 1790 780 1851; x_wconf 77' lang='lat' dir='ltr'><em>ocu.</em></span> <span class='ocrx_word' id='word_1_120' title='bbox 797 1792 817 1853; x_wconf 92' lang='lat' dir='ltr'><em>l.</em></span> <span class='ocrx_word' id='word_1_121' title='bbox 836 1793 864 1850; x_wconf 94' lang='lat'><strong><em>1.</em></strong></span> <span class='ocrx_word' id='word_1_122' title='bbox 883 1810 907 1850; x_wconf 83' lang='lat' dir='ltr'><em>c.</em></span> <span class='ocrx_word' id='word_1_123' title='bbox 924 1792 975 1851; x_wconf 87' lang='lat'><em>31.</em></span> <span class='ocrx_word' id='word_1_124' title='bbox 994 1790 1032 1850; x_wconf 91' lang='lat' dir='ltr'><em>T.</em></span> <span class='ocrx_word' id='word_1_125' title='bbox 1053 1787 1080 1851; x_wconf 93' lang='grc'><em>1.</em></span> <span class='ocrx_word' id='word_1_126' title='bbox 1099 1812 1128 1870; x_wconf 88' lang='lat' dir='ltr'><em>p.</em></span> <span class='ocrx_word' id='word_1_127' title='bbox 1143 1787 1219 1856; x_wconf 87' lang='grc'><strong>349.</strong></span> <span class='ocrx_word' id='word_1_128' title='bbox 1235 1793 1326 1854; x_wconf 86' lang='lat' dir='ltr'><em>Hom.</em></span> <span class='ocrx_word' id='word_1_129' title='bbox 1344 1794 1373 1852; x_wconf 84' lang='lat'><em>6.</em></span> <span class='ocrx_word' id='word_1_130' title='bbox 1389 1792 1422 1851; x_wconf 90' lang='lat' dir='ltr'><em>in</em></span> <span class='ocrx_word' id='word_1_131' title='bbox 1436 1792 1482 1850; x_wconf 73' lang='lat' dir='ltr'><em>Eo</em></span> 
     </span>
     <span class='ocr_line' id='line_1_15' title="bbox 349 1875 1482 1963; baseline -0.001 -20"><span class='ocrx_word' id='word_1_132' title='bbox 349 1904 377 1944; x_wconf 91' lang='lat' dir='ltr'><em>n.</em></span> <span class='ocrx_word' id='word_1_133' title='bbox 396 1885 425 1943; x_wconf 88' lang='lat'><em>9.</em></span> <span class='ocrx_word' id='word_1_134' title='bbox 450 1882 489 1942; x_wconf 92' lang='lat' dir='ltr'><em>T.</em></span> <span class='ocrx_word' id='word_1_135' title='bbox 507 1879 538 1943; x_wconf 90' lang='grc'><em>2.</em></span> <span class='ocrx_word' id='word_1_136' title='bbox 560 1901 591 1961; x_wconf 89' lang='lat' dir='ltr'><em>p.</em></span> <span class='ocrx_word' id='word_1_137' title='bbox 609 1875 686 1942; x_wconf 86' lang='lat'><strong><em>150.</em></strong></span> <span class='ocrx_word' id='word_1_138' title='bbox 719 1880 832 1941; x_wconf 75' lang='lat' dir='ltr'><em>ocum.</em></span> <span class='ocrx_word' id='word_1_139' title='bbox 850 1880 884 1939; x_wconf 88' lang='lat' dir='ltr'><em>n&#39;n</em></span> <span class='ocrx_word' id='word_1_140' title='bbox 899 1880 1006 1940; x_wconf 77' lang='lat' dir='ltr'><em>Macen.</em></span> <span class='ocrx_word' id='word_1_141' title='bbox 1039 1889 1059 1941; x_wconf 93' lang='lat' dir='ltr'><em>t.</em></span> <span class='ocrx_word' id='word_1_142' title='bbox 1093 1883 1141 1943; x_wconf 90' lang='grc'><strong>16.</strong></span> <span class='ocrx_word' id='word_1_143' title='bbox 1164 1902 1195 1942; x_wconf 93' lang='lat' dir='ltr'><em>n.</em></span> <span class='ocrx_word' id='word_1_144' title='bbox 1212 1884 1242 1942; x_wconf 88' lang='grc'><em>8.</em></span> <span class='ocrx_word' id='word_1_145' title='bbox 1276 1884 1315 1943; x_wconf 92' lang='lat' dir='ltr'><em>T.</em></span> <span class='ocrx_word' id='word_1_146' title='bbox 1332 1880 1363 1946; x_wconf 88' lang='grc'><em>3.</em></span> <span class='ocrx_word' id='word_1_147' title='bbox 1386 1902 1415 1963; x_wconf 88' lang='lat' dir='ltr'><em>p.</em></span> <span class='ocrx_word' id='word_1_148' title='bbox 1431 1876 1482 1943; x_wconf 80' lang='grc'><em>126</em></span> 
     </span>
     <span class='ocr_line' id='line_1_16' title="bbox 349 1968 1482 2056; baseline -0.003 -21"><span class='ocrx_word' id='word_1_149' title='bbox 349 1974 462 2036; x_wconf 80' lang='grc' dir='ltr'><em>Οονανη.</em></span> <span class='ocrx_word' id='word_1_150' title='bbox 479 1970 514 2031; x_wconf 90' lang='lat' dir='ltr'><em>in</em></span> <span class='ocrx_word' id='word_1_151' title='bbox 529 1972 589 2047; x_wconf 69' lang='lat' dir='ltr'><em>Ep.</em></span> <span class='ocrx_word' id='word_1_152' title='bbox 606 1974 648 2030; x_wconf 93' lang='lat' dir='ltr'><em>ad</em></span> <span class='ocrx_word' id='word_1_153' title='bbox 663 1972 750 2032; x_wconf 83' lang='lat' dir='ltr'><em>Rom.</em></span> <span class='ocrx_word' id='word_1_154' title='bbox 774 1973 794 2029; x_wconf 83' lang='lat' dir='ltr'><em>t.</em></span> <span class='ocrx_word' id='word_1_155' title='bbox 811 1974 842 2030; x_wconf 87' lang='lat'><em>3.</em></span> <span class='ocrx_word' id='word_1_156' title='bbox 865 1992 895 2033; x_wconf 93' lang='lat' dir='ltr'><em>n.</em></span> <span class='ocrx_word' id='word_1_157' title='bbox 913 1974 941 2032; x_wconf 88' lang='lat'><em>8.</em></span> <span class='ocrx_word' id='word_1_158' title='bbox 964 1971 1002 2032; x_wconf 92' lang='lat' dir='ltr'><em>T.</em></span> <span class='ocrx_word' id='word_1_159' title='bbox 1019 1968 1052 2037; x_wconf 87' lang='lat'><em>4.</em></span> <span class='ocrx_word' id='word_1_160' title='bbox 1074 1993 1104 2052; x_wconf 92' lang='lat' dir='ltr'><em>p.</em></span> <span class='ocrx_word' id='word_1_161' title='bbox 1122 1968 1188 2034; x_wconf 85' lang='lat'><em>515</em></span> <span class='ocrx_word' id='word_1_162' title='bbox 1205 1994 1229 2033; x_wconf 81' lang='lat' dir='ltr'><em>e.</em></span> <span class='ocrx_word' id='word_1_163' title='bbox 1248 2007 1290 2017; x_wconf 91' lang='lat'>—</span> <span class='ocrx_word' id='word_1_164' title='bbox 1308 1968 1482 2056; x_wconf 82' lang='lat' dir='ltr'><em>³)De1noa</em></span> 
     </span>
     <span class='ocr_line' id='line_1_17' title="bbox 349 2059 1482 2143; baseline -0.001 -19"><span class='ocrx_word' id='word_1_165' title='bbox 349 2085 379 2125; x_wconf 90' lang='lat' dir='ltr'><em>n.</em></span> <span class='ocrx_word' id='word_1_166' title='bbox 397 2068 446 2126; x_wconf 83' lang='lat'><em>20.</em></span> <span class='ocrx_word' id='word_1_167' title='bbox 464 2061 545 2143; x_wconf 89' lang='lat' dir='ltr'><strong><em>Opp.</em></strong></span> <span class='ocrx_word' id='word_1_168' title='bbox 563 2062 601 2123; x_wconf 94' lang='lat' dir='ltr'><em>T.</em></span> <span class='ocrx_word' id='word_1_169' title='bbox 620 2059 649 2123; x_wconf 95' lang='lat' dir='ltr'><em>l.</em></span> <span class='ocrx_word' id='word_1_170' title='bbox 667 2061 702 2120; x_wconf 91' lang='lat' dir='ltr'><em>P.</em></span> <span class='ocrx_word' id='word_1_171' title='bbox 722 2060 751 2126; x_wconf 86' lang='lat' dir='ltr'><em>l.</em></span> <span class='ocrx_word' id='word_1_172' title='bbox 767 2083 796 2141; x_wconf 92' lang='lat' dir='ltr'><em>p.</em></span> <span class='ocrx_word' id='word_1_173' title='bbox 804 2059 856 2124; x_wconf 89' lang='lat'><em>64.</em></span> <span class='ocrx_word' id='word_1_174' title='bbox 878 2061 960 2131; x_wconf 76' lang='lat' dir='ltr'><em>Quia</em></span> <span class='ocrx_word' id='word_1_175' title='bbox 974 2082 1054 2136; x_wconf 87' lang='lat' dir='ltr'><em>vero,</em></span> <span class='ocrx_word' id='word_1_176' title='bbox 1071 2066 1151 2138; x_wconf 85' lang='lat' dir='ltr'><em>quod</em></span> <span class='ocrx_word' id='word_1_177' title='bbox 1166 2066 1203 2122; x_wconf 81' lang='lat' dir='ltr'><em>ab</em></span> <span class='ocrx_word' id='word_1_178' title='bbox 1220 2063 1358 2123; x_wconf 81' lang='lat' dir='ltr'><em>omnibus</em></span> <span class='ocrx_word' id='word_1_179' title='bbox 1375 2066 1482 2123; x_wconf 82' lang='lat' dir='ltr'><em>debebat</em></span> 
     </span>
     <span class='ocr_line' id='line_1_18' title="bbox 350 2153 1482 2234; baseline -0.001 -19"><span class='ocrx_word' id='word_1_180' title='bbox 350 2155 429 2217; x_wconf 82' lang='lat' dir='ltr'><em>sotei</em></span> <span class='ocrx_word' id='word_1_181' title='bbox 460 2155 627 2230; x_wconf 77' lang='lat' dir='ltr'><em>oportebat:</em></span> <span class='ocrx_word' id='word_1_182' title='bbox 658 2173 730 2213; x_wconf 90' lang='lat' dir='ltr'><em>nom</em></span> <span class='ocrx_word' id='word_1_183' title='bbox 751 2172 851 2213; x_wconf 85' lang='lat' dir='ltr'><em>omnes</em></span> <span class='ocrx_word' id='word_1_184' title='bbox 867 2188 911 2199; x_wconf 92' lang='lat'><em>-—-</em></span> <span class='ocrx_word' id='word_1_185' title='bbox 926 2153 1007 2213; x_wconf 85' lang='lat' dir='ltr'><em>mori</em></span> <span class='ocrx_word' id='word_1_186' title='bbox 1027 2155 1183 2226; x_wconf 78' lang='lat' dir='ltr'><em>debebant,</em></span> <span class='ocrx_word' id='word_1_187' title='bbox 1201 2174 1277 2230; x_wconf 83' lang='lat' dir='ltr'><em>quae</em></span> <span class='ocrx_word' id='word_1_188' title='bbox 1292 2155 1482 2234; x_wconf 57' lang='lat' dir='ltr'><em>praecipior</em></span> 
     </span>
     <span class='ocr_line' id='line_1_19' title="bbox 351 2243 1482 2323; baseline -0.001 -16"><span class='ocrx_word' id='word_1_189' title='bbox 351 2251 496 2308; x_wconf 78' lang='lat' dir='ltr'><em>adventus</em></span> <span class='ocrx_word' id='word_1_190' title='bbox 512 2265 606 2304; x_wconf 83' lang='lat' dir='ltr'><em>causa</em></span> <span class='ocrx_word' id='word_1_191' title='bbox 615 2244 701 2323; x_wconf 80' lang='lat' dir='ltr'><em>suit;</em></span> <span class='ocrx_word' id='word_1_192' title='bbox 718 2243 836 2305; x_wconf 86' lang='lat' dir='ltr'><em>ideirco</em></span> <span class='ocrx_word' id='word_1_193' title='bbox 851 2244 903 2304; x_wconf 82' lang='lat' dir='ltr'><em>nn</em></span> <span class='ocrx_word' id='word_1_194' title='bbox 920 2243 1158 2321; x_wconf 82' lang='lat' dir='ltr'><em>-saorificn&#39;um</em></span> <span class='ocrx_word' id='word_1_195' title='bbox 1173 2252 1243 2304; x_wconf 92' lang='lat' dir='ltr'><em>tunc</em></span> <span class='ocrx_word' id='word_1_196' title='bbox 1259 2246 1377 2317; x_wconf 80' lang='lat' dir='ltr'><em>obtulit,</em></span> <span class='ocrx_word' id='word_1_197' title='bbox 1395 2266 1458 2306; x_wconf 86' lang='lat' dir='ltr'><em>cum</em></span> <span class='ocrx_word' id='word_1_198' title='bbox 1466 2264 1482 2322; x_wconf 74' lang='lat' dir='ltr'><em>p</em></span> 
     </span>
     <span class='ocr_line' id='line_1_20' title="bbox 354 2324 1482 2415; baseline -0.003 -16"><span class='ocrx_word' id='word_1_199' title='bbox 354 2324 521 2400; x_wconf 78' lang='lat' dir='ltr'><em>omnibui</em></span> <span class='ocrx_word' id='word_1_200' title='bbox 546 2355 650 2396; x_wconf 86' lang='lat' dir='ltr'><em>suum</em></span> <span class='ocrx_word' id='word_1_201' title='bbox 673 2337 841 2411; x_wconf 85' lang='lat' dir='ltr'><em>temptum</em></span> <span class='ocrx_word' id='word_1_202' title='bbox 866 2336 975 2396; x_wconf 89' lang='lat' dir='ltr'><em>morti</em></span> <span class='ocrx_word' id='word_1_203' title='bbox 999 2336 1138 2396; x_wconf 76' lang='lat' dir='ltr'><strong><em>tradidit.</em></strong></span> <span class='ocrx_word' id='word_1_204' title='bbox 1162 2336 1204 2395; x_wconf 76' lang='lat' dir='ltr'><em>Et</em></span> <span class='ocrx_word' id='word_1_205' title='bbox 1219 2340 1266 2396; x_wconf 89' lang='lat' dir='ltr'><em>De</em></span> <span class='ocrx_word' id='word_1_206' title='bbox 1282 2340 1365 2398; x_wconf 89' lang='lat' dir='ltr'><em>deor.</em></span> <span class='ocrx_word' id='word_1_207' title='bbox 1383 2337 1482 2415; x_wconf 74' lang='lat' dir='ltr'><em>Syni</em></span> 
     </span>
     <span class='ocr_line' id='line_1_21' title="bbox 353 2423 1482 2507; baseline 0 -19"><span class='ocrx_word' id='word_1_208' title='bbox 353 2451 384 2493; x_wconf 84' lang='lat' dir='ltr'><em>n.</em></span> <span class='ocrx_word' id='word_1_209' title='bbox 403 2432 451 2489; x_wconf 95' lang='lat'><strong><em>14.</em></strong></span> <span class='ocrx_word' id='word_1_210' title='bbox 469 2428 516 2487; x_wconf 92' lang='lat' dir='ltr'><em>Ib.</em></span> <span class='ocrx_word' id='word_1_211' title='bbox 533 2449 563 2507; x_wconf 90' lang='lat' dir='ltr'><em>p.</em></span> <span class='ocrx_word' id='word_1_212' title='bbox 580 2423 656 2489; x_wconf 88' lang='grc'><strong>220.</strong></span> <span class='ocrx_word' id='word_1_213' title='bbox 673 2434 705 2485; x_wconf 85' lang='lat' dir='ltr'><em>et</em></span> <span class='ocrx_word' id='word_1_214' title='bbox 719 2426 759 2491; x_wconf 81' lang='lat' dir='ltr'><em>el.</em></span> <span class='ocrx_word' id='word_1_215' title='bbox 776 2447 799 2489; x_wconf 84' lang='lat' dir='ltr'><em>s.</em></span> <span class='ocrx_word' id='word_1_216' title='bbox 826 2426 903 2486; x_wconf 81' lang='lat' dir='ltr'><em>C‘um</em></span> <span class='ocrx_word' id='word_1_217' title='bbox 923 2426 975 2486; x_wconf 78' lang='lat' dir='ltr'><em>itte</em></span> <span class='ocrx_word' id='word_1_218' title='bbox 997 2434 1131 2487; x_wconf 89' lang='lat' dir='ltr'><em>nostram</em></span> <span class='ocrx_word' id='word_1_219' title='bbox 1145 2434 1270 2488; x_wconf 87' lang='lat' dir='ltr'><em>mortem</em></span> <span class='ocrx_word' id='word_1_220' title='bbox 1284 2431 1371 2490; x_wconf 81' lang='lat' dir='ltr'><em>uellet</em></span> <span class='ocrx_word' id='word_1_221' title='bbox 1385 2431 1482 2488; x_wconf 72' lang='lat' dir='ltr'><em>desim</em></span> 
     </span>
     <span class='ocr_line' id='line_1_22' title="bbox 353 2517 1479 2595; baseline -0.001 -15"><span class='ocrx_word' id='word_1_222' title='bbox 353 2520 416 2581; x_wconf 81' lang='lat' dir='ltr'><em>sibi</em></span> <span class='ocrx_word' id='word_1_223' title='bbox 431 2518 495 2595; x_wconf 84' lang='lat' dir='ltr'><em>ipsi</em></span> <span class='ocrx_word' id='word_1_224' title='bbox 511 2538 622 2593; x_wconf 87' lang='lat' dir='ltr'><em>corpus</em></span> <span class='ocrx_word' id='word_1_225' title='bbox 638 2537 675 2577; x_wconf 76' lang='lat' dir='ltr'><em>ero</em></span> <span class='ocrx_word' id='word_1_226' title='bbox 695 2517 819 2594; x_wconf 78' lang='lat' dir='ltr'><em>Virpiue</em></span> <span class='ocrx_word' id='word_1_227' title='bbox 834 2518 938 2577; x_wconf 88' lang='lat' dir='ltr'><em>Maria</em></span> <span class='ocrx_word' id='word_1_228' title='bbox 954 2517 1081 2593; x_wconf 87' lang='lat' dir='ltr'><em>aceepit,</em></span> <span class='ocrx_word' id='word_1_229' title='bbox 1098 2526 1140 2578; x_wconf 91' lang='lat' dir='ltr'><em>ut</em></span> <span class='ocrx_word' id='word_1_230' title='bbox 1162 2518 1266 2577; x_wconf 85' lang='lat' dir='ltr'><em>illud</em></span> <span class='ocrx_word' id='word_1_231' title='bbox 1285 2538 1356 2595; x_wconf 88' lang='lat' dir='ltr'><em>pro</em></span> <span class='ocrx_word' id='word_1_232' title='bbox 1376 2518 1479 2581; x_wconf 81' lang='lat' dir='ltr'><em>nobis</em></span> 
     </span>
     <span class='ocr_line' id='line_1_23' title="bbox 355 2606 1482 2696; baseline -0.001 -25"><span class='ocrx_word' id='word_1_233' title='bbox 355 2611 499 2672; x_wconf 87' lang='lat' dir='ltr'><em>ctimam</em></span> <span class='ocrx_word' id='word_1_234' title='bbox 513 2608 625 2669; x_wconf 88' lang='lat' dir='ltr'><em>Patri</em></span> <span class='ocrx_word' id='word_1_235' title='bbox 641 2608 827 2687; x_wconf 86' lang='lat' dir='ltr'><em>offerens,</em></span> <span class='ocrx_word' id='word_1_236' title='bbox 844 2629 910 2668; x_wconf 90' lang='lat' dir='ltr'><em>nos</em></span> <span class='ocrx_word' id='word_1_237' title='bbox 926 2628 1045 2668; x_wconf 87' lang='lat' dir='ltr'><em>omnes</em></span> <span class='ocrx_word' id='word_1_238' title='bbox 1062 2610 1250 2669; x_wconf 80' lang='lat' dir='ltr'><em>liberaret.</em></span> <span class='ocrx_word' id='word_1_239' title='bbox 1271 2646 1313 2655; x_wconf 88' lang='lat'><em>-</em></span> <span class='ocrx_word' id='word_1_240' title='bbox 1330 2606 1358 2696; x_wconf 82' lang='lat'><em>⁴)</em></span> <span class='ocrx_word' id='word_1_241' title='bbox 1376 2615 1417 2670; x_wconf 90' lang='lat' dir='ltr'><em>In</em></span> <span class='ocrx_word' id='word_1_242' title='bbox 1431 2613 1482 2670; x_wconf 84' lang='lat' dir='ltr'><em>Ps.</em></span> 
     </span>
     <span class='ocr_line' id='line_1_24' title="bbox 355 2697 1478 2782; baseline 0.002 -21"><span class='ocrx_word' id='word_1_243' title='bbox 355 2725 384 2764; x_wconf 92' lang='lat' dir='ltr'><em>n.</em></span> <span class='ocrx_word' id='word_1_244' title='bbox 400 2705 429 2764; x_wconf 96' lang='lat'><em>4.</em></span> <span class='ocrx_word' id='word_1_245' title='bbox 447 2699 527 2782; x_wconf 89' lang='lat' dir='ltr'><strong><em>Opp.</em></strong></span> <span class='ocrx_word' id='word_1_246' title='bbox 544 2701 582 2762; x_wconf 93' lang='grc' dir='ltr'><em>Τ.</em></span> <span class='ocrx_word' id='word_1_247' title='bbox 601 2698 631 2764; x_wconf 89' lang='lat' dir='ltr'><em>l.</em></span> <span class='ocrx_word' id='word_1_248' title='bbox 647 2722 678 2780; x_wconf 90' lang='lat' dir='ltr'><em>p.</em></span> <span class='ocrx_word' id='word_1_249' title='bbox 698 2697 772 2762; x_wconf 87' lang='grc'><strong>181.</strong></span> <span class='ocrx_word' id='word_1_250' title='bbox 789 2698 827 2760; x_wconf 89' lang='grc' dir='ltr'><em>Α.</em></span> <span class='ocrx_word' id='word_1_251' title='bbox 845 2704 1004 2761; x_wconf 84' lang='lat' dir='ltr'><em>Inventum</em></span> <span class='ocrx_word' id='word_1_252' title='bbox 1020 2708 1071 2771; x_wconf 87' lang='lat' dir='ltr'><em>est,</em></span> <span class='ocrx_word' id='word_1_253' title='bbox 1083 2720 1144 2775; x_wconf 88' lang='lat' dir='ltr'><em>pro</em></span> <span class='ocrx_word' id='word_1_254' title='bbox 1160 2700 1297 2761; x_wconf 79' lang='lat' dir='ltr'><em>omnibus</em></span> <span class='ocrx_word' id='word_1_255' title='bbox 1308 2701 1404 2763; x_wconf 83' lang='lat' dir='ltr'><em>simui</em></span> <span class='ocrx_word' id='word_1_256' title='bbox 1417 2704 1478 2762; x_wconf 77' lang='lat' dir='ltr'><em>nm</em></span> 
     </span>
     <span class='ocr_line' id='line_1_25' title="bbox 354 2785 1472 2875; baseline -0.004 -19"><span class='ocrx_word' id='word_1_257' title='bbox 354 2798 410 2856; x_wconf 82' lang='lat' dir='ltr'><em>bus</em></span> <span class='ocrx_word' id='word_1_258' title='bbox 433 2785 742 2875; x_wconf 83' lang='lat' dir='ltr'><em>sufficientissimum,</em></span> <span class='ocrx_word' id='word_1_259' title='bbox 770 2794 851 2868; x_wconf 83' lang='lat' dir='ltr'><em>quod</em></span> <span class='ocrx_word' id='word_1_260' title='bbox 876 2791 915 2851; x_wconf 90' lang='lat' dir='ltr'><em>in</em></span> <span class='ocrx_word' id='word_1_261' title='bbox 933 2790 1101 2868; x_wconf 87' lang='lat' dir='ltr'><em>pretium</em></span> <span class='ocrx_word' id='word_1_262' title='bbox 1132 2792 1374 2853; x_wconf 73' lang='lat' dir='ltr'><em>redemtionis</em></span> <span class='ocrx_word' id='word_1_263' title='bbox 1405 2791 1472 2855; x_wconf 65' lang='lat' dir='ltr'><em>ani¹</em></span> 
     </span>
     <span class='ocr_line' id='line_1_26' title="bbox 355 2883 1466 2961; baseline -0.001 -16"><span class='ocrx_word' id='word_1_264' title='bbox 355 2893 507 2946; x_wconf 88' lang='lat' dir='ltr'><em>nostrae</em></span> <span class='ocrx_word' id='word_1_265' title='bbox 523 2887 645 2943; x_wconf 88' lang='lat' dir='ltr'><em>datum</em></span> <span class='ocrx_word' id='word_1_266' title='bbox 661 2890 724 2954; x_wconf 88' lang='lat' dir='ltr'><em>est,</em></span> <span class='ocrx_word' id='word_1_267' title='bbox 742 2891 866 2943; x_wconf 88' lang='lat' dir='ltr'><em>sanctus</em></span> <span class='ocrx_word' id='word_1_268' title='bbox 882 2883 932 2942; x_wconf 82' lang='lat' dir='ltr'><em>itte</em></span> <span class='ocrx_word' id='word_1_269' title='bbox 949 2904 985 2942; x_wconf 92' lang='lat' dir='ltr'><em>ac</em></span> <span class='ocrx_word' id='word_1_270' title='bbox 995 2883 1152 2959; x_wconf 88' lang='lat' dir='ltr'><em>pretiosus</em></span> <span class='ocrx_word' id='word_1_271' title='bbox 1166 2885 1293 2961; x_wconf 68' lang='lat' dir='ltr'><em>sanquis</em></span> <span class='ocrx_word' id='word_1_272' title='bbox 1305 2884 1466 2947; x_wconf 75' lang='lat' dir='ltr'><em>Dominio</em></span> 
     </span>
     <span class='ocr_line' id='line_1_27' title="bbox 354 2974 1462 3054; baseline -0.001 -16"><span class='ocrx_word' id='word_1_273' title='bbox 354 2980 430 3038; x_wconf 86' lang='lat' dir='ltr'><em>Jesu</em></span> <span class='ocrx_word' id='word_1_274' title='bbox 447 2975 579 3045; x_wconf 75' lang='lat' dir='ltr'><em>Christi,</em></span> <span class='ocrx_word' id='word_1_275' title='bbox 597 2994 683 3051; x_wconf 85' lang='lat' dir='ltr'><em>quem</em></span> <span class='ocrx_word' id='word_1_276' title='bbox 701 2993 772 3049; x_wconf 89' lang='lat' dir='ltr'><em>pro</em></span> <span class='ocrx_word' id='word_1_277' title='bbox 796 2974 901 3033; x_wconf 82' lang='lat' dir='ltr'><em>nobis</em></span> <span class='ocrx_word' id='word_1_278' title='bbox 933 2974 1103 3034; x_wconf 84' lang='lat' dir='ltr'><em>omnibus</em></span> <span class='ocrx_word' id='word_1_279' title='bbox 1135 2975 1296 3054; x_wconf 81' lang='lat' dir='ltr'><em>effudit:</em></span> <span class='ocrx_word' id='word_1_280' title='bbox 1328 2978 1462 3053; x_wconf 68' lang='lat' dir='ltr'><em>quomo!</em></span> 
     </span>
     <span class='ocr_line' id='line_1_28' title="bbox 350 3061 1454 3147; baseline 0 -18"><span class='ocrx_word' id='word_1_281' title='bbox 350 3069 491 3147; x_wconf 84' lang='lat' dir='ltr'><em>pretio,</em></span> <span class='ocrx_word' id='word_1_282' title='bbox 515 3065 611 3142; x_wconf 79' lang='grc' dir='ltr'><strong><em>τιμῆς,</em></strong></span> <span class='ocrx_word' id='word_1_283' title='bbox 638 3065 727 3125; x_wconf 88' lang='lat' dir='ltr'><em>etiam</em></span> <span class='ocrx_word' id='word_1_284' title='bbox 743 3066 829 3125; x_wconf 89' lang='lat' dir='ltr'><em>emti</em></span> <span class='ocrx_word' id='word_1_285' title='bbox 848 3085 962 3126; x_wconf 89' lang='lat' dir='ltr'><em>sumus.</em></span> <span class='ocrx_word' id='word_1_286' title='bbox 981 3102 1022 3110; x_wconf 89' lang='lat'>—</span> <span class='ocrx_word' id='word_1_287' title='bbox 1040 3061 1067 3147; x_wconf 79' lang='lat'><em>⁵)</em></span> <span class='ocrx_word' id='word_1_288' title='bbox 1086 3066 1139 3130; x_wconf 90' lang='lat' dir='ltr'><em>Or.</em></span> <span class='ocrx_word' id='word_1_289' title='bbox 1155 3069 1205 3126; x_wconf 85' lang='lat'><strong><em>41.</em></strong></span> <span class='ocrx_word' id='word_1_290' title='bbox 1224 3065 1305 3147; x_wconf 90' lang='lat' dir='ltr'><strong><em>Opp.</em></strong></span> <span class='ocrx_word' id='word_1_291' title='bbox 1323 3069 1364 3128; x_wconf 91' lang='grc' dir='ltr'><em>Τ.</em></span> <span class='ocrx_word' id='word_1_292' title='bbox 1384 3066 1414 3129; x_wconf 93' lang='grc'><em>1.</em></span> <span class='ocrx_word' id='word_1_293' title='bbox 1431 3089 1454 3130; x_wconf 82' lang='lat' dir='ltr'><em>o.</em></span> 
     </span>
     <span class='ocr_line' id='line_1_29' title="bbox 355 3157 1449 3235; baseline -0.003 -12"><span class='ocrx_word' id='word_1_294' title='bbox 355 3161 393 3222; x_wconf 78' lang='lat' dir='ltr'><em>A.</em></span> <span class='ocrx_word' id='word_1_295' title='bbox 414 3159 525 3223; x_wconf 86' lang='lat' dir='ltr'><em>Omnia</em></span> <span class='ocrx_word' id='word_1_296' title='bbox 541 3160 582 3230; x_wconf 89' lang='lat' dir='ltr'><em>en&#39;,</em></span> <span class='ocrx_word' id='word_1_297' title='bbox 601 3157 654 3235; x_wconf 85' lang='lat' dir='ltr'><em>qui</em></span> <span class='ocrx_word' id='word_1_298' title='bbox 669 3177 701 3217; x_wconf 88' lang='lat' dir='ltr'><em>se</em></span> <span class='ocrx_word' id='word_1_299' title='bbox 716 3157 818 3232; x_wconf 89' lang='lat' dir='ltr'><em>ipsum</em></span> <span class='ocrx_word' id='word_1_300' title='bbox 838 3157 1080 3217; x_wconf 77' lang='lat' dir='ltr'><em>redemtionis</em></span> <span class='ocrx_word' id='word_1_301' title='bbox 1098 3157 1259 3232; x_wconf 88' lang='lat' dir='ltr'><em>pretium</em></span> <span class='ocrx_word' id='word_1_302' title='bbox 1278 3178 1350 3234; x_wconf 91' lang='lat' dir='ltr'><em>pro</em></span> <span class='ocrx_word' id='word_1_303' title='bbox 1375 3161 1449 3220; x_wconf 80' lang='lat' dir='ltr'><em>nob·</em></span> 
     </span>
     <span class='ocr_line' id='line_1_30' title="bbox 355 3248 1445 3328; baseline 0 -15"><span class='ocrx_word' id='word_1_304' title='bbox 355 3255 484 3328; x_wconf 87' lang='lat' dir='ltr'><em>culpae</em></span> <span class='ocrx_word' id='word_1_305' title='bbox 514 3259 667 3312; x_wconf 89' lang='lat' dir='ltr'><em>nostrae</em></span> <span class='ocrx_word' id='word_1_306' title='bbox 698 3252 977 3318; x_wconf 75' lang='lat' dir='ltr'><em>succedencium,</em></span> <span class='ocrx_word' id='word_1_307' title='bbox 1000 3248 1236 3325; x_wconf 56' lang='grc' dir='ltr'><strong>011110110νέ11,</strong></span> <span class='ocrx_word' id='word_1_308' title='bbox 1252 3250 1346 3313; x_wconf 81' lang='lat' dir='ltr'><em>dedit.</em></span> <span class='ocrx_word' id='word_1_309' title='bbox 1371 3251 1445 3313; x_wconf 73' lang='lat' dir='ltr'><em>En(</em></span> 
     </span>
     <span class='ocr_line' id='line_1_31' title="bbox 355 3339 1438 3416; baseline -0.003 -11"><span class='ocrx_word' id='word_1_310' title='bbox 355 3368 380 3406; x_wconf 87' lang='lat' dir='ltr'><em>o.</em></span> <span class='ocrx_word' id='word_1_311' title='bbox 398 3341 474 3407; x_wconf 87' lang='lat'><strong><em>614.</em></strong></span> <span class='ocrx_word' id='word_1_312' title='bbox 506 3342 603 3402; x_wconf 71' lang='lat' dir='ltr'><em>anm</em></span> <span class='ocrx_word' id='word_1_313' title='bbox 625 3340 677 3399; x_wconf 87' lang='lat' dir='ltr'><em>itte</em></span> <span class='ocrx_word' id='word_1_314' title='bbox 694 3360 765 3416; x_wconf 89' lang='lat' dir='ltr'><em>pro</em></span> <span class='ocrx_word' id='word_1_315' title='bbox 788 3340 895 3398; x_wconf 81' lang='lat' dir='ltr'><em>nobis</em></span> <span class='ocrx_word' id='word_1_316' title='bbox 928 3339 1094 3415; x_wconf 72' lang='lat' dir='ltr'><em>sanquis,</em></span> <span class='ocrx_word' id='word_1_317' title='bbox 1119 3347 1252 3416; x_wconf 84' lang='lat' dir='ltr'><em>etquam</em></span> <span class='ocrx_word' id='word_1_318' title='bbox 1268 3343 1303 3400; x_wconf 84' lang='lat' dir='ltr'><em>ob</em></span> <span class='ocrx_word' id='word_1_319' title='bbox 1320 3361 1438 3402; x_wconf 81' lang='lat' dir='ltr'><em>oausam</em></span> 
     </span>
     <span class='ocr_line' id='line_1_32' title="bbox 355 3429 1427 3509; baseline -0.001 -13"><span class='ocrx_word' id='word_1_320' title='bbox 355 3436 478 3496; x_wconf 76' lang='lat' dir='ltr'><em>est1-</em></span> <span class='ocrx_word' id='word_1_321' title='bbox 498 3432 617 3504; x_wconf 79' lang='lat' dir='ltr'><em>Quodsi</em></span> <span class='ocrx_word' id='word_1_322' title='bbox 639 3430 884 3491; x_wconf 78' lang='lat' dir='ltr'><em>redemtionis</em></span> <span class='ocrx_word' id='word_1_323' title='bbox 900 3429 1064 3505; x_wconf 87' lang='lat' dir='ltr'><em>pretium</em></span> <span class='ocrx_word' id='word_1_324' title='bbox 1087 3452 1148 3491; x_wconf 92' lang='lat' dir='ltr'><em>non</em></span> <span class='ocrx_word' id='word_1_325' title='bbox 1169 3430 1226 3490; x_wconf 84' lang='lat' dir='ltr'><em>otii</em></span> <span class='ocrx_word' id='word_1_326' title='bbox 1240 3432 1309 3502; x_wconf 86' lang='lat' dir='ltr'><em>ulli,</em></span> <span class='ocrx_word' id='word_1_327' title='bbox 1334 3453 1427 3509; x_wconf 81' lang='lat' dir='ltr'><em>quarn</em></span> 
     </span>
     <span class='ocr_line' id='line_1_33' title="bbox 356 3522 1427 3603; baseline -0.004 -17"><span class='ocrx_word' id='word_1_328' title='bbox 356 3525 492 3603; x_wconf 85' lang='lat' dir='ltr'><em>captiuos</em></span> <span class='ocrx_word' id='word_1_329' title='bbox 512 3531 599 3593; x_wconf 87' lang='lat' dir='ltr'><em>tenet,</em></span> <span class='ocrx_word' id='word_1_330' title='bbox 617 3522 819 3598; x_wconf 72' lang='lat' dir='ltr'><em>persolvitur:</em></span> <span class='ocrx_word' id='word_1_331' title='bbox 844 3541 971 3598; x_wconf 85' lang='lat' dir='ltr'><em>quaero,</em></span> <span class='ocrx_word' id='word_1_332' title='bbox 996 3523 1046 3581; x_wconf 85' lang='lat' dir='ltr'><em>cui</em></span> <span class='ocrx_word' id='word_1_333' title='bbox 1065 3526 1185 3583; x_wconf 87' lang='lat' dir='ltr'><em>tandem</em></span> <span class='ocrx_word' id='word_1_334' title='bbox 1200 3525 1332 3584; x_wconf 78' lang='lat' dir='ltr'><em>oblatum</em></span> <span class='ocrx_word' id='word_1_335' title='bbox 1348 3531 1427 3596; x_wconf 73' lang='lat' dir='ltr'><em>est,r</em></span> 
     </span>
     <span class='ocr_line' id='line_1_34' title="bbox 359 3613 1407 3689; baseline -0.003 -11"><span class='ocrx_word' id='word_1_336' title='bbox 359 3621 396 3678; x_wconf 81' lang='lat' dir='ltr'><em>ob</em></span> <span class='ocrx_word' id='word_1_337' title='bbox 417 3615 562 3675; x_wconf 74' lang='lat' dir='ltr'><em>causam?</em></span> <span class='ocrx_word' id='word_1_338' title='bbox 585 3613 622 3675; x_wconf 76' lang='lat' dir='ltr'><em>si</em></span> <span class='ocrx_word' id='word_1_339' title='bbox 637 3613 819 3688; x_wconf 80' lang='lat' dir='ltr'><em>praecilli,</em></span> <span class='ocrx_word' id='word_1_340' title='bbox 843 3633 860 3672; x_wconf 94' lang='lat' dir='ltr'><em>o</em></span> <span class='ocrx_word' id='word_1_341' title='bbox 880 3633 1003 3689; x_wconf 73' lang='lat' dir='ltr'><em>prooem</em></span> <span class='ocrx_word' id='word_1_342' title='bbox 1026 3613 1247 3686; x_wconf 85' lang='lat' dir='ltr'><em>contumetiam,</em></span> <span class='ocrx_word' id='word_1_343' title='bbox 1263 3614 1292 3673; x_wconf 83' lang='lat' dir='ltr'><em>si</em></span> <span class='ocrx_word' id='word_1_344' title='bbox 1307 3635 1371 3675; x_wconf 91' lang='lat' dir='ltr'><em>non</em></span> <span class='ocrx_word' id='word_1_345' title='bbox 1386 3637 1407 3675; x_wconf 93' lang='lat' dir='ltr'><em>a</em></span> 
     </span>
     <span class='ocr_line' id='line_1_35' title="bbox 360 3705 1416 3780; baseline 0.001 -13"><span class='ocrx_word' id='word_1_346' title='bbox 360 3712 436 3780; x_wconf 87' lang='lat' dir='ltr'><em>tum,</em></span> <span class='ocrx_word' id='word_1_347' title='bbox 451 3710 505 3765; x_wconf 88' lang='lat' dir='ltr'><em>scd</em></span> <span class='ocrx_word' id='word_1_348' title='bbox 519 3708 619 3766; x_wconf 91' lang='lat' dir='ltr'><em>Deum</em></span> <span class='ocrx_word' id='word_1_349' title='bbox 635 3724 751 3780; x_wconf 85' lang='lat' dir='ltr'><em>quoque</em></span> <span class='ocrx_word' id='word_1_350' title='bbox 766 3705 867 3780; x_wconf 88' lang='lat' dir='ltr'><em>ipsum</em></span> <span class='ocrx_word' id='word_1_351' title='bbox 878 3724 939 3779; x_wconf 88' lang='lat' dir='ltr'><em>pro</em></span> <span class='ocrx_word' id='word_1_352' title='bbox 970 3705 1218 3764; x_wconf 87' lang='lat' dir='ltr'><em>redemtionis</em></span> <span class='ocrx_word' id='word_1_353' title='bbox 1238 3707 1365 3780; x_wconf 90' lang='lat' dir='ltr'><em>pretio</em></span> <span class='ocrx_word' id='word_1_354' title='bbox 1381 3709 1416 3767; x_wconf 82' lang='lat' dir='ltr'><em>la</em></span> 
     </span>
     <span class='ocr_line' id='line_1_36' title="bbox 353 3795 1410 3876; baseline 0 -18"><span class='ocrx_word' id='word_1_355' title='bbox 353 3800 414 3876; x_wconf 88' lang='lat' dir='ltr'><em>pit,</em></span> <span class='ocrx_word' id='word_1_356' title='bbox 433 3801 566 3875; x_wconf 79' lang='lat' dir='ltr'><em>adeoque</em></span> <span class='ocrx_word' id='word_1_357' title='bbox 585 3795 706 3873; x_wconf 77' lang='lat' dir='ltr'><em>insipne</em></span> <span class='ocrx_word' id='word_1_358' title='bbox 722 3802 750 3854; x_wconf 88' lang='lat' dir='ltr'><em>et</em></span> <span class='ocrx_word' id='word_1_359' title='bbox 764 3797 907 3855; x_wconf 75' lang='lat' dir='ltr'><em>excellens</em></span> <span class='ocrx_word' id='word_1_360' title='bbox 940 3795 1115 3872; x_wconf 79' lang='lat' dir='ltr'><em>tyrannidis</em></span> <span class='ocrx_word' id='word_1_361' title='bbox 1146 3816 1219 3856; x_wconf 90' lang='lat' dir='ltr'><em>suae</em></span> <span class='ocrx_word' id='word_1_362' title='bbox 1245 3798 1410 3871; x_wconf 82' lang='lat' dir='ltr'><em>praemineo</em></span> 
     </span>
     <span class='ocr_line' id='line_1_37' title="bbox 357 3886 1404 3964; baseline -0.006 -12"><span class='ocrx_word' id='word_1_363' title='bbox 357 3911 452 3953; x_wconf 88' lang='lat' dir='ltr'><em>causa</em></span> <span class='ocrx_word' id='word_1_364' title='bbox 467 3889 554 3950; x_wconf 84' lang='lat' dir='ltr'><em>nobis</em></span> <span class='ocrx_word' id='word_1_365' title='bbox 571 3907 688 3964; x_wconf 83' lang='lat' dir='ltr'><em>quoquc</em></span> <span class='ocrx_word' id='word_1_366' title='bbox 699 3887 791 3963; x_wconf 86' lang='lat' dir='ltr'><em>parci</em></span> <span class='ocrx_word' id='word_1_367' title='bbox 807 3907 932 3962; x_wconf 83' lang='lat' dir='ltr'><em>aequum</em></span> <span class='ocrx_word' id='word_1_368' title='bbox 951 3893 1024 3945; x_wconf 90' lang='lat' dir='ltr'><em>erat.</em></span> <span class='ocrx_word' id='word_1_369' title='bbox 1048 3886 1085 3947; x_wconf 79' lang='lat' dir='ltr'><em>Si</em></span> <span class='ocrx_word' id='word_1_370' title='bbox 1101 3894 1198 3947; x_wconf 91' lang='lat' dir='ltr'><em>autem</em></span> <span class='ocrx_word' id='word_1_371' title='bbox 1213 3887 1314 3958; x_wconf 87' lang='lat' dir='ltr'><em>Patri,</em></span> <span class='ocrx_word' id='word_1_372' title='bbox 1331 3888 1404 3964; x_wconf 80' lang='lat' dir='ltr'><em>prin</em></span> 
     </span>
     <span class='ocr_line' id='line_1_38' title="bbox 357 3977 1398 4060; baseline -0.005 -17"><span class='ocrx_word' id='word_1_373' title='bbox 357 3986 445 4044; x_wconf 85' lang='lat' dir='ltr'><em>moda</em></span> <span class='ocrx_word' id='word_1_374' title='bbox 460 3981 495 4041; x_wconf 89' lang='lat' dir='ltr'><em>id</em></span> <span class='ocrx_word' id='word_1_375' title='bbox 503 3981 625 4060; x_wconf 88' lang='lat' dir='ltr'><em>factum</em></span> <span class='ocrx_word' id='word_1_376' title='bbox 641 3979 705 4038; x_wconf 70' lang='lat' dir='ltr'><em>est?</em></span> <span class='ocrx_word' id='word_1_377' title='bbox 728 3998 782 4037; x_wconf 88' lang='lat' dir='ltr'><em>nec</em></span> <span class='ocrx_word' id='word_1_378' title='bbox 798 3978 877 4038; x_wconf 85' lang='lat' dir='ltr'><em>enim</em></span> <span class='ocrx_word' id='word_1_379' title='bbox 892 3979 929 4036; x_wconf 84' lang='lat' dir='ltr'><em>ab</em></span> <span class='ocrx_word' id='word_1_380' title='bbox 944 3977 1014 4053; x_wconf 88' lang='lat' dir='ltr'><em>ipso</em></span> <span class='ocrx_word' id='word_1_381' title='bbox 1037 3981 1223 4051; x_wconf 80' lang='lat' dir='ltr'><em>tenebamur;</em></span> <span class='ocrx_word' id='word_1_382' title='bbox 1249 3978 1359 4039; x_wconf 87' lang='lat' dir='ltr'><em>deinde</em></span> <span class='ocrx_word' id='word_1_383' title='bbox 1382 4000 1398 4057; x_wconf 79' lang='lat' dir='ltr'><strong><em>q</em></strong></span> 
     </span>
     <span class='ocr_line' id='line_1_39' title="bbox 357 4068 1394 4156; baseline -0.008 -21"><span class='ocrx_word' id='word_1_384' title='bbox 357 4073 465 4156; x_wconf 80' lang='lat' dir='ltr'><em>afferri</em></span> <span class='ocrx_word' id='word_1_385' title='bbox 491 4079 604 4150; x_wconf 87' lang='lat' dir='ltr'><em>potest,</em></span> <span class='ocrx_word' id='word_1_386' title='bbox 620 4078 653 4129; x_wconf 91' lang='lat' dir='ltr'><em>ut</em></span> <span class='ocrx_word' id='word_1_387' title='bbox 674 4069 829 4146; x_wconf 73' lang='lat' dir='ltr'><em>Unipmiti</em></span> <span class='ocrx_word' id='word_1_388' title='bbox 859 4068 1007 4144; x_wconf 75' lang='lat' dir='ltr'><em>sanquine</em></span> <span class='ocrx_word' id='word_1_389' title='bbox 1025 4071 1120 4128; x_wconf 87' lang='lat' dir='ltr'><em>Pater</em></span> <span class='ocrx_word' id='word_1_390' title='bbox 1151 4071 1318 4140; x_wconf 83' lang='lat' dir='ltr'><em>oblectetur,</em></span> <span class='ocrx_word' id='word_1_391' title='bbox 1343 4071 1394 4147; x_wconf 82' lang='lat' dir='ltr'><em>qui</em></span> 
     </span>
     <span class='ocr_line' id='line_1_40' title="bbox 359 4159 1387 4243; baseline -0.002 -19"><span class='ocrx_word' id='word_1_392' title='bbox 359 4165 480 4242; x_wconf 82' lang='lat' dir='ltr'><em>quidem</em></span> <span class='ocrx_word' id='word_1_393' title='bbox 496 4171 616 4243; x_wconf 86' lang='lat' dir='ltr'><em>epatre</em></span> <span class='ocrx_word' id='word_1_394' title='bbox 637 4162 768 4222; x_wconf 77' lang='lat' dir='ltr'><em>oblatum</em></span> <span class='ocrx_word' id='word_1_395' title='bbox 800 4160 959 4235; x_wconf 85' lang='lat' dir='ltr'><em>acceperit,</em></span> <span class='ocrx_word' id='word_1_396' title='bbox 983 4162 1035 4217; x_wconf 88' lang='lat' dir='ltr'><em>sed</em></span> <span class='ocrx_word' id='word_1_397' title='bbox 1058 4159 1151 4218; x_wconf 87' lang='lat' dir='ltr'><em>ariete</em></span> <span class='ocrx_word' id='word_1_398' title='bbox 1172 4160 1206 4219; x_wconf 88' lang='lat' dir='ltr'><em>in</em></span> <span class='ocrx_word' id='word_1_399' title='bbox 1229 4160 1387 4223; x_wconf 73' lang='lat' dir='ltr'><em>rationalis</em></span> 
     </span>
     <span class='ocr_line' id='line_1_41' title="bbox 358 4250 1380 4330; baseline -0.004 -13"><span class='ocrx_word' id='word_1_400' title='bbox 358 4260 456 4318; x_wconf 86' lang='lat' dir='ltr'><em>locum</em></span> <span class='ocrx_word' id='word_1_401' title='bbox 476 4255 635 4317; x_wconf 79' lang='lat' dir='ltr'><em>substituto</em></span> <span class='ocrx_word' id='word_1_402' title='bbox 655 4250 841 4329; x_wconf 74' lang='lat' dir='ltr'><em>sacrificium</em></span> <span class='ocrx_word' id='word_1_403' title='bbox 856 4250 1061 4327; x_wconf 76' lang='lat' dir='ltr'><em>permutarit?</em></span> <span class='ocrx_word' id='word_1_404' title='bbox 1084 4251 1285 4325; x_wconf 82' lang='lat' dir='ltr'><em>Perspicuum</em></span> <span class='ocrx_word' id='word_1_405' title='bbox 1301 4253 1380 4330; x_wconf 82' lang='lat' dir='ltr'><em>utiqn</em></span> 
     </span>
     <span class='ocr_line' id='line_1_42' title="bbox 358 4341 1375 4423; baseline -0.008 -14"><span class='ocrx_word' id='word_1_406' title='bbox 358 4357 432 4409; x_wconf 91' lang='lat' dir='ltr'><em>trem</em></span> <span class='ocrx_word' id='word_1_407' title='bbox 449 4346 568 4423; x_wconf 81' lang='lat' dir='ltr'><em>quidem</em></span> <span class='ocrx_word' id='word_1_408' title='bbox 584 4343 745 4421; x_wconf 88' lang='lat' dir='ltr'><em>occepisse,</em></span> <span class='ocrx_word' id='word_1_409' title='bbox 762 4363 822 4402; x_wconf 87' lang='lat' dir='ltr'><em>non</em></span> <span class='ocrx_word' id='word_1_410' title='bbox 839 4348 935 4402; x_wconf 89' lang='lat' dir='ltr'><em>tamen</em></span> <span class='ocrx_word' id='word_1_411' title='bbox 953 4344 1032 4417; x_wconf 83' lang='lat' dir='ltr'><em>quod</em></span> <span class='ocrx_word' id='word_1_412' title='bbox 1044 4341 1179 4417; x_wconf 87' lang='lat' dir='ltr'><em>petierit,</em></span> <span class='ocrx_word' id='word_1_413' title='bbox 1197 4350 1250 4402; x_wconf 90' lang='lat' dir='ltr'><em>aut</em></span> <span class='ocrx_word' id='word_1_414' title='bbox 1265 4363 1298 4401; x_wconf 89' lang='lat' dir='ltr'><em>eo</em></span> <span class='ocrx_word' id='word_1_415' title='bbox 1316 4364 1375 4421; x_wconf 84' lang='lat' dir='ltr'><em>opu</em></span> 
     </span>
     <span class='ocr_line' id='line_1_43' title="bbox 359 4424 1370 4518; baseline -0.01 -18"><span class='ocrx_word' id='word_1_416' title='bbox 359 4460 461 4500; x_wconf 79' lang='lat' dir='ltr'><em>oerum</em></span> <span class='ocrx_word' id='word_1_417' title='bbox 472 4444 599 4514; x_wconf 89' lang='lat' dir='ltr'><em>propter</em></span> <span class='ocrx_word' id='word_1_418' title='bbox 615 4434 775 4495; x_wconf 84' lang='lat' dir='ltr'><em>consitium</em></span> <span class='ocrx_word' id='word_1_419' title='bbox 791 4441 819 4494; x_wconf 90' lang='lat' dir='ltr'><em>et</em></span> <span class='ocrx_word' id='word_1_420' title='bbox 833 4432 1128 4493; x_wconf 86' lang='lat' dir='ltr'><em>administrationem</em></span> <span class='ocrx_word' id='word_1_421' title='bbox 1153 4424 1219 4518; x_wconf 81' lang='lat' dir='ltr'><em>(dui</em></span> <span class='ocrx_word' id='word_1_422' title='bbox 1239 4425 1290 4509; x_wconf 79' lang='grc' dir='ltr'><em>τὴν</em></span> <span class='ocrx_word' id='word_1_423' title='bbox 1316 4435 1370 4492; x_wconf 72' lang='grc' dir='ltr'><em>αἱκι</em></span> 
     </span>
     <span class='ocr_line' id='line_1_44' title="bbox 359 4523 1365 4609; baseline -0.005 -18"><span class='ocrx_word' id='word_1_424' title='bbox 359 4532 434 4609; x_wconf 85' lang='lat' dir='ltr'><em>quia</em></span> <span class='ocrx_word' id='word_1_425' title='bbox 462 4548 518 4608; x_wconf 86' lang='lat' dir='ltr'><em>per</em></span> <span class='ocrx_word' id='word_1_426' title='bbox 547 4526 762 4588; x_wconf 77' lang='lat' dir='ltr'><em>humanitatem</em></span> <span class='ocrx_word' id='word_1_427' title='bbox 778 4547 797 4584; x_wconf 92' lang='lat' dir='ltr'><em>a</em></span> <span class='ocrx_word' id='word_1_428' title='bbox 811 4528 877 4585; x_wconf 90' lang='lat' dir='ltr'><em>Deo</em></span> <span class='ocrx_word' id='word_1_429' title='bbox 893 4532 1058 4584; x_wconf 88' lang='lat' dir='ltr'><em>assumtam</em></span> <span class='ocrx_word' id='word_1_430' title='bbox 1081 4523 1198 4584; x_wconf 78' lang='lat' dir='ltr'><em>homini</em></span> <span class='ocrx_word' id='word_1_431' title='bbox 1228 4526 1365 4586; x_wconf 82' lang='lat' dir='ltr'><em>sanctita</em></span> 
     </span>
     <span class='ocr_line' id='line_1_45' title="bbox 360 4615 1359 4701; baseline -0.005 -18"><span class='ocrx_word' id='word_1_432' title='bbox 360 4623 525 4701; x_wconf 80' lang='lat' dir='ltr'><em>oportebat,</em></span> <span class='ocrx_word' id='word_1_433' title='bbox 543 4626 577 4678; x_wconf 89' lang='lat' dir='ltr'><em>ut</em></span> <span class='ocrx_word' id='word_1_434' title='bbox 592 4625 721 4695; x_wconf 75' lang='lat' dir='ltr'><em>tyranno</em></span> <span class='ocrx_word' id='word_1_435' title='bbox 742 4635 800 4692; x_wconf 88' lang='lat' dir='ltr'><em>per</em></span> <span class='ocrx_word' id='word_1_436' title='bbox 824 4616 885 4676; x_wconf 86' lang='lat' dir='ltr'><em>vim</em></span> <span class='ocrx_word' id='word_1_437' title='bbox 902 4623 1059 4690; x_wconf 86' lang='lat' dir='ltr'><em>superato,</em></span> <span class='ocrx_word' id='word_1_438' title='bbox 1085 4635 1151 4675; x_wconf 90' lang='lat' dir='ltr'><em>nos</em></span> <span class='ocrx_word' id='word_1_439' title='bbox 1168 4615 1359 4677; x_wconf 81' lang='lat' dir='ltr'><em>liberaret</em></span> 
     </span>
     <span class='ocr_line' id='line_1_46' title="bbox 356 4704 1354 4791; baseline -0.009 -18"><span class='ocrx_word' id='word_1_440' title='bbox 356 4733 424 4790; x_wconf 87' lang='lat' dir='ltr'><em>per</em></span> <span class='ocrx_word' id='word_1_441' title='bbox 438 4713 674 4791; x_wconf 86' lang='lat' dir='ltr'><em>interjectum</em></span> <span class='ocrx_word' id='word_1_442' title='bbox 689 4707 830 4768; x_wconf 79' lang='lat' dir='ltr'><em>Filium</em></span> <span class='ocrx_word' id='word_1_443' title='bbox 845 4711 1044 4769; x_wconf 86' lang='lat' dir='ltr'><em>reduceret.</em></span> <span class='ocrx_word' id='word_1_444' title='bbox 1062 4741 1105 4751; x_wconf 94' lang='lat'>-</span> <span class='ocrx_word' id='word_1_445' title='bbox 1124 4704 1151 4784; x_wconf 81' lang='lat'><em>⁶)</em></span> <span class='ocrx_word' id='word_1_446' title='bbox 1168 4709 1215 4765; x_wconf 90' lang='lat' dir='ltr'><em>De</em></span> <span class='ocrx_word' id='word_1_447' title='bbox 1228 4707 1312 4783; x_wconf 87' lang='lat' dir='ltr'><em>perf.</em></span> <span class='ocrx_word' id='word_1_448' title='bbox 1331 4707 1354 4769; x_wconf 87' lang='lat' dir='ltr'><em>C</em></span> 
     </span>
     <span class='ocr_line' id='line_1_47' title="bbox 358 4798 1349 4889; baseline -0.013 -19"><span class='ocrx_word' id='word_1_449' title='bbox 358 4805 405 4870; x_wconf 93' lang='lat' dir='ltr'><em>Ib.</em></span> <span class='ocrx_word' id='word_1_450' title='bbox 421 4826 451 4889; x_wconf 84' lang='lat' dir='ltr'><em>p.</em></span> <span class='ocrx_word' id='word_1_451' title='bbox 469 4799 546 4868; x_wconf 86' lang='grc'><strong>283.</strong></span> <span class='ocrx_word' id='word_1_452' title='bbox 561 4802 600 4864; x_wconf 75' lang='grc' dir='ltr'><em>Α.</em></span> <span class='ocrx_word' id='word_1_453' title='bbox 616 4803 681 4862; x_wconf 88' lang='grc' dir='ltr'><em>Ρνο</em></span> <span class='ocrx_word' id='word_1_454' title='bbox 697 4799 784 4862; x_wconf 79' lang='lat' dir='ltr'><em>nobis</em></span> <span class='ocrx_word' id='word_1_455' title='bbox 799 4818 866 4861; x_wconf 89' lang='lat' dir='ltr'><em>uere</em></span> <span class='ocrx_word' id='word_1_456' title='bbox 881 4800 1005 4859; x_wconf 73' lang='lat' dir='ltr'><em>Pascha</em></span> <span class='ocrx_word' id='word_1_457' title='bbox 1020 4798 1194 4859; x_wconf 87' lang='lat' dir='ltr'><em>immolatus</em></span> <span class='ocrx_word' id='word_1_458' title='bbox 1211 4805 1257 4859; x_wconf 89' lang='lat' dir='ltr'><em>est</em></span> <span class='ocrx_word' id='word_1_459' title='bbox 1272 4798 1349 4863; x_wconf 74' lang='lat' dir='ltr'><em>ouri</em></span> 
     </span>
    </p>
   </div>
   <div class='ocr_carea' id='block_1_4' title="bbox 0 0 1910 5625">
    <p class='ocr_par' dir='ltr' id='par_1_4' title="bbox 0 0 1910 5625">
     <span class='ocr_line' id='line_1_48' title="bbox 0 0 1910 5625; baseline 0 0"><span class='ocrx_word' id='word_1_460' title='bbox 0 0 1910 5625; x_wconf 95' lang='lat' dir='ltr'><em> </em></span> 
     </span>
    </p>
   </div>
  </div>
 </body>
</html>
