3775 5625
356 402 424 470 444

355 570 386 634 iu
405 571 498 634 oculo
515 592 605 645 sano,
621 572 672 634 vel
688 581 723 632 ut
739 581 849 643 artem,
868 568 919 653 qni
936 589 1006 633 eam
1024 571 1157 653 adeptus
1175 581 1238 643 est,
1254 567 1299 633 ita
1315 590 1391 633 csse
1408 570 1538 656 gratim

356 680 495 765 Spiritus
520 685 553 744 S.
570 679 602 743 in
620 679 728 754 nobis,
745 699 873 763 semper
890 679 1016 764 quidem
1034 691 1252 762 praesentem,
1269 702 1332 743 non
1350 692 1458 744 autem
1474 702 1538 765 per·

355 802 452 873 petuo
469 798 708 874 operantem¹l;
742 788 914 872 Cyrillns
937 789 1041 851 Alex.
1064 788 1216 872 Spiritum
1235 793 1268 852 S.
1286 788 1381 852 nobis
1397 810 1457 873 per
1474 810 1538 854 san·

356 898 580 963 cdficationem
602 900 757 982 quandam
771 898 905 960 sormam
919 896 1049 959 induere
1059 898 1084 974 ²)
1091 920 1100 969 ;
1117 897 1369 971 Ambrosius,
1385 898 1539 964 bominem

354 1029 411 1091 per
437 1006 700 1091 justificationem
731 1006 830 1092 pingi,
852 1004 1007 1090 picturam
1029 1003 1135 1092 gratiis
1156 1004 1261 1071 divini
1281 1028 1475 1091 expressam
1494 1030 1539 1073 re·

354 1118 491 1194 lcrrc³);
509 1129 602 1201 atquc
618 1116 870 1202 Augustinus
887 1117 1040 1199 parvulos
1058 1136 1116 1199 per
1131 1116 1327 1200 Baptismum
1345 1118 1540 1182 convertisti

352 1226 464 1299 Deum,
482 1247 552 1289 cum
570 1238 661 1289 antea
679 1238 790 1289 essent
807 1225 967 1303 aver-siu,
990 1226 1074 1309 qrtod
1091 1225 1257 1289 manifeste
1275 1226 1411 1314 intelligi
1428 1227 1539 1312 nequit,

354 1333 414 1398 nisi
436 1336 474 1398 de
498 1334 711 1398 conversione
733 1333 900 1408 habituali,
917 1355 975 1417 per
991 1334 1130 1397 inlusum
1142 1334 1286 1413 ,habitum
1304 1336 1480 1400 charitatis.
1503 1338 1540 1399 Et

353 1443 426 1507 alibi
449 1443 507 1507 ait:
545 1448 616 1506 Par
637 1449 738 1523 lepem
756 1452 891 1522 capnitis
906 1452 1035 1525 precati
1044 1492 1055 1525 ,
1070 1467 1131 1525 per
1145 1448 1242 1525 fidem
1258 1452 1446 1526 impetratio
1462 1426 1539 1523 pra·

353 1563 419 1616 tiae
435 1562 739 1634 contrapaeeatum,
754 1577 816 1635 per
830 1562 975 1632 aratiam
991 1562 1151 1615 conano
1169 1561 1321 1616 antrnae
1339 1564 1454 1617 avitia
1469 1578 1537 1636 pee-

353 1671 430 1742 cati,
445 1686 506 1743 per
524 1670 651 1724 atrimae
666 1670 840 1725 sanitatem
856 1666 959 1724 liber
970 1671 1032 1724 tas
1049 1666 1232 1741 arbitrii,
1248 1685 1309 1743 per
1325 1666 1467 1725 liberum
1484 1687 1539 1726 αν-

353 1776 564 1850 ditriumjus
574 1780 693 1834 tiliae
709 1776 893 1851 dilectio,
908 1795 969 1852 per
976 1778 1133 1849 justitiae
1155 1776 1357 1835 dilectionem
1367 1777 1449 1851 lepis
1466 1797 1539 1855 ape-

354 1883 486 1959 restat).
526 1881 568 1945 Er
591 1881 639 1945 sic
663 1881 759 1960 alii⁶).
799 1883 888 1945 Unde
911 1882 1030 1965 etjam
1059 1882 1279 1945 Concilium
1301 1882 1538 1959 Viennense,

353 1990 426 2054 licet
442 1990 630 2054 sententiam
648 2003 791 2054 nostram
809 2003 967 2075 tamquam
986 2002 1106 2054 certam
1123 1993 1185 2053 non
1201 1992 1423 2066 declaraverit,
1440 2004 1537 2056 tamen

352 2111 509 2185 tamquam
539 2100 786 2187 probabiliorem
808 2121 885 2188 prae
908 2098 1075 2187 opposita,
1093 2112 1125 2165 et
1142 2099 1327 2166 Traditioue
1346 2103 1537 2166 conformem

355 2209 543 2293 approbavit
555 2212 588 2293 ⁷).

355 2382 570 2395 ..υ--ι-οι-ι

460 2491 485 2565 ¹)
502 2493 552 2549 De
568 2490 652 2567 Spir.
670 2490 702 2551 S.
720 2512 745 2549 α.
763 2493 812 2550 26.
830 2512 859 2552 n.
879 2494 927 2552 61.
969 2489 1049 2570 Opp.
1067 2491 1106 2553 Τ.
1124 2486 1153 2551 3.
1172 2510 1201 2567 p.
1219 2485 1273 2552 51.
1313 2489 1412 2563 Sicut,
1440 2490 1534 2571 inquit,

352 2579 494 2637 cernendi
512 2580 559 2639 vis
584 2588 628 2640 est
651 2580 684 2638 in
709 2582 793 2640 oculo
809 2601 898 2662 sano,
931 2581 976 2639 sic
993 2580 1129 2656 operatio
1145 2578 1283 2658 Spiritus
1299 2579 1333 2637 in
1349 2580 1455 2639 aniana
1469 2600 1534 2658 pur·

349 2677 429 2743 pata.
463 2706 503 2714 —
537 2674 580 2729 Et
600 2674 848 2746 quemadmodem
864 2691 917 2731 ars
934 2672 1028 2731 estin
1044 2692 1089 2747 eo,
1108 2671 1162 2746 qui
1178 2670 1263 2730 illam
1278 2673 1406 2748 adeptus
1425 2679 1482 2730 est:
1497 2671 1535 2729 ita

348 2761 452 2836 pratia
467 2761 605 2837 Spiritus
622 2762 655 2822 in
672 2782 718 2834 ea,
745 2763 800 2838 qui
815 2763 927 2839 recepit
941 2783 1023 2837 eam,
1048 2782 1196 2839 semper
1212 2761 1332 2838 quidem
1347 2782 1533 2840 praesens,

351 2859 852 2932 atnonperpetuaoperans.
888 2890 928 2899 —
962 2850 988 2937 2)
1006 2858 1047 2914 In
1062 2857 1106 2913 Is.
1125 2856 1144 2912 l.
1162 2858 1191 2913 4.
1212 2855 1265 2918 Or.
1282 2852 1312 2915 2.
1348 2857 1429 2934 Opp.
1452 2853 1533 2916 w.

258 2996 262 3005 .
349 2964 378 3022 p.
395 2940 471 3005 591.
489 2948 655 3006 Formatur
671 2954 767 3005 autem
783 2947 817 3004 in
832 2947 919 3006 nobis
938 2946 1094 3018 Christus,
1112 2945 1144 3005 S.
1162 2944 1285 3023 Spiritu
1300 2945 1390 3004 nobis
1408 2946 1534 3005 divinam

349 3039 501 3115 quandam
525 3035 685 3114 formam
715 3057 770 3114 per
799 3036 1065 3113 sanctificationem
1091 3043 1119 3094 et
1132 3035 1290 3113 justitiam
1305 3036 1456 3098 induente.
1489 3036 1534 3097 Sic

348 3126 476 3186 enimin
490 3127 604 3187 animis
622 3128 736 3187 nostris
752 3130 845 3187 elucet
860 3130 1017 3187 character
1032 3126 1288 3186 substautiaeDei
1303 3148 1338 3186 ac
1355 3129 1473 3198 Patris,
1490 3148 1533 3186 re·

342 3218 545 3294 formante,
563 3226 598 3277 ut
611 3219 688 3288 disci,
706 3219 738 3280 S.
756 3219 877 3296 Spiritu
897 3238 1022 3292 nosper
1038 3216 1303 3293 sanctificationem
1319 3219 1353 3276 in
1369 3219 1481 3296 ipsum.
1500 3254 1533 3263 -

348 3311 373 3384 ³}
390 3312 538 3370 Hexae’m.
556 3313 576 3374 l.
594 3313 621 3372 6.
639 3331 664 3370 e.
681 3314 710 3371 8.
729 3332 758 3370 n.
775 3314 911 3373 46-47.
945 3308 1025 3388 Opp.
1044 3312 1082 3370 Τ.
1102 3307 1130 3369 l.
1149 3329 1175 3372 c.
1194 3306 1267 3370 131.
1314 3312 1423 3369 Utrum
1439 3331 1532 3370 seeun-

347 3404 419 3460 dum
435 3421 554 3478 corpus,
571 3423 612 3460 an
627 3405 790 3461 seeundum
806 3401 940 3460 animam
952 3400 1137 3479 justificatio
1159 3399 1215 3458 tibi
1238 3400 1375 3477 corifum
1393 3402 1533 3472 videatur,

347 3512 457 3567 quaeso
473 3494 665 3566 respondeas,
689 3492 837 3551 Dubitare
853 3512 913 3551 non
927 3498 1021 3570 potes,
1040 3511 1106 3550 eum
1114 3490 1249 3568 justitia,
1268 3495 1347 3549 unde
1355 3493 1533 3569 justificatio

347 3582 483 3641 derivata
506 3590 562 3652 cst,
589 3583 695 3641 mentis
722 3588 789 3642 tuae
813 3583 928 3658 utique,
951 3603 1012 3642 non
1038 3582 1180 3659 eorporis
1196 3582 1244 3640 sit.
1280 3617 1318 3625 —-
1353 3583 1491 3642 Pietas
1507 3603 1532 3639 es

346 3692 431 3748 erpa,
454 3692 471 3729 o
490 3675 592 3753 bomo,
618 3679 645 3731 et
661 3674 788 3747 pietus
806 3695 824 3732 α
841 3674 976 3733 Domino
993 3675 1059 3732 Deo
1076 3680 1147 3745 tuo,
1165 3674 1273 3730 bortum
1288 3675 1379 3731 brebes
1397 3673 1533 3750 artificem

346 3770 433 3838 atque
451 3762 609 3837 piatorem.
649 3764 724 3822 Noli
739 3766 846 3823 bonam
863 3767 958 3824 delere
969 3764 1175 3839 picturam,
1196 3784 1256 3823 reon
1267 3763 1359 3844 fuco,
1378 3769 1432 3823 sed
1447 3764 1531 3823 veri·

345 3861 417 3913 tate
443 3856 662 3930 scalpentem,
682 3875 743 3914 non
766 3876 836 3915 οονα
852 3875 1041 3930 conpressam,
1059 3859 1112 3915 sed
1125 3854 1238 3930 pratia.
1272 3889 1316 3898 -
1349 3855 1374 3929 ⁴)
1397 3858 1446 3914 De
1460 3876 1529 3932 pecc.

344 3965 415 4005 mer.
434 3954 462 4005 et
476 3965 548 4006 rem.
566 3948 585 4004 l.
604 3950 633 4009 1.
650 3966 674 4008 e.
691 3949 741 4007 34.
758 3967 788 4007 n.
806 3950 855 4007 62.
888 3944 968 4025 Opp.
986 3948 1023 4006 Τ.
1044 3944 1095 4007 10.
1115 3967 1141 4005 c.
1161 3941 1213 4006 35.
1239 3979 1282 3988 —-
1306 3949 1331 4022 ⁵)
1348 3948 1397 4004 De
1419 3946 1531 4022 spiret

344 4037 399 4095 litt.
432 4058 457 4098 α.
489 4040 538 4099 30.
570 4039 667 4098 aaa.
702 4035 780 4115 Opp.
814 4038 852 4097 T.
873 4034 1060 4101 10,ο.114.
1088 4073 1130 4082 -
1156 4033 1528 4117 ⁶)Of.Greg01·.Naz.

347 4129 399 4188 Or.
419 4131 468 4188 40.
491 4128 526 4187 in
541 4128 573 4188 S.
594 4127 746 4202 Baptism.
779 4125 858 4206 Opp.
877 4124 916 4188 Τ.
936 4125 965 4188 l.
983 4149 1007 4186 c.
1026 4126 1102 4190 566.
1136 4125 1341 4202 Chrysost.
1376 4130 1523 4188 Hamil).

344 4218 378 4276 in
394 4223 421 4279 1.
439 4223 480 4278 ad
506 4221 575 4280 Cor.
599 4239 629 4280 n.
650 4222 679 4279 2.
713 4216 792 4298 Opp.
810 4220 847 4280 T.
868 4215 918 4281 10.
936 4240 965 4297 p.
984 4216 1050 4281 380
1067 4241 1091 4279 s.
1117 4218 1298 4298 Cypriau.
1331 4219 1435 4295 Epist.
1454 4223 1480 4279 1.
1496 4219 1529 4276 ad

343 4312 458 4370 Donat.
493 4308 572 4390 Opp.
592 4311 629 4370 V.
650 4308 677 4371 1.
697 4306 805 4388 p.3s.
830 4311 897 4372 Etc.
931 4346 973 4354 -
1008 4311 1173 4387 ⁷)Mansi,
1209 4308 1283 4367 eote.
1313 4309 1406 4370 Oeno.
1432 4312 1467 4371 T.
1484 4306 1528 4371 25.

344 4423 368 4461 e.
385 4398 463 4466 411.
501 4403 608 4461 Verum
631 4407 775 4476 quantum
798 4403 839 4459 ad
854 4403 989 4480 effectum
1006 4400 1205 4480 (Baptismi),
1231 4419 1296 4458 eum
1317 4401 1459 4477 Theolopi
1475 4399 1527 4475 opi·

343 4493 447 4553 niones
470 4492 576 4552 varias
596 4495 731 4562 babeant,
765 4491 902 4552 videlieet
917 4492 1085 4551 dicentibus
1102 4491 1298 4568 quibusdam,
1315 4492 1462 4564 'paruulis
1478 4493 1526 4550 cul·

338 4605 413 4659 pam
433 4584 558 4655 remitti,
583 4586 636 4642 sed
658 4583 793 4660 pretione
813 4603 874 4642 nou
895 4583 1052 4660 eonferri;
1075 4583 1147 4642 aliis
1170 4603 1183 4640 ο
1204 4588 1309 4640 eontra
1326 4583 1526 4651 asserentibus,

343 4678 424 4750 quod
439 4685 466 4736 et
481 4678 572 4751 culpa
588 4675 698 4735 eisdem
713 4674 747 4733 in
762 4674 925 4753 Baptismo
941 4674 1118 4744 remittitur,
1137 4681 1166 4732 et
1179 4673 1345 4731 virtutes
1363 4695 1404 4733 ae
1420 4675 1457 4733 in
1456 4675 1525 4753 for·

342 4786 443 4825 maus
466 4766 597 4843 pratia
621 4766 880 4843 infunduntur
901 4769 1023 4842 quoad
1047 4765 1235 4836 liuditum,
1262 4763 1319 4822 etsi
1335 4765 1524 4841 nonproillo

343 4863 471 4937 tempore
494 4860 596 4934 quoad
621 4878 724 4924 usum:
755 4878 811 4918 nos
837 4860 1020 4922 attendentes
1044 4858 1214 4935 peneralem
1239 4854 1412 4932 efficaciam
1433 4853 1524 4917 marm
