3775 5625
457 716 482 798 t.
502 707 587 782 121.
603 712 858 781 Decretum
872 701 1326 796 praedestinationis
1342 707 1418 776 est

761 817 1120 908 hypotheticum.

453 1003 604 1085 Quamvis
625 1002 775 1069 Ecclesia
800 1003 904 1089 quoad
927 999 1228 1087 praedestinationis
1251 1000 1413 1063 decretam
1435 998 1533 1083 hypo·

347 1113 500 1181 theticum
516 1114 634 1179 nullam
650 1111 840 1177 sententiam
864 1113 1031 1177 solennem
1045 1110 1169 1175 tulerit:
1191 1121 1337 1194 putamus
1354 1120 1460 1173 tamen
1475 1126 1535 1191 pro

348 1245 388 1289 eo
405 1222 480 1287 talia
496 1235 625 1288 exstare
640 1221 673 1286 in
690 1224 750 1286 SS.
767 1220 897 1286 Litteris
914 1234 1007 1307 atque
1025 1219 1155 1306 scriptis
1173 1222 1233 1287 SS.
1248 1219 1377 1283 Patrum
1393 1216 1535 1282 testimo·

345 1331 417 1407 aia,
449 1332 578 1396 utillud
600 1343 669 1396 tuto
693 1343 852 1415 tamquam
881 1342 1004 1394 certum
1030 1327 1224 1413 apprehendi
1247 1326 1370 1412 possit,
1396 1347 1456 1391 nec
1472 1347 1536 1390 uon

344 1441 449 1525 ipsam
458 1440 649 1516 Ecclesiam,
666 1451 762 1524 prout
777 1450 809 1503 et
824 1437 982 1504 rationem
989 1435 1051 1501 lide
1066 1437 1265 1520 illustratam,
1283 1434 1462 1500 sententiae
1477 1416 1534 1498 no·

345 1560 434 1614 strae
450 1546 631 1637 suffragari.

451 1680 491 1742 A.
508 1675 600 1755 Quod
615 1676 654 1739 ad
672 1677 731 1739 SS.
748 1674 922 1739 Litteras
939 1672 1067 1739 attinet:
1085 1672 1117 1737 in
1132 1672 1246 1738 iisdem
1261 1671 1376 1758 uhique
1393 1671 1537 1745 docetur,

344 1786 448 1850 Deum
470 1784 582 1870 cuique
605 1784 781 1848 secundum
797 1803 856 1847 sua
872 1801 972 1868 opera
988 1781 1184 1856 retribuere,
1206 1793 1238 1846 et
1255 1800 1382 1846 eausam
1398 1778 1536 1868 largien-

345 1896 405 1959 dae
430 1893 591 1959 felicitatis
615 1905 765 1958 aeternae
781 1893 866 1958 bona
882 1911 982 1977 opera
998 1912 1082 1957 esse.
1123 1889 1180 1956 Sic
1197 1890 1381 1956 Christus
1407 1888 1535 1955 Domi·

344 2025 416 2068 uus
444 2003 499 2079 ait,
515 2024 569 2078 se,
602 2003 676 2066 dum
696 2002 898 2087 judicaturus
915 2002 958 2066 sit
974 2003 1102 2077 orbem,
1123 2001 1246 2066 electos
1262 1999 1312 2065 his
1329 2000 1539 2065 allocuturum

347 2133 424 2178 esse
440 2111 564 2177 verbis:
596 2114 711 2175 Venite
727 2116 884 2176 denedicti
899 2114 1020 2175 Patris
1036 2118 1109 2191 mei,
1124 2114 1289 2193 possidete
1301 2119 1460 2192 paratam
1475 2131 1538 2172 vo·

345 2226 398 2285 dis
418 2245 554 2313 vappam
576 2244 597 2285 a
625 2229 857 2285 vovaataaovv
876 2224 999 2285 maadi.
1038 2222 1210 2283 Erarivi
1230 2226 1346 2300 enim,
1370 2229 1409 2283 ct
1429 2222 1538 2282 dedt·

344 2340 424 2395 vtiv
454 2338 546 2395 miii
577 2334 835 2411 manducare,
868 2327 988 2417 αἱαὶ).
1029 2328 1149 2407 Quodsi
1174 2340 1281 2393 autem
1303 2308 1540 2413 propterhona

346 2461 446 2526 opera
462 2440 574 2505 electis
588 2441 676 2505 Deus
697 2439 870 2527 largiturus
887 2450 938 2503 est
953 2450 1116 2503 aeternam
1133 2438 1286 2525 gloriam:
1310 2458 1380 2503 eam
1403 2459 1539 2525 quoque,

347 2571 444 2636 qaum
467 2571 504 2615 se
530 2571 651 2637 negare
668 2571 732 2614 non
748 2548 868 2636 possit,
890 2569 932 2613 ex
948 2549 1059 2613 eadem
1076 2568 1189 2623 causa,
1209 2546 1242 2611 id
1258 2560 1309 2612 est
1324 2549 1365 2612 oh
1387 2547 1536 2633 praevisa

345 2659 401 2723 iha
415 2663 529 2725 merita
544 2658 656 2747 largiri
671 2658 745 2723 inde
762 2660 801 2723 ah
818 2670 950 2723 aeterno
968 2659 1044 2733 vult,
1061 2678 1130 2732 seu,
1147 2659 1231 2744 quod
1246 2656 1331 2722 idem
1347 2668 1408 2733 est,
1426 2656 1537 2723 electis

345 2767 445 2833 vitam
459 2780 622 2834 aeternam
633 2769 708 2835 dare
718 2790 782 2834 non
799 2768 956 2843 absolute,
973 2768 1030 2832 sed
1047 2766 1251 2852 hypothetice
1268 2765 1418 2832 decrevit.
1434 2767 1539 2832 Porro

346 2879 712 2964 Apostolusscrihit:
738 2880 812 2954 Qut
827 2901 951 2962 parve
979 2886 1166 2959 seminat,
1181 2899 1308 2960 parce
1329 2881 1540 2954 atmetet').

350 2989 439 3066 Quae
454 2989 576 3075 pariter
591 2990 674 3054 haud
698 2990 836 3054 ohscaue
868 2988 1027 3063 indicant,
1058 2987 1216 3052 rationem
1236 2984 1395 3051 felicitatis
1420 2986 1540 3050 dandae

347 3118 423 3164 esse
440 3120 550 3184 opera,
567 3097 716 3184 quoniam
732 3100 770 3162 ad
791 3097 937 3183 ipsorum
959 3119 1159 3172 mensuram,
1180 3117 1331 3161 mensura
1352 3116 1477 3181 quoque
1493 3096 1540 3159 la-

345 3221 440 3273 turae
456 3207 615 3274 lehcitatis
632 3209 741 3284 datur,
762 3221 795 3273 et
814 3209 895 3273 haec
916 3219 951 3271 ut
971 3207 1151 3293 praemium
1168 3205 1284 3271 abillis
1301 3218 1460 3292 tamquam
1476 3226 1540 3270 me·
1585 3289 1590 3299 ἰ

347 3317 422 3383 ritis
445 3318 604 3403 pendere,
626 3339 691 3382 uon
708 3329 814 3382 autem
828 3317 983 3383 vicissim.
1029 3317 1185 3384 Consulto
1201 3328 1306 3380 autem
1322 3336 1360 3383 ao
1376 3334 1543 3400 expresse,

347 3425 683 3513 praedestinationem,
695 3426 728 3491 ni
744 3427 783 3492 ad
799 3425 947 3514 gloriam,
964 3439 1070 3491 tamen
1087 3428 1127 3490 ad
1138 3425 1290 3513 gratiam,
1306 3423 1542 3510 hypotheticam

346 3557 433 3611 esse,
448 3536 537 3601 hisce
555 3537 666 3601 docet:
684 3536 830 3617 Scimus,
848 3543 1004 3621 quoniam
1021 3538 1227 3615 diligentibus
1242 3536 1348 3597 Deam
1360 3541 1469 3597 ornata
1485 3555 1537 3595 co·

348 3654 530 3728 operantur
550 3654 585 3709 ia
601 3649 720 3709 donam
735 3653 796 3727 iis,
815 3653 871 3729 pai
886 3649 1104 3708 secandam
1122 3651 1374 3726 propositam
1394 3644 1452 3726 (ex
1466 3662 1540 3731 gra·

347 3754 428 3820 tuito
444 3755 659 3841 beneplacito)
679 3763 786 3818 vocati
809 3764 891 3819 rant
906 3762 1015 3818 vanati
1038 3752 1174 3837 (invitati
1190 3766 1223 3817 et
1238 3752 1425 3818 invitantem
1441 3752 1543 3818 secuti

348 3877 424 3931 sunt
439 3865 579 3931 advitae
595 3865 824 3945 sanctitatem).
848 3868 889 3930 N
891 3888 949 3929 am
973 3886 1074 3948 paor
1086 3870 1308 3947 praescivit
1328 3869 1417 3944 (cum
1437 3862 1542 3950 gratia

347 3987 485 4040 vocante
517 3995 591 4040 esse
624 3978 885 4059 cooperaturos),
916 3983 950 4037 et
966 3978 1226 4056 praedestinavit
1251 3975 1441 4052 conformas
1468 3975 1542 4054 pleri

347 4093 501 4165 tmapvo
513 4069 575 4166 pia
589 4092 653 4148 aad.
687 4121 729 4131 —
756 4085 848 4159 Quas
865 4092 973 4148 autem
985 4088 1256 4167 praedestinavit,
1274 4087 1335 4144 hos
1351 4089 1542 4146 etvavavtt:

348 4204 382 4259 et
395 4217 479 4279 qaas
493 4201 638 4274 vocavit,
661 4200 723 4257 laos
739 4198 993 4276 etjusttflcavit:
1015 4216 1098 4278 quoa
1115 4200 1224 4255 autem
1229 4193 1444 4272 justificavit,
1461 4190 1540 4254 illos

348 4314 381 4369 at
392 4307 634 4386 plvrifivavit⁸).
675 4305 803 4388 Scopas
823 4303 973 4388 Apostoli
993 4302 1084 4368 hisee
1101 4314 1151 4366 est
1168 4299 1372 4375 ostendendi,
1389 4301 1537 4386 quemad·

347 4416 477 4479 modum
493 4424 687 4498 procurante
709 4411 815 4477 divina
834 4411 1037 4497 providentia
1052 4410 1183 4476 Christo
1201 4407 1338 4474 Domino
1357 4428 1468 4475 omnes
1486 4430 1539 4476 co·

346 4620 621 4638 ..ι-,ιω

349 4722 487 4885 2ὃὺὃὲ
518 4725 626 4787 Matth.
658 4719 712 4803 25,
742 4719 788 4789 34
803 4746 844 4790 ss.
877 4760 921 4773 -
952 4726 980 4810 ¹¹)
1004 4723 1037 4792 2,
1063 4721 1132 4790 Gor.
1154 4718 1186 4804 9,
1211 4719 1242 4794 6.
1266 4759 1311 4776 -·
1344 4727 1373 4806 ³)
1405 4726 1493 4795 Rom.
1511 4723 1544 4804 8,
