3775 5625
401 429 468 502 242

401 605 457 662 tar
474 598 571 675 (erit)
583 603 625 673 ¹).
672 600 749 658 llam
772 597 905 673 subjecit
920 617 955 658 se
972 598 1053 658 ultro
1069 598 1107 656 B.
1124 596 1226 676 Virgo
1244 614 1284 656 ax
1299 598 1366 657 sala
1381 595 1526 673 prudenti
1538 614 1588 658 oe·

401 697 541 770 oouomie
565 709 630 788 legi
655 707 889 787 purificationis,
916 708 1166 784 quemadmodum
1189 706 1333 767 christus
1360 705 1620 780 setsthaoertt

400 820 464 898 lagi
481 817 746 890 circumcisionis,
769 836 837 877 cum
855 827 965 876 neuter
982 816 1131 891 ejusmodi
1151 816 1274 895 legibus
1291 824 1465 876 teneretur.
1511 816 1631 874 atto-

400 929 502 1007 gando
528 947 604 987 vero
630 928 727 988 verha
750 928 847 1005 Lagis
872 926 1077 1005 Evangellsta
1098 944 1287 1003 nequaquem
1308 924 1460 994 insinuat,
1483 925 1638 998 desum

400 1038 561 1098 nativitate
579 1056 635 1097 sua
651 1055 726 1096 vere
744 1035 853 1097 matris
870 1045 992 1095 uterum
1010 1035 1221 1113 adaperuisse,
1246 1035 1301 1094 sod
1318 1035 1419 1094 solum
1436 1033 1640 1108 foecundi.

399 1156 494 1232 tatem
510 1147 549 1212 Β.
565 1147 685 1206 Mariae
702 1155 771 1205 ortu
789 1164 844 1205 suo
862 1146 1047 1205 ostendisse.

506 1257 542 1315 Si
557 1275 633 1316 vero
651 1255 736 1331 ajunt
752 1255 936 1325 adversarii,
962 1257 1039 1333 apud
1057 1274 1162 1315 omnes
1179 1256 1248 1314 iare
1263 1256 1392 1332 populos
1409 1253 1655 1336 incultiorqffl⁸

400 1366 437 1426 de
460 1365 726 1427 incarnationihus
751 1365 888 1436 deorum,
914 1375 945 1425 et
969 1367 1005 1426 de
1022 1366 1195 1426 hominihus
1214 1384 1231 1426 a
1247 1375 1360 1425 natura
1376 1365 1509 1442 quadam
1525 1382 1579 1424 et»
1595 1398 1657 1439 ρ,

398 1476 471 1535 lesti
493 1475 667 1554 progenitis
691 1476 826 1553 reperiri
851 1485 1033 1546 commenta,
1056 1476 1101 1536 ite
1125 1485 1158 1537 ut
1173 1475 1306 1536 historia
1323 1475 1360 1534 de
1376 1473 1456 1533 Eilio
1473 1472 1534 1532 Dei
1548 1473 1657 1548 ἰῃ,

399 1593 539 1654 oernato,
556 1604 595 1644 ex
611 1585 745 1663 Virgine
763 1596 911 1662 concepto
929 1604 965 1646 ac
982 1585 1100 1665 genito,
1116 1585 1198 1645 inter
1216 1584 1335 1660 mythos
1353 1583 1522 1642 referenda
1537 1591 1651 1660 tit:

399 1694 645 1771 respondendum
664 1704 723 1764 est,
748 1714 846 1771 neque
862 1695 1012 1765 Judaeos,
1036 1712 1134 1771 neque
1153 1693 1295 1754 Graecos
1314 1703 1366 1752 aut
1382 1694 1540 1751 Romanos
1580 1708 1645 1766 qd

397 1804 526 1882 populos
549 1803 684 1865 incultos
708 1813 846 1881 tempore
865 1804 985 1864 Christi
1002 1823 1096 1881 posse
1112 1803 1239 1873 referri,
1264 1821 1354 1880 quum
1370 1802 1454 1861 inter
1471 1802 1544 1860 illos
1579 1829 1635 1874 θη

399 1921 501 1973 aetate
519 1914 643 1974 cultura
660 1914 770 1973 mentis
788 1890 938 1974 summum
957 1914 1116 1993 attigisset
1132 1915 1274 1992 gradum,
1290 1913 1335 1972 ite
1351 1920 1385 1970 ut
1401 1912 1516 1987 mythis
1528 1921 1628 1978 nul.

398 2023 447 2082 lus
473 2023 603 2099 amphus
621 2023 748 2082 daretur
768 2024 866 2083 locus.
913 2024 995 2082 Dein
1012 2033 1043 2082 ot
1058 2023 1117 2084 hoe
1134 2041 1193 2082 nou
1211 2032 1260 2082 est
1275 2021 1619 2108 praetermittendum,

399 2131 539 2192 omnihus
557 2133 750 2209 opinionibus
774 2133 873 2193 ideam
894 2133 1110 2213 primigeniam
1127 2134 1269 2203 subesse,
1286 2142 1395 2209 postea
1412 2136 1613 2194 commentis

398 2243 468 2319 plus
486 2243 586 2303 miuus
603 2241 812 2319 depravatam.

776 2478 802 2559 ς.
821 2471 887 2543 54.
912 2472 1223 2545 continuatio.

505 2641 557 2704 Ex
584 2638 730 2705 doctrina
755 2638 922 2705 Ecclesiae
951 2639 1133 2706 Catholicae
1164 2653 1270 2705 tamen
1292 2640 1326 2703 B.
1348 2639 1387 2707 V.
1408 2636 1588 2702 Marianon

397 2760 518 2814 tantum
535 2760 606 2814 ante
623 2761 750 2834 partum
766 2760 798 2814 et
812 2748 845 2813 in
862 2762 966 2835 partu,
983 2752 1041 2815 sed
1057 2762 1089 2814 et
1105 2762 1181 2835 post
1196 2762 1322 2835 partum
1337 2748 1433 2837 virgo
1447 2762 1588 2833 perman·
1660 2814 1663 2819 ,

398 2850 450 2936 sit,
467 2861 550 2946 quod
565 2859 637 2944 ipsa
653 2861 688 2924 B.
705 2859 808 2947 Virgo
829 2859 862 2923 in
884 2880 1046 2945 responso
1067 2860 1178 2925 nuntio
1197 2859 1330 2925 coelesti
1348 2861 1423 2923 dato
1441 2856 1590 2923 satutare

398 2966 551 3043 insinuat,
581 2967 726 3033 Traditio
754 2968 923 3034 Ecclesiae
948 2969 1126 3045 confirmat,
1148 2991 1295 3033 necnon
1319 2967 1458 3056 dignitas
1478 2958 1595 3030 matris

398 3079 478 3164 ejus,
495 3077 548 3165 qui
565 3091 634 3142 erat
650 3077 833 3166 unigenitus
850 3078 911 3142 Dei
926 3079 1036 3155 Filius,
1052 3081 1203 3165 postulat.
1250 3077 1379 3143 Etenim

502 3191 541 3252 A.
558 3189 658 3251 rerba
673 3186 726 3251 illa
741 3189 776 3252 B.
786 3188 827 3253 Μ.
834 3187 979 3275 Virginis
996 3188 1223 3276 adhrngelum:
1245 3189 1415 3264 Quomodo
1425 3192 1482 3269 stet
1489 3171 1604 3248 istud>

399 3304 552 3383 pacatam
578 3305 704 3360 otram
727 3319 805 3361 non
825 3299 1045 3377 eoqaoueo?
1067 3298 1235 3362 manifeste
1251 3297 1295 3362 nil
1311 3296 1396 3362 aliud
1412 3292 1607 3383 significare

399 3419 546 3492 possunt,
563 3428 657 3493 quam
672 3406 799 3472 firmum
817 3428 855 3472 ac
870 3406 1101 3472 inconcussum
1116 3407 1331 3492 propositum,
1354 3427 1413 3473 seu
1433 3419 1467 3470 ut
1481 3405 1608 3469 Panes

399 3515 521 3601 passim
537 3516 743 3591 arbitrantur,
759 3529 870 3581 votum
888 3516 1053 3591 emissum,
1069 3516 1172 3580 virum
1188 3539 1349 3604 nurrquam
1366 3492 1606 3605 cognoscendi·

401 3624 490 3688 Alias
512 3623 611 3699 enim,
633 3624 805 3689 sitantum
826 3625 969 3691 indicare
993 3625 1159 3702 voluisset,
1182 3647 1218 3691 se
1240 3629 1397 3692 hactenus
1414 3626 1510 3691 virum
1523 3624 1605 3685 n0¹¹

402 3732 609 3821 cognovisse,
626 3754 708 3798 vana
724 3734 882 3819 profecto,
899 3757 938 3799 ne
957 3735 1060 3800 dicam
1076 3736 1184 3820 inepta
1200 3737 1374 3822 responsio
1393 3737 1536 3813 suissed).

507 3845 548 3906 B.
567 3842 658 3921 Quod
674 3845 714 3908 ad
728 3846 869 3910 Patres
886 3845 1013 3910 attinet:
1038 3846 1228 3935 Origenes
1251 3846 1445 3912 sententiam
1466 3825 1599 3930 opposi‘

404 3962 469 4015 tam
489 3959 655 4015 tacentum
671 3974 745 4018 esse
763 3953 839 4018 dicit
848 3956 883 4035 ³).
900 3955 1073 4021 Basilius
1090 3955 1143 4032 ait,
1162 3966 1313 4021 amantea
1333 3959 1459 4020 Ohra’eta‘
1474 3977 1509 4019 ae
1522 3964 1597 4012 ου’
1659 3980 1663 4030 ς

405 4063 476 4124 dire
491 4066 620 4146 quidem
642 4072 821 4145 sustinere,
844 4069 1026 4147 Deiparam
1049 4070 1225 4150 aliquando
1249 4071 1389 4130 destinae
1412 4088 1482 4130 ease
1495 4058 1595 4137 oirsff‘
1660 4074 1663 4103 ¹

515 4320 540 4400 ¹)
556 4322 631 4381 Luc.
649 4319 679 4396 2,
695 4318 717 4384 2
733 4342 775 4385 ss.
793 4358 835 4368 —
852 4329 883 4399 2)
901 4323 947 4384 Of.
965 4322 1165 4403 Augustin.
1187 4327 1238 4384 De
1255 4332 1361 4384 sanata
1376 4323 1506 4403 adaptata.
1519 4339 1537 4378 t·
1550 4305 1587 4370 4·
1654 4357 1663 4373 x

407 4430 438 4473 a.
455 4413 485 4473 4.
502 4408 583 4492 Opp.
601 4409 640 4474 T.
659 4411 690 4475 6.
708 4434 733 4474 c.
750 4410 817 4475 324
833 4435 858 4478 a.
875 4413 971 4477 sam.
993 4417 1063 4475 225.
1080 4436 1110 4475 a.
1128 4420 1156 4477 2.
1174 4417 1213 4478 T.
1230 4414 1262 4481 5.
1279 4437 1304 4478 o.
1322 4413 1400 4481 970.
1416 4417 1506 4478 sem.
1520 4402 1585 4470 292·
1653 4418 1663 4481 'l

408 4521 439 4562 aa.
456 4503 485 4564 6.
503 4522 527 4564 c.
547 4499 644 4565 1167,
686 4506 826 4566 Amores.
858 4507 906 4564 De
923 4505 1020 4566 instit.
1037 4505 1115 4582 airy.
1133 4527 1157 4566 o.
1176 4509 1205 4570 5.
1222 4528 1252 4570 a.
1270 4509 1320 4568 35.
1373 4505 1453 4588 opp.
1469 4506 1503 4566 T.
1515 4498 1538 4563 2·
1554 4507 1579 4547 θ·
1648 4526 1654 4539 ι

411 4588 487 4653 257.
520 4629 562 4638 -
596 4596 625 4671 ³)
642 4597 683 4654 Ia
697 4597 773 4657 Lac.
790 4598 867 4658 hom.
886 4600 913 4655 7.
932 4595 1012 4678 Opp.
1030 4599 1068 4658 T.
1085 4596 1150 4678 Ep.
1168 4594 1244 4660 940.
1261 4599 1298 4659 Β.
1316 4602 1357 4658 Ia
1373 4579 1576 4659 mammeae&
1642 4595 1663 4670 {3

412 4682 481 4758 pais
494 4683 641 4760 prorupit
656 4685 821 4758 insaniam,
837 4693 872 4745 at
886 4695 1041 4769 assereret,
1057 4695 1197 4764 nepotum
1221 4689 1327 4768 faisse
1342 4689 1476 4750 Mariam
1489 4706 1504 4747 a
1519 4674 1570 4747 dal·
1639 4718 1657 4751 .·

411 4780 522 4847 autore,
545 4794 578 4836 eo
604 4779 685 4852 qaod
704 4784 774 4855 poet
794 4777 983 4840 edacitatem
999 4779 1204 4859 illiasjaaatu
1212 4781 1316 4860 faerit
1329 4783 1455 4859 Joeept.
1635 4784 1638 4791 '
