3775 5625
339 425 381 493 76

337 596 370 659 S.
405 591 425 657 i.
453 614 480 657 e.
512 590 651 680 gratiam
687 591 940 658 sanctificantem
973 615 1032 659 scu
1065 596 1253 663 charitatem
1283 618 1343 683 pcr
1378 596 1536 685 Spiritum

337 706 371 768 S.
403 700 604 783 effecum),
637 702 671 767 in
706 725 742 769 sc
775 704 959 778 habentem,
991 704 1207 790 spiritualem,
1233 708 1358 792 justum
1388 728 1430 774 sc
1465 728 1538 774 ssu·

337 824 437 886 ctum,
469 832 528 877 seu
557 812 735 897 perfectum
766 832 841 877 osse
867 813 979 889 talem,
1010 814 1112 900 qualis
1148 828 1218 881 erat
1250 818 1429 882 secundum
1458 817 1535 882 ima·

336 922 445 1011 giuom
477 943 515 987 ac
546 922 782 987 similitudinem
813 922 874 988 Dei
904 924 1025 998 fuctum
1059 937 1154 1012 atquc
1186 947 1285 1011 supra
1316 925 1376 1002 ait,
1409 947 1473 992 nos
1503 926 1535 992 ia

335 1033 438 1098 Adam
470 1033 647 1097 secundum
684 1032 858 1119 imaginem
894 1045 926 1097 ot
957 1032 1195 1099 similitudinem
1225 1035 1286 1100 Dei
1321 1055 1399 1100 esse
1431 1034 1535 1121 perdi·

337 1142 440 1206 disse:
473 1154 583 1228 operte
605 1143 716 1218 docet,
738 1143 891 1207 Adamum
914 1155 987 1208 aute
1003 1145 1128 1228 lapsum
1143 1143 1175 1208 in
1192 1143 1297 1232 gratia
1313 1144 1535 1225 sanctificante

315 1250 437 1319 ,fuisse
466 1251 683 1317 coustitutum.
715 1250 883 1316 Basilius
906 1252 1018 1327 tradit,
1046 1258 1260 1333 praecipuum
1276 1260 1394 1318 tonum
1410 1260 1537 1320 anim

336 1375 465 1426 creatae
479 1366 600 1443 fuisse,
622 1364 841 1424 adhaerere
860 1363 954 1442 Deo,
971 1367 1083 1441 eique
1102 1382 1171 1440 per
1192 1365 1430 1427 charitatem
1444 1385 1534 1428 cott-

327 1478 465 1553 juayi:
489 1494 510 1535 a
526 1494 590 1552 qua
606 1477 662 1534 uti
678 1476 816 1552 eccidit,
834 1477 938 1534 coriis
953 1478 1075 1535 ciariis
1090 1493 1129 1534 ac
1144 1476 1292 1547 diuersis,
1308 1479 1535 1537 eamcitistsn

336 1603 426 1663 esse,
445 1580 566 1660 diuiti).
585 1580 802 1668 Gregorius
818 1581 906 1646 Noa.
925 1579 1122 1645 creationem
1132 1580 1376 1665 primihomiuis
1387 1602 1534 1658 narrans,

336 1689 422 1765 dicit,
439 1710 511 1754 eum
528 1687 628 1754 fuisse
644 1694 805 1769 Acacium
819 1693 932 1771 atium,
951 1701 1151 1753 terrenum
1166 1702 1199 1754 et
1213 1697 1438 1775 coetestem,
1460 1714 1533 1758 cun·

335 1808 404 1863 dent
420 1804 480 1880 spi
488 1805 607 1863 ritum
623 1798 831 1885 (perfectum)
857 1812 890 1863 ct
904 1820 1052 1880 caraem,
1085 1804 1236 1879 spiritum
1259 1812 1426 1881 propter
1443 1823 1534 1881 qra-

336 1915 445 1991 tiam,
469 1931 598 1973 carnem
613 1922 749 1990 propter
769 1916 957 1973 elationem:
988 1914 1074 1971 ittud
1091 1920 1129 1973 ut
1144 1912 1239 1986 [cum
1254 1911 1346 1990 Deo)
1372 1922 1534 1986 maneat,

335 2040 510 2098 eumque,
543 2023 658 2098 cujus
689 2023 903 2094 beneficiis
934 2029 1100 2080 ornatus
1129 2029 1206 2099 est,
1240 2024 1533 2101 concelebret⁸).

335 2163 379 2175 -
396 2126 564 2212 Cyrillus
580 2126 639 2202 uit,
661 2148 757 2213 quum
772 2128 868 2191 homo
886 2128 991 2212 quoad
1006 2138 1152 2191 naturam
1169 2126 1336 2192 absolutus
1356 2140 1449 2193 essct
1469 2126 1532 2214 opi·

335 2235 396 2301 fico
407 2236 488 2310 Deo,
499 2244 606 2299 statim
618 2242 630 2299 i
637 2243 734 2300 ttius
750 2243 839 2300 simi
847 2242 1015 2301 titudine
1027 2242 1238 2315 praeditus
1253 2249 1321 2304 est.
1337 2240 1534 2318 Impressa

336 2352 422 2409 enim
437 2351 477 2409 in
492 2351 563 2409 itio
581 2358 641 2409 est
654 2351 818 2408 diuinae
833 2351 959 2425 imayo
976 2358 1161 2427 naturae,
1189 2351 1352 2425 inspirato
1373 2346 1533 2428 Spiritu

335 2456 417 2536 SA).
435 2454 557 2519 Similia
571 2454 668 2519 habet
690 2454 1006 2534 Tertullianum),
1029 2453 1298 2540 Cyprianus‘),
1325 2466 1359 2519 ct
1378 2455 1532 2522 Ambro-

335 2779 390 2846 cst,
417 2770 598 2846 plasmatis,
626 2778 654 2832 ct
677 2774 756 2832 nude
775 2771 877 2847 ipsum
897 2774 996 2833 solum
1018 2772 1162 2848 spiritum
1184 2770 1352 2848 intellipot,
1375 2771 1449 2850 jam
1474 2790 1536 2832 nou

335 2862 509 2941 spiritualis
525 2866 612 2923 nomo
629 2869 688 2934 est,
711 2866 793 2939 quod
812 2870 857 2923 est
875 2866 946 2935 taio,
969 2866 1023 2923 sed
1047 2863 1179 2941 spiritus
1200 2862 1353 2935 nominis,
1376 2869 1433 2922 out
1451 2860 1533 2939 Spi-

334 2955 432 3015 ritus
457 2953 535 3014 Dei.
562 2954 637 3015 Oum
665 2961 762 3014 cutem
789 2953 967 3033 Spiritus
992 2955 1050 3015 iic
1076 2953 1258 3015 commixtus
1281 2951 1401 3012 animae
1429 2953 1538 3014 uniisse

329 3045 479 3122 plasmati
483 3068 499 3123 ;
520 3051 646 3120 propter
667 3044 910 3124 effusionem,
932 3045 1162 3121 spiritualis
1186 3047 1290 3105 tomo
1310 3044 1445 3123 focius
1466 3051 1536 3106 cst:

334 3144 363 3198 et
375 3136 434 3198 iiic
450 3143 517 3207 est,
543 3135 610 3212 qui
625 3139 823 3196 secundum
840 3136 1036 3212 inopinum
1052 3144 1085 3197 et
1099 3134 1386 3196 similitudinem
1402 3134 1538 3213 factus

334 3236 388 3289 est
401 3227 483 3288 Dei.
516 3227 553 3288 Si
568 3235 666 3287 autem
681 3227 815 3305 defuerit
829 3228 949 3288 animae
969 3227 1148 3303 spiritus,
1173 3225 1351 3286 animalis
1373 3231 1428 3285 cst
1441 3244 1541 3298 vcra,

334 3319 547 3397 quissimus,
569 3326 597 3378 et
610 3319 795 3391 carnalis,
812 3319 1033 3391 derelictus,
1048 3318 1294 3397 imperfectus
1310 3315 1401 3377 erit:
1426 3315 1539 3394 insopi-

333 3431 400 3472 nem
416 3409 534 3487 quidem
551 3412 663 3469 itabens
683 3410 717 3469 ia
736 3412 886 3485 plasmate
902 3411 947 3489 (in
967 3409 1101 3490 ustura),
1128 3407 1422 3468 similitudinem
1447 3426 1546 3469 vcro

334 3522 405 3561 non
421 3520 610 3561 assumens
621 3520 690 3575 per
705 3500 901 3575 Spiritum.
920 3499 966 3566 Of.
983 3502 1002 3561 i,
1019 3503 1049 3560 3.
1068 3521 1092 3562 c.
1110 3503 1159 3560 23.
1177 3520 1208 3559 n.
1227 3500 1257 3563 5.
1274 3519 1305 3580 p.
1321 3494 1399 3563 221.

440 3593 468 3668 ¹)
486 3590 531 3650 cf.
549 3589 641 3650 Joan.
661 3588 692 3662 3,
709 3588 739 3655 6.
755 3592 842 3653 Rom.
861 3588 891 3664 8,
908 3588 963 3655 23.
981 3597 1073 3666 Δ)
1089 3592 1179 3651 Hom.
1199 3589 1289 3659 Quod
1308 3591 1394 3648 Deus
1415 3586 1559 3649 nonsit

334 3689 441 3743 auctor
456 3682 617 3741 malorum.
634 3701 664 3740 n.
683 3684 711 3741 6.
729 3678 810 3761 Opp.
829 3678 868 3744 Τ.
887 3679 916 3744 2.
933 3703 964 3762 p.
990 3678 1043 3743 79.
1062 3716 1104 3727 --
1126 3684 1156 3760 ⁸)
1175 3681 1260 3741 Orat.
1277 3683 1327 3740 42.
1346 3676 1430 3760 Opp.
1446 3675 1488 3742 Τ.
1505 3676 1544 3744 1.

335 3795 360 3838 c.
376 3768 451 3835 604.
470 3807 511 3818 -
530 3773 558 3848 ⁴)
574 3775 624 3832 De
641 3774 727 3835 odor.
748 3771 783 3831 in
802 3773 880 3847 spir.
905 3779 934 3832 ct
951 3773 1037 3837 uerit.
1059 3775 1079 3834 l.
1103 3776 1132 3837 1.
1154 3769 1235 3851 Opp.
1259 3767 1297 3834 T.
1322 3767 1353 3833 1.
1373 3790 1406 3849 p.
1429 3766 1462 3832 9.
1487 3768 1541 3832 Of.

334 3867 375 3926 In
412 3865 505 3925 Joan.
547 3864 567 3922 l.
599 3863 628 3924 5.
656 3883 680 3922 c.
713 3867 741 3925 2.
776 3859 814 3924 Τ.
845 3861 878 3924 4.
906 3884 937 3943 p.
966 3860 1043 3928 472.
1076 3865 1096 3924 l.
1128 3865 1156 3923 9.
1197 3882 1223 3926 c.
1255 3864 1283 3922 l.
1315 3881 1346 3940 p.
1381 3856 1457 3923 731.
1490 3893 1546 3907 --

335 3952 362 4041 6)
393 3957 441 4014 De
456 3953 586 4029 patient.
610 3974 643 4013 n.
674 3955 703 4016 5.
727 3950 808 4033 Opp.
835 3955 873 4015 V.
909 3955 937 4016 1.
972 3975 1003 4034 p.
1034 3951 1111 4016 221.
1137 3956 1321 4013 Innocens
1357 3958 1426 4011 erat
1451 3952 1539 4031 Ado-

334 4067 417 4119 mus,
457 4052 485 4105 et
510 4047 587 4104 Deo
618 4047 661 4104 dc
686 4045 864 4119 prouimo
890 4045 1053 4116 amicus,
1085 4051 1112 4104 et
1138 4042 1289 4118 paradisi
1315 4043 1448 4102 colonus.
1496 4042 1544 4102 Ac

334 4137 387 4199 ubi
407 4138 497 4196 semei
511 4134 641 4196 succidit
659 4134 880 4210 impatientiae,
914 4135 1024 4195 desivit
1042 4136 1118 4194 Deo
1139 4153 1283 4208 sapere,
1322 4132 1435 4193 desivit
1457 4146 1532 4192 coc·

335 4226 447 4289 iestia
470 4225 659 4288 sustinere
681 4245 803 4301 posse.
826 4261 868 4272 -
885 4229 912 4303 ⁶)
934 4226 1037 4301 Epist.
1061 4229 1110 4290 74.
1131 4245 1163 4290 n.
1188 4227 1219 4286 5.
1240 4224 1278 4285 V.
1307 4222 1335 4287 l.
1357 4244 1388 4303 p.
1415 4219 1484 4285 230
1508 4242 1532 4284 s.

334 4319 395 4381 Ubi
411 4319 536 4397 exponit
550 4318 645 4378 verbs
660 4317 712 4377 illo
729 4316 900 4378 Gcncsoos:
917 4316 1093 4392 Inspiraoit
1100 4316 1135 4374 in
1144 4314 1263 4394 facicm
1270 4316 1335 4393 ejus
1343 4312 1531 4389 spiraculum

334 4409 426 4484 vitae,
443 4409 481 4468 do
502 4408 600 4487 gratia
621 4408 751 4487 Spiritus
769 4407 810 4479 S„
829 4407 930 4468 aDco
952 4408 1131 4468 inanimam
1152 4405 1239 4486 primi
1258 4405 1393 4485 parentis
1423 4405 1529 4466 intusa.

335 4501 417 4561 Alibi
432 4507 534 4559 autem
550 4501 586 4558 de
602 4501 677 4558 bono
692 4499 822 4574 patient.
838 4519 869 4563 n.
886 4501 935 4560 16.
953 4502 983 4558 4.
1001 4499 1039 4563 V.
1056 4495 1087 4559 2.
1103 4519 1134 4578 p.
1153 4494 1228 4561 160.
1251 4493 1325 4557 152.
1343 4495 1453 4569 Adam,
1475 4496 1530 4568 sit,

335 4598 440 4676 contro
457 4592 576 4650 coeleste
585 4597 781 4666 praeceptum
796 4589 857 4650 cibi
873 4589 971 4649 letalis
987 4589 1148 4667 impatiens
1158 4587 1193 4646 ia
1208 4593 1331 4647 mortem
1345 4585 1462 4657 cecidit,
1479 4605 1532 4646 nec

335 4688 519 4758 acceptam
536 4680 724 4741 diuinitus
738 4680 905 4757 qratiam
918 4679 1068 4758 patientia
1083 4681 1204 4739 custode
1219 4677 1361 4738 servavit.
1379 4675 1485 4758 Atque
1500 4696 1531 4738 m

294 4787 296 4791 ·
335 4775 364 4833 4.
381 4769 492 4853 p.152.
510 4771 563 4834 Sic
578 4772 766 4851 perfectos
782 4771 865 4831 dimit
880 4771 1062 4850 (Dominus)
1072 4769 1147 4846 sieri
1162 4768 1236 4829 Dei
1245 4767 1373 4846 filios,
1389 4767 1435 4827 sic
1451 4787 1531 4828 coa·

336 4863 513 4925 summani
533 4863 664 4925 ostendit
682 4868 710 4924 et
729 4861 834 4924 docuit
858 4861 1010 4922 coelesti
1032 4860 1236 4922 nativitate
1256 4865 1475 4938 reparatos,
1504 4858 1533 4919 si
