3775 5625
1480 450 1544 519 347

352 631 422 684 lem
446 617 578 693 Christi,
605 618 649 683 ite
671 630 704 682 ut
723 618 751 683 si
774 621 854 683 haec
870 618 1018 683 doctrina
1034 640 1111 682 vera
1126 639 1190 682 non
1207 631 1308 692 esset,
1325 620 1364 682 de
1380 616 1546 682 infallibili-

353 741 422 794 tate
454 749 493 793 ac
522 727 790 793 indefectibilitate
828 728 993 793 Ecclesiae
1026 727 1284 792 manifestissime
1316 729 1547 794 conclamatum

354 860 432 904 esse
450 840 652 904 statuendum
668 850 764 903 esset.

467 947 613 1013 Christus
630 960 735 1011 antem
751 968 811 1031 pro
830 947 922 1013 nobis
939 946 1110 1021 satisfecit,
1142 960 1235 1033 atque
1258 960 1369 1011 noster
1386 948 1548 1013 Sacerdos

355 1057 492 1132 exstitit,
509 1071 675 1143 quatenus,
693 1071 840 1142 utsupra
857 1056 1010 1131 diximus,
1029 1069 1062 1120 ut
1077 1058 1279 1122 Deus-homo
1297 1057 1474 1121 voluntarie
1490 1056 1547 1122 ie.

354 1168 459 1233 libera
489 1169 650 1232 voluntate
668 1188 728 1231 sua
741 1167 878 1230 humana
894 1165 926 1230 in
943 1179 1055 1230 natura
1078 1167 1214 1231 humana
1237 1189 1297 1251 pro
1322 1165 1415 1231 nobis
1431 1187 1548 1251 passus

355 1299 396 1343 ee
413 1288 558 1341 mortuus
583 1288 649 1348 est;
674 1297 755 1363 ergo
788 1296 889 1360 neque
921 1274 1068 1359 praecise
1085 1295 1145 1361 qua
1161 1275 1263 1349 Deus,
1280 1274 1299 1339 i.
1318 1297 1344 1339 e.
1362 1288 1474 1340 natura
1490 1297 1549 1340 sue

356 1385 477 1461 divitia,
502 1398 535 1449 ut
551 1386 786 1450 contendebant
817 1384 1021 1468 Eutychiani,
1045 1397 1077 1448 et
1100 1383 1195 1449 etiam
1228 1385 1415 1459 Lutherani,
1447 1407 1547 1471 neque

355 1495 503 1581 praecise
521 1516 581 1581 qua
596 1496 709 1569 homo,
726 1494 769 1558 uti
786 1496 988 1558 etrtnmabant
1004 1493 1204 1567 Nestoriani,
1227 1496 1298 1569 sed,
1315 1507 1410 1579 prout
1426 1495 1546 1559 monui·

356 1627 446 1679 mus,
463 1618 620 1691 tamqnam
635 1606 846 1678 Deus-homo,
864 1617 1018 1690 quatenus
1036 1604 1159 1668 scilicet
1175 1603 1366 1668 sacrificium
1382 1604 1457 1668 illud
1474 1627 1546 1689 pro·

355 1713 552 1799 pitiatorium
577 1712 697 1779 Christi
718 1726 767 1777 est
783 1735 801 1777 a
817 1735 958 1799 personna
983 1712 1087 1777 divina
1108 1712 1270 1778 innatum
1293 1716 1428 1778 humana
1444 1726 1476 1778 et
1491 1734 1549 1799 per

355 1837 503 1888 naturam
519 1826 687 1887 humanam
711 1836 892 1908 peractum,
916 1823 961 1888 ite
977 1837 1025 1898 nt,
1043 1823 1069 1888 si
1088 1844 1159 1887 cnm
1177 1825 1287 1888 schola
1304 1823 1388 1909 loqui
1404 1823 1549 1897 velimus,

354 1947 471 1999 nature
485 1935 622 1998 humana
645 1934 784 2018 spectari
809 1936 923 1999 debeat
939 1947 974 1999 ut
990 1932 1195 2018 principium,
1220 1956 1287 2018 per
1311 1936 1408 2020 qnod
1434 1932 1549 1997 officiis

355 2042 610 2109 sacerdotalibus
642 2044 827 2128 perfunctus
844 2057 909 2117 est,
926 2057 958 2108 et
974 2044 1077 2107 adhue
1100 2043 1315 2130 perfungitur,
1333 2044 1472 2107 Verbum
1495 2063 1547 2106 sn·

355 2167 420 2219 tem
437 2152 576 2217 divinum
609 2153 813 2238 principium,
846 2155 948 2240 qnod
973 2151 1117 2217 actiones
1132 2151 1202 2217 illas
1220 2155 1439 2217 sacerdotales
1455 2172 1547 2217 exse·

354 2264 421 2329 ruit
436 2277 470 2328 et
484 2263 615 2337 exserit,
631 2263 733 2349 iisqne
749 2263 903 2327 infinitam
920 2262 1107 2349 dignitatem
1124 2284 1162 2326 ac
1179 2262 1313 2347 pretinm
1332 2262 1449 2327 tribuit.
1467 2263 1547 2340 Qua·

353 2385 490 2459 propter
522 2375 740 2458 Apostolus
773 2372 831 2437 ait:
867 2375 960 2436 Unus
982 2376 1084 2453 Deus,
1103 2394 1189 2435 unus
1205 2384 1237 2435 el
1251 2378 1409 2435 mediator·
1425 2374 1500 2451 Ilei,
1519 2384 1550 2435 et

352 2487 522 2547 homimum
538 2486 648 2545 homo
680 2476 843 2563 (ὑπόστασι
859 2481 964 2546 divina
981 2481 1177 2561 subsistens)
1206 2483 1397 2545 Christus
1412 2483 1549 2556 Jesus,

349 2598 411 2673 φα·
428 2599 517 2656 dedit
530 2599 758 2655 redemtionem
775 2599 978 2672 semetipsum
992 2613 1053 2672 pro
1073 2598 1219 2656 omnibus
1233 2594 1267 2670 ¹).
1292 2590 1547 2675 Epiphanius:

348 2709 474 2781 Itaque
501 2708 667 2780 patibilem
697 2724 757 2765 nos
784 2703 952 2765 Christum
979 2708 1222 2780 praedicamus:
1241 2738 1282 2749 -υ
1299 2722 1422 2781 neque
1446 2710 1552 2780 pund

345 2820 465 2880 aliua
489 2819 541 2876 sil
563 2835 583 2876 a
604 2819 786 2892 patiente
809 2816 1021 2893 Dominus,
1046 2834 1172 2893 meque
1196 2819 1298 2891 quod
1319 2818 1457 2874 divine
1480 2832 1547 2874 ne·

345 2938 445 2989 tura
466 2944 586 3002 passa
610 2928 669 2985 sit.
686 2957 730 2970 —-
750 2923 845 2998 Quod
867 2928 952 2984 enim
979 2923 1132 2985 Christus
1155 2934 1272 2986 mostra
1287 2943 1386 2985 causa
1401 2933 1549 2985 mortuus

347 3041 412 3115 sic,
432 3054 572 3111 vereque
586 3044 750 3112 mortuus,
768 3054 844 3094 mom
860 3038 901 3094 in
917 3038 1169 3095 divinitatem
1184 3052 1286 3094 mors
1302 3037 1374 3093 illa
1391 3036 1548 3094 cecidit:

346 3151 425 3208 sed
446 3148 486 3204 im
510 3163 630 3203 corne
653 3154 835 3206 mortuus
859 3143 966 3218 θεῖ’).
999 3143 1041 3204 Et
1066 3141 1183 3206 Cone.
1210 3141 1268 3205 ΟΡ.
1286 3140 1323 3203 ll.
1341 3160 1367 3203 a.
1385 3137 1477 3203 553:
1510 3139 1551 3202 st

345 3259 432 3335 puis
448 3272 515 3314 mon
531 3254 714 3333 comitetur,
732 3255 837 3315 Dom.
863 3274 894 3313 n.
920 3253 1057 3315 Iesum
1083 3254 1303 3324 Christum,
1329 3256 1397 3329 peti
1420 3255 1549 3312 cruct-

343 3370 477 3440 fimus
500 3373 562 3424 est
583 3381 721 3444 carne,
747 3364 867 3424 Deum
890 3382 974 3424 esse
1002 3383 1149 3435 nerum,
1175 3373 1212 3424 el
1234 3350 1439 3423 Dominum
1460 3365 1549 3438 qlo-

345 3480 464 3538 riae:
482 3509 525 3520 —
542 3477 618 3535 talia
633 3476 803 3537 anathema
819 3476 909 3551 sit³).

347 3627 630 3643 *ιιι-...-

467 3711 491 3792 ¹)
514 3710 541 3772 1.
559 3714 639 3773 Tim.
657 3710 688 3794 2,
705 3709 734 3774 5.
755 3714 842 3790 —²)
859 3715 1009 3775 Haemll.
1027 3733 1056 3774 n.
1074 3714 1124 3772 32.
1143 3709 1223 3791 Opp.
1241 3711 1279 3770 T.
1298 3706 1326 3770 1.
1344 3731 1373 3790 9.
1393 3706 1550 3771 1026.—

350 3803 380 3893 3)
399 3805 462 3866 An.
482 3808 530 3864 10.
549 3805 931 3876 Mensi,00ll.00nc.'1'.
950 3804 979 3867 9.
998 3825 1023 3865 c.
1041 3800 1116 3865 383.
1135 3802 1180 3862 Of.
1199 3800 1308 3866 Olem.
1324 3803 1421 3862 Rom.
1440 3804 1468 3862 1.
1480 3802 1551 3866 Cor.

347 3921 380 3960 n.
403 3901 433 3957 7.
452 3894 617 3959 Ooteler.
634 3899 703 3956 ΡΡ.
720 3918 769 3973 ap.
793 3896 921 3957 Amstel.
942 3893 1038 3958 1724.
1058 3895 1093 3954 V.
1112 3891 1142 3955 l.
1158 3915 1189 3973 p.
1209 3889 1284 3956 152.
1309 3892 1339 3954 J.
1358 3891 1550 3971 Chrysosl.

346 3994 392 4051 In
413 3988 507 4048 Hebr.
524 3989 601 4047 hom.
621 3989 668 4048 16.
686 4008 716 4048 o.
735 3992 763 4047 1.
791 3985 870 4068 Opp.
888 3989 925 4048 Τ.
947 3984 997 4048 12.
1014 4008 1044 4067 9.
1064 3981 1139 4050 158.
1164 3983 1294 4064 Oyritl.
1318 3984 1404 4058 Apol.
1423 4002 1484 4058 pro
1502 3987 1550 4044 12.

346 4078 449 4159 capit.
466 4078 592 4154 Defens.
612 4099 636 4139 c.
654 4081 702 4140 10.
728 4076 809 4157 099.
826 4080 864 4140 Τ.
882 4075 911 4140 6.
929 4078 965 4138 Ρ.
985 4076 1013 4139 1.
1031 4099 1060 4158 9.
1080 4073 1143 4139 186
1161 4097 1200 4135 ss.
1218 4084 1248 4135 et
1265 4075 1304 4135 al.
1326 4073 1492 4135 Ambros.
1511 4077 1552 4134 Im

344 4175 432 4234 Duc.
449 4171 470 4230 l.
488 4172 536 4230 10.
553 4189 583 4229 n.
602 4172 651 4229 68.
685 4168 765 4250 Opp.
791 4169 829 4229 Τ.
849 4166 877 4231 l.
895 4191 919 4230 c.
939 4165 1034 4231 1519.
1067 4167 1262 4247 Angustin.
1279 4168 1326 4224 De
1341 4185 1420 4244 pecc.
1438 4164 1550 4242 eripio.

344 4268 367 4326 l.
388 4267 424 4323 2.
442 4280 467 4322 c.
484 4263 533 4321 28.
549 4281 579 4321 n.
596 4263 646 4320 33.
666 4259 744 4341 Opp.
762 4261 800 4320 Τ.
820 4256 870 4322 10.
888 4280 913 4324 c.
931 4257 1007 4322 268.
1026 4261 1115 4336 Oomf.
1133 4261 1151 4320 l.
1169 4263 1219 4319 10.
1238 4277 1262 4315 c.
1280 4260 1332 4317 43.
1350 4277 1379 4318 m.
1398 4259 1447 4319 68.
1465 4257 1503 4318 T.
1520 4254 1549 4318 l.

344 4378 373 4416 c.
396 4347 476 4414 194.
492 4354 540 4410 De
558 4351 666 4414 Trinil.
684 4355 703 4413 l.
722 4355 749 4412 1.
768 4372 792 4410 c.
812 4355 838 4413 7.
855 4373 885 4413 n.
904 4354 953 4414 14.
971 4353 1009 4412 Τ.
1028 4348 1058 4412 8.
1078 4372 1104 4409 c.
1125 4345 1198 4410 757.
1217 4357 1272 4408 etc.
1296 4349 1371 4406 Leo
1388 4348 1428 4408 M.
1447 4348 1550 4425 Epist.

344 4449 404 4508 24.
425 4444 468 4502 ad
483 4443 623 4502 blaviam.
641 4464 664 4505 c.
682 4446 710 4502 5.
730 4443 805 4523 Opp.
824 4465 852 4524 p.
862 4440 937 4504 245.
953 4443 1126 4521 Fulgent.
1143 4444 1321 4500 Delncam.
1340 4445 1368 4499 el
1380 4446 1458 4516 psal.
1478 4439 1550 4503 Otr.

344 4560 374 4598 e.
398 4537 452 4594 14.
486 4532 705 4614 0999413.
736 4536 938 4597 Benevent.
964 4535 983 4592 l.
1009 4536 1038 4594 3.
1071 4533 1151 4593 Sem.
1170 4536 1199 4591 ol.
1218 4534 1267 4594 19.
1285 4552 1312 4592 a.
1330 4535 1358 4590 2.
1378 4552 1406 4607 q.
1424 4529 1454 4592 2.
1472 4528 1549 4610 099.

343 4628 437 4690 Ven.
457 4620 541 4685 1751
561 4645 601 4686 ss.
620 4621 657 4686 T.
676 4624 705 4687 3.
723 4647 753 4705 p.
771 4622 838 4686 410
854 4647 893 4687 ss.
926 4625 1048 4686 Th‘om.
1074 4629 1105 4688 3.
1122 4646 1152 4701 9.
1179 4644 1207 4698 q.
1226 4624 1278 4686 26.
1303 4642 1330 4686 a.
1349 4627 1378 4684 2.
1412 4621 1490 4701 Opp.
1508 4620 1549 4680 th.

344 4713 459 4781 T.24.
471 4736 500 4795 p.
511 4712 573 4778 163
583 4737 607 4777 s.
625 4714 734 4778 (lonc.
751 4716 893 4798 Hispal.
911 4716 953 4776 II.
972 4738 1000 4781 a.
1018 4711 1093 4779 657.
1110 4736 1133 4777 c.
1147 4718 1198 4775 13.
1215 4715 1348 4788 Mansi,
1366 4714 1441 4775 Ootl.
1460 4712 1549 4774 Oeno.

344 4812 391 4872 Τ.
415 4803 470 4871 10.
486 4827 511 4865 c.
528 4803 603 4868 536.
622 4805 656 4868 O.
673 4808 712 4869 V.
745 4806 862 4888 hlllpr,
887 4808 947 4873 mie
965 4807 1053 4887 §tetre
1071 4807 1119 4869 ber
1135 4805 1235 4887 birche
1253 4803 1550 4882 nonsummum

345 4904 408 4968 hm
427 4899 517 4978 ersten
534 4898 593 4962 lm
608 4898 720 4979 zebet.
738 4899 790 4964 mit
805 4898 971 4979 belemetet
995 4895 1260 4981 Qetloeltltlmtss
1285 4896 1334 4963 let
1350 4894 1439 4977 belm
1456 4908 1485 4962 e.
1502 4894 1550 4968 lm
