<?xml version="1.0" encoding="UTF-8"?>
<!DOCTYPE html PUBLIC "-//W3C//DTD XHTML 1.0 Transitional//EN"
    "http://www.w3.org/TR/xhtml1/DTD/xhtml1-transitional.dtd">
<html xmlns="http://www.w3.org/1999/xhtml" xml:lang="en" lang="en">
 <head>
  <title>
</title>
<meta http-equiv="Content-Type" content="text/html;charset=utf-8" />
  <meta name='ocr-system' content='tesseract 3.04.00' />
  <meta name='ocr-capabilities' content='ocr_page ocr_carea ocr_par ocr_line ocrx_word'/>
</head>
<body>
  <div class='ocr_page' id='page_1' title='image "./theologiadogmat00schwgoog/theologiadogmat00schwgoog_0535.png"; bbox 0 0 3775 5625; ppageno 0'>
   <div class='ocr_carea' id='block_1_1' title="bbox 1474 418 1542 486">
    <p class='ocr_par' dir='ltr' id='par_1_1' title="bbox 1474 418 1542 486">
     <span class='ocr_line' id='line_1_1' title="bbox 1474 418 1542 486; baseline 0.015 -1"><span class='ocrx_word' id='word_1_1' title='bbox 1474 418 1542 486; x_wconf 79' lang='lat' dir='ltr'><strong>tto</strong></span> 
     </span>
    </p>
   </div>
   <div class='ocr_carea' id='block_1_2' title="bbox 351 578 1540 866">
    <p class='ocr_par' dir='ltr' id='par_1_2' title="bbox 351 578 1540 866">
     <span class='ocr_line' id='line_1_2' title="bbox 351 578 1540 670; baseline 0.004 -25"><span class='ocrx_word' id='word_1_2' title='bbox 351 583 571 665; x_wconf 76' lang='lat' dir='ltr'>praebeamus,</span> <span class='ocrx_word' id='word_1_3' title='bbox 601 579 748 644; x_wconf 88' lang='lat' dir='ltr'><strong>videntur</strong></span> <span class='ocrx_word' id='word_1_4' title='bbox 770 601 831 643; x_wconf 88' lang='lat' dir='ltr'><strong>nos</strong></span> <span class='ocrx_word' id='word_1_5' title='bbox 859 578 1030 664; x_wconf 84' lang='lat' dir='ltr'><strong>prohibere</strong></span> <span class='ocrx_word' id='word_1_6' title='bbox 1047 580 1168 646; x_wconf 88' lang='lat' dir='ltr'><strong>diserta</strong></span> <span class='ocrx_word' id='word_1_7' title='bbox 1184 586 1218 647; x_wconf 84' lang='lat' dir='ltr'><strong>S.</strong></span> <span class='ocrx_word' id='word_1_8' title='bbox 1236 583 1422 670; x_wconf 76' lang='lat' dir='ltr'><strong>scripturae</strong></span> <span class='ocrx_word' id='word_1_9' title='bbox 1451 583 1540 650; x_wconf 89' lang='lat' dir='ltr'><strong>testi·</strong></span> 
     </span>
     <span class='ocr_line' id='line_1_3' title="bbox 353 690 1540 778; baseline 0.003 -22"><span class='ocrx_word' id='word_1_10' title='bbox 353 691 468 767; x_wconf 89' lang='lat' dir='ltr'><strong>monia,</strong></span> <span class='ocrx_word' id='word_1_11' title='bbox 484 690 579 756; x_wconf 84' lang='lat' dir='ltr'><strong>effata</strong></span> <span class='ocrx_word' id='word_1_12' title='bbox 595 693 654 755; x_wconf 84' lang='lat' dir='ltr'><strong>SS.</strong></span> <span class='ocrx_word' id='word_1_13' title='bbox 670 692 811 765; x_wconf 91' lang='lat' dir='ltr'><strong>Patrum,</strong></span> <span class='ocrx_word' id='word_1_14' title='bbox 828 711 968 755; x_wconf 92' lang='lat' dir='ltr'><strong>necnon</strong></span> <span class='ocrx_word' id='word_1_15' title='bbox 986 691 1158 756; x_wconf 79' lang='lat' dir='ltr'><strong>declaratio</strong></span> <span class='ocrx_word' id='word_1_16' title='bbox 1175 692 1276 778; x_wconf 91' lang='lat' dir='ltr'><strong>ipsius</strong></span> <span class='ocrx_word' id='word_1_17' title='bbox 1294 694 1429 760; x_wconf 70' lang='lat' dir='ltr'><strong>concilii</strong></span> <span class='ocrx_word' id='word_1_18' title='bbox 1445 716 1540 760; x_wconf 91' lang='lat' dir='ltr'><strong>oecu-</strong></span> 
     </span>
     <span class='ocr_line' id='line_1_4' title="bbox 353 799 744 866; baseline -0.005 -3"><span class='ocrx_word' id='word_1_19' title='bbox 353 800 467 866; x_wconf 91' lang='lat' dir='ltr'><strong>menici</strong></span> <span class='ocrx_word' id='word_1_20' title='bbox 483 799 592 864; x_wconf 88' lang='lat' dir='ltr'><strong>ultimi.</strong></span> <span class='ocrx_word' id='word_1_21' title='bbox 616 799 744 864; x_wconf 80' lang='lat' dir='ltr'><strong>Etenim</strong></span> 
     </span>
    </p>
   </div>
   <div class='ocr_carea' id='block_1_3' title="bbox 348 925 1545 1887">
    <p class='ocr_par' dir='ltr' id='par_1_3' title="bbox 348 925 1545 1887">
     <span class='ocr_line' id='line_1_5' title="bbox 457 925 1541 1015; baseline 0.005 -24"><span class='ocrx_word' id='word_1_22' title='bbox 457 932 497 992; x_wconf 83' lang='lat' dir='ltr'><strong>A.</strong></span> <span class='ocrx_word' id='word_1_23' title='bbox 520 928 604 1013; x_wconf 87' lang='lat' dir='ltr'><strong>quod</strong></span> <span class='ocrx_word' id='word_1_24' title='bbox 629 928 669 990; x_wconf 90' lang='lat' dir='ltr'><strong>ad</strong></span> <span class='ocrx_word' id='word_1_25' title='bbox 691 930 752 991; x_wconf 84' lang='lat' dir='ltr'><strong>SS.</strong></span> <span class='ocrx_word' id='word_1_26' title='bbox 772 925 950 991; x_wconf 82' lang='lat' dir='ltr'><strong>Litteras</strong></span> <span class='ocrx_word' id='word_1_27' title='bbox 972 926 1099 991; x_wconf 85' lang='lat' dir='ltr'><strong>attinet:</strong></span> <span class='ocrx_word' id='word_1_28' title='bbox 1123 929 1182 992; x_wconf 89' lang='lat' dir='ltr'><strong>hae</strong></span> <span class='ocrx_word' id='word_1_29' title='bbox 1200 928 1294 993; x_wconf 90' lang='lat' dir='ltr'><strong>nobis</strong></span> <span class='ocrx_word' id='word_1_30' title='bbox 1311 930 1427 1015; x_wconf 76' lang='lat' dir='ltr'><strong>urbique</strong></span> <span class='ocrx_word' id='word_1_31' title='bbox 1443 930 1541 996; x_wconf 90' lang='lat' dir='ltr'><strong>incul-</strong></span> 
     </span>
     <span class='ocr_line' id='line_1_6' title="bbox 352 1036 1543 1125; baseline 0.003 -24"><span class='ocrx_word' id='word_1_32' title='bbox 352 1047 437 1110; x_wconf 88' lang='lat' dir='ltr'><strong>cant,</strong></span> <span class='ocrx_word' id='word_1_33' title='bbox 459 1050 494 1102; x_wconf 92' lang='lat' dir='ltr'><strong>ut</strong></span> <span class='ocrx_word' id='word_1_34' title='bbox 516 1038 625 1101; x_wconf 88' lang='lat' dir='ltr'><strong>sedula</strong></span> <span class='ocrx_word' id='word_1_35' title='bbox 647 1036 792 1101; x_wconf 86' lang='lat' dir='ltr'><strong>oratione</strong></span> <span class='ocrx_word' id='word_1_36' title='bbox 815 1036 909 1101; x_wconf 87' lang='lat' dir='ltr'><strong>nobis</strong></span> <span class='ocrx_word' id='word_1_37' title='bbox 932 1036 1071 1124; x_wconf 85' lang='lat' dir='ltr'><strong>gratiam</strong></span> <span class='ocrx_word' id='word_1_38' title='bbox 1088 1039 1307 1103; x_wconf 84' lang='lat' dir='ltr'><strong>necessariam</strong></span> <span class='ocrx_word' id='word_1_39' title='bbox 1323 1039 1543 1125; x_wconf 86' lang='lat' dir='ltr'><strong>impetremus,</strong></span> 
     </span>
     <span class='ocr_line' id='line_1_7' title="bbox 350 1146 1541 1233; baseline 0.003 -22"><span class='ocrx_word' id='word_1_40' title='bbox 350 1147 438 1232; x_wconf 82' lang='lat' dir='ltr'><strong>quod</strong></span> <span class='ocrx_word' id='word_1_41' title='bbox 451 1146 617 1211; x_wconf 87' lang='lat' dir='ltr'><strong>manifeste</strong></span> <span class='ocrx_word' id='word_1_42' title='bbox 633 1146 831 1231; x_wconf 82' lang='lat' dir='ltr'><strong>superfluum</strong></span> <span class='ocrx_word' id='word_1_43' title='bbox 847 1159 951 1221; x_wconf 89' lang='lat' dir='ltr'><strong>esset,</strong></span> <span class='ocrx_word' id='word_1_44' title='bbox 968 1146 995 1209; x_wconf 90' lang='lat' dir='ltr'><strong>si</strong></span> <span class='ocrx_word' id='word_1_45' title='bbox 1012 1146 1118 1233; x_wconf 84' lang='lat' dir='ltr'><strong>gratia</strong></span> <span class='ocrx_word' id='word_1_46' title='bbox 1134 1147 1299 1212; x_wconf 87' lang='lat' dir='ltr'><strong>sufficiens</strong></span> <span class='ocrx_word' id='word_1_47' title='bbox 1320 1150 1468 1233; x_wconf 87' lang='lat' dir='ltr'><strong>proxima</strong></span> <span class='ocrx_word' id='word_1_48' title='bbox 1484 1173 1541 1215; x_wconf 93' lang='lat' dir='ltr'><strong>no·</strong></span> 
     </span>
     <span class='ocr_line' id='line_1_8' title="bbox 351 1254 1541 1345; baseline 0.004 -25"><span class='ocrx_word' id='word_1_49' title='bbox 351 1255 402 1320; x_wconf 88' lang='lat' dir='ltr'><strong>bis</strong></span> <span class='ocrx_word' id='word_1_50' title='bbox 420 1276 545 1341; x_wconf 86' lang='lat' dir='ltr'><strong>semper</strong></span> <span class='ocrx_word' id='word_1_51' title='bbox 561 1268 692 1340; x_wconf 90' lang='lat' dir='ltr'><strong>praesto</strong></span> <span class='ocrx_word' id='word_1_52' title='bbox 709 1267 806 1319; x_wconf 88' lang='lat' dir='ltr'><strong>esset.</strong></span> <span class='ocrx_word' id='word_1_53' title='bbox 848 1254 904 1319; x_wconf 88' lang='lat' dir='ltr'><strong>Sic</strong></span> <span class='ocrx_word' id='word_1_54' title='bbox 921 1254 1112 1321; x_wconf 83' lang='lat' dir='ltr'><strong>Christus</strong></span> <span class='ocrx_word' id='word_1_55' title='bbox 1128 1257 1322 1323; x_wconf 87' lang='lat' dir='ltr'><strong>Dominus</strong></span> <span class='ocrx_word' id='word_1_56' title='bbox 1338 1259 1382 1323; x_wconf 89' lang='lat' dir='ltr'><strong>ait</strong></span> <span class='ocrx_word' id='word_1_57' title='bbox 1400 1261 1440 1323; x_wconf 90' lang='lat' dir='ltr'><strong>ad</strong></span> <span class='ocrx_word' id='word_1_58' title='bbox 1455 1263 1541 1345; x_wconf 91' lang='lat' dir='ltr'><strong>Apo·</strong></span> 
     </span>
     <span class='ocr_line' id='line_1_9' title="bbox 351 1367 1545 1448; baseline 0.003 -18"><span class='ocrx_word' id='word_1_59' title='bbox 351 1367 473 1431; x_wconf 88' lang='lat' dir='ltr'><strong>stoios:</strong></span> <span class='ocrx_word' id='word_1_60' title='bbox 501 1369 651 1446; x_wconf 73' lang='lat' dir='ltr'><strong>Viqilate,</strong></span> <span class='ocrx_word' id='word_1_61' title='bbox 676 1376 709 1429; x_wconf 85' lang='lat' dir='ltr'><strong>et</strong></span> <span class='ocrx_word' id='word_1_62' title='bbox 728 1375 856 1445; x_wconf 86' lang='lat' dir='ltr'><strong>orate,</strong></span> <span class='ocrx_word' id='word_1_63' title='bbox 881 1374 1004 1428; x_wconf 84' lang='lat' dir='ltr'><strong>utnon</strong></span> <span class='ocrx_word' id='word_1_64' title='bbox 1026 1374 1157 1430; x_wconf 78' lang='lat' dir='ltr'><strong>intretis</strong></span> <span class='ocrx_word' id='word_1_65' title='bbox 1172 1378 1207 1430; x_wconf 78' lang='lat' dir='ltr'><strong>in</strong></span> <span class='ocrx_word' id='word_1_66' title='bbox 1223 1374 1478 1448; x_wconf 58' lang='lat' dir='ltr'><strong>tentationem).</strong></span> <span class='ocrx_word' id='word_1_67' title='bbox 1502 1371 1545 1434; x_wconf 86' lang='lat' dir='ltr'><strong>Et</strong></span> 
     </span>
     <span class='ocr_line' id='line_1_10' title="bbox 348 1475 1543 1558; baseline 0.003 -20"><span class='ocrx_word' id='word_1_68' title='bbox 348 1475 483 1540; x_wconf 82' lang='lat' dir='ltr'><strong>iterum:</strong></span> <span class='ocrx_word' id='word_1_69' title='bbox 513 1479 663 1550; x_wconf 83' lang='lat' dir='ltr'><strong>Petite,</strong></span> <span class='ocrx_word' id='word_1_70' title='bbox 690 1483 723 1536; x_wconf 86' lang='lat' dir='ltr'><strong>et</strong></span> <span class='ocrx_word' id='word_1_71' title='bbox 763 1477 895 1537; x_wconf 77' lang='lat' dir='ltr'><strong>dabitur</strong></span> <span class='ocrx_word' id='word_1_72' title='bbox 917 1477 1025 1537; x_wconf 75' lang='lat' dir='ltr'><strong>votis:</strong></span> <span class='ocrx_word' id='word_1_73' title='bbox 1074 1484 1272 1558; x_wconf 80' lang='lat' dir='ltr'><strong>quaerite,</strong></span> <span class='ocrx_word' id='word_1_74' title='bbox 1301 1486 1333 1540; x_wconf 81' lang='lat' dir='ltr'><strong>et</strong></span> <span class='ocrx_word' id='word_1_75' title='bbox 1360 1486 1543 1542; x_wconf 73' lang='lat' dir='ltr'><strong>invenietis:</strong></span> 
     </span>
     <span class='ocr_line' id='line_1_11' title="bbox 352 1586 1545 1670; baseline 0.002 -21"><span class='ocrx_word' id='word_1_76' title='bbox 352 1594 388 1649; x_wconf 84' lang='lat' dir='ltr'><strong>et</strong></span> <span class='ocrx_word' id='word_1_77' title='bbox 413 1587 592 1668; x_wconf 76' lang='lat' dir='ltr'><strong>pulsate,</strong></span> <span class='ocrx_word' id='word_1_78' title='bbox 626 1592 659 1646; x_wconf 87' lang='lat' dir='ltr'><strong>et</strong></span> <span class='ocrx_word' id='word_1_79' title='bbox 686 1591 854 1666; x_wconf 80' lang='lat' dir='ltr'><strong>aperietur</strong></span> <span class='ocrx_word' id='word_1_80' title='bbox 874 1586 1009 1666; x_wconf 61' lang='lat' dir='ltr'><strong>votae).</strong></span> <span class='ocrx_word' id='word_1_81' title='bbox 1038 1587 1141 1670; x_wconf 80' lang='lat' dir='ltr'><strong>Atque</strong></span> <span class='ocrx_word' id='word_1_82' title='bbox 1162 1586 1320 1650; x_wconf 85' lang='lat' dir='ltr'><strong>Paulus:</strong></span> <span class='ocrx_word' id='word_1_83' title='bbox 1338 1589 1379 1649; x_wconf 84' lang='lat' dir='ltr'><strong>In</strong></span> <span class='ocrx_word' id='word_1_84' title='bbox 1396 1591 1545 1651; x_wconf 78' lang='lat' dir='ltr'><strong>omnibus</strong></span> 
     </span>
     <span class='ocr_line' id='line_1_12' title="bbox 348 1696 1545 1779; baseline 0.001 -20"><span class='ocrx_word' id='word_1_85' title='bbox 348 1703 517 1759; x_wconf 77' lang='lat' dir='ltr'><strong>eumentes</strong></span> <span class='ocrx_word' id='word_1_86' title='bbox 535 1702 665 1757; x_wconf 84' lang='lat' dir='ltr'><strong>acutum</strong></span> <span class='ocrx_word' id='word_1_87' title='bbox 682 1696 804 1773; x_wconf 78' lang='lat' dir='ltr'><strong>fidei,</strong></span> <span class='ocrx_word' id='word_1_88' title='bbox 839 1701 874 1755; x_wconf 83' lang='lat' dir='ltr'><strong>in</strong></span> <span class='ocrx_word' id='word_1_89' title='bbox 895 1715 958 1776; x_wconf 79' lang='lat' dir='ltr'><strong>quo</strong></span> <span class='ocrx_word' id='word_1_90' title='bbox 978 1702 1118 1776; x_wconf 73' lang='lat' dir='ltr'><strong>possitis</strong></span> <span class='ocrx_word' id='word_1_91' title='bbox 1140 1702 1249 1759; x_wconf 71' lang='lat' dir='ltr'><strong>arania</strong></span> <span class='ocrx_word' id='word_1_92' title='bbox 1271 1699 1337 1759; x_wconf 84' lang='lat' dir='ltr'><strong>tela</strong></span> <span class='ocrx_word' id='word_1_93' title='bbox 1353 1705 1545 1779; x_wconf 77' lang='lat' dir='ltr'><strong>nequtoea&#39;mt</strong></span> 
     </span>
     <span class='ocr_line' id='line_1_13' title="bbox 349 1801 1315 1887; baseline 0.001 -20"><span class='ocrx_word' id='word_1_94' title='bbox 349 1813 446 1884; x_wconf 76' lang='lat' dir='ltr'><strong>tpaea</strong></span> <span class='ocrx_word' id='word_1_95' title='bbox 461 1806 710 1881; x_wconf 76' lang='lat' dir='ltr'><strong>eaettnpuere³).</strong></span> <span class='ocrx_word' id='word_1_96' title='bbox 736 1801 855 1880; x_wconf 80' lang='lat' dir='ltr'><strong>Quibus</strong></span> <span class='ocrx_word' id='word_1_97' title='bbox 871 1824 1008 1887; x_wconf 88' lang='lat' dir='ltr'><strong>prorsus</strong></span> <span class='ocrx_word' id='word_1_98' title='bbox 1025 1825 1170 1868; x_wconf 85' lang='lat' dir='ltr'><strong>consona</strong></span> <span class='ocrx_word' id='word_1_99' title='bbox 1188 1806 1315 1868; x_wconf 89' lang='lat' dir='ltr'><strong>tradunt</strong></span> 
     </span>
    </p>
   </div>
   <div class='ocr_carea' id='block_1_4' title="bbox 348 1929 1547 3659">
    <p class='ocr_par' dir='ltr' id='par_1_4' title="bbox 348 1929 1547 3659">
     <span class='ocr_line' id='line_1_14' title="bbox 460 1929 1546 2019; baseline 0.005 -27"><span class='ocrx_word' id='word_1_100' title='bbox 460 1933 501 1993; x_wconf 89' lang='lat' dir='ltr'><strong>B.</strong></span> <span class='ocrx_word' id='word_1_101' title='bbox 528 1933 584 1993; x_wconf 78' lang='lat' dir='ltr'><strong>SS.</strong></span> <span class='ocrx_word' id='word_1_102' title='bbox 611 1931 763 2003; x_wconf 88' lang='lat' dir='ltr'><strong>Patres,</strong></span> <span class='ocrx_word' id='word_1_103' title='bbox 791 1941 824 1994; x_wconf 90' lang='lat' dir='ltr'><strong>et</strong></span> <span class='ocrx_word' id='word_1_104' title='bbox 843 1929 927 1994; x_wconf 90' lang='lat' dir='ltr'><strong>inter</strong></span> <span class='ocrx_word' id='word_1_105' title='bbox 943 1932 1004 1995; x_wconf 92' lang='lat' dir='ltr'><strong>hos</strong></span> <span class='ocrx_word' id='word_1_106' title='bbox 1021 1931 1193 2015; x_wconf 86' lang='lat' dir='ltr'><strong>praecipue</strong></span> <span class='ocrx_word' id='word_1_107' title='bbox 1209 1932 1471 2019; x_wconf 84' lang='lat' dir='ltr'><strong>Augustinus,</strong></span> <span class='ocrx_word' id='word_1_108' title='bbox 1493 1934 1546 2019; x_wconf 87' lang='lat' dir='ltr'><strong>qui</strong></span> 
     </span>
     <span class='ocr_line' id='line_1_15' title="bbox 349 2042 1545 2122; baseline -0.001 -15"><span class='ocrx_word' id='word_1_109' title='bbox 349 2043 463 2107; x_wconf 85' lang='lat' dir='ltr'><strong>habet:</strong></span> <span class='ocrx_word' id='word_1_110' title='bbox 502 2042 577 2103; x_wconf 85' lang='lat' dir='ltr'><strong>Non</strong></span> <span class='ocrx_word' id='word_1_111' title='bbox 598 2047 697 2117; x_wconf 75' lang='lat' dir='ltr'><strong>tqitur</strong></span> <span class='ocrx_word' id='word_1_112' title='bbox 717 2043 810 2102; x_wconf 84' lang='lat' dir='ltr'><strong>Deua</strong></span> <span class='ocrx_word' id='word_1_113' title='bbox 831 2044 1048 2122; x_wconf 72' lang='lat' dir='ltr'><strong>impossibilia</strong></span> <span class='ocrx_word' id='word_1_114' title='bbox 1061 2045 1176 2120; x_wconf 83' lang='lat' dir='ltr'><strong>jubet:</strong></span> <span class='ocrx_word' id='word_1_115' title='bbox 1192 2046 1408 2120; x_wconf 79' lang='lat' dir='ltr'><strong>cedjobendo</strong></span> <span class='ocrx_word' id='word_1_116' title='bbox 1427 2047 1545 2107; x_wconf 83' lang='lat' dir='ltr'><strong>admo·</strong></span> 
     </span>
     <span class='ocr_line' id='line_1_16' title="bbox 349 2152 1544 2235; baseline 0.002 -20"><span class='ocrx_word' id='word_1_117' title='bbox 349 2160 417 2227; x_wconf 80' lang='lat' dir='ltr'><strong>net,</strong></span> <span class='ocrx_word' id='word_1_118' title='bbox 433 2159 466 2213; x_wconf 87' lang='lat' dir='ltr'><strong>et</strong></span> <span class='ocrx_word' id='word_1_119' title='bbox 477 2155 634 2230; x_wconf 82' lang='lat' dir='ltr'><strong>facere,</strong></span> <span class='ocrx_word' id='word_1_120' title='bbox 662 2152 934 2232; x_wconf 80' lang='lat' dir='ltr'><strong>quodpoeet&#39;e,</strong></span> <span class='ocrx_word' id='word_1_121' title='bbox 954 2160 993 2214; x_wconf 85' lang='lat' dir='ltr'><strong>et</strong></span> <span class='ocrx_word' id='word_1_122' title='bbox 1007 2160 1163 2234; x_wconf 79' lang='lat' dir='ltr'><strong>petere,</strong></span> <span class='ocrx_word' id='word_1_123' title='bbox 1187 2156 1292 2233; x_wconf 80' lang='lat' dir='ltr'><strong>quod</strong></span> <span class='ocrx_word' id='word_1_124' title='bbox 1305 2175 1380 2216; x_wconf 84' lang='lat' dir='ltr'><strong>aon</strong></span> <span class='ocrx_word' id='word_1_125' title='bbox 1392 2162 1544 2235; x_wconf 73' lang='lat' dir='ltr'><strong>poeste.</strong></span> 
     </span>
     <span class='ocr_line' id='line_1_17' title="bbox 351 2263 1546 2343; baseline -0.001 -19"><span class='ocrx_word' id='word_1_126' title='bbox 351 2263 442 2324; x_wconf 72' lang='lat' dir='ltr'><strong>Hinc</strong></span> <span class='ocrx_word' id='word_1_127' title='bbox 458 2263 681 2339; x_wconf 80' lang='lat' dir='ltr'><strong>admonemur,</strong></span> <span class='ocrx_word' id='word_1_128' title='bbox 700 2268 738 2322; x_wconf 88' lang='lat' dir='ltr'><strong>et</strong></span> <span class='ocrx_word' id='word_1_129' title='bbox 751 2266 792 2322; x_wconf 76' lang='lat' dir='ltr'><strong>ia</strong></span> <span class='ocrx_word' id='word_1_130' title='bbox 804 2263 1026 2339; x_wconf 74' lang='lat' dir='ltr'><strong>facilibus,</strong></span> <span class='ocrx_word' id='word_1_131' title='bbox 1044 2264 1139 2342; x_wconf 77' lang='lat' dir='ltr'><strong>qaid</strong></span> <span class='ocrx_word' id='word_1_132' title='bbox 1153 2283 1336 2341; x_wconf 77' lang='lat' dir='ltr'><strong>cyamus,</strong></span> <span class='ocrx_word' id='word_1_133' title='bbox 1356 2271 1396 2325; x_wconf 86' lang='lat' dir='ltr'><strong>et</strong></span> <span class='ocrx_word' id='word_1_134' title='bbox 1409 2269 1449 2326; x_wconf 78' lang='lat' dir='ltr'><strong>in</strong></span> <span class='ocrx_word' id='word_1_135' title='bbox 1466 2265 1546 2343; x_wconf 80' lang='lat' dir='ltr'><strong>dif-</strong></span> 
     </span>
     <span class='ocr_line' id='line_1_18' title="bbox 350 2367 1545 2452; baseline 0.002 -20"><span class='ocrx_word' id='word_1_136' title='bbox 350 2371 560 2449; x_wconf 72' lang='lat' dir='ltr'><strong>fictitius,</strong></span> <span class='ocrx_word' id='word_1_137' title='bbox 579 2372 672 2452; x_wconf 77' lang='lat' dir='ltr'><strong>quid</strong></span> <span class='ocrx_word' id='word_1_138' title='bbox 682 2368 913 2449; x_wconf 49' lang='lat' dir='ltr'><strong>potamau).</strong></span> <span class='ocrx_word' id='word_1_139' title='bbox 940 2367 1021 2446; x_wconf 81' lang='lat' dir='ltr'><strong>Quid</strong></span> <span class='ocrx_word' id='word_1_140' title='bbox 1036 2369 1252 2434; x_wconf 82' lang='lat' dir='ltr'><strong>luculentius?</strong></span> <span class='ocrx_word' id='word_1_141' title='bbox 1277 2370 1393 2435; x_wconf 87' lang='lat' dir='ltr'><strong>Audis:</strong></span> <span class='ocrx_word' id='word_1_142' title='bbox 1426 2374 1468 2434; x_wconf 83' lang='lat' dir='ltr'><strong>In</strong></span> <span class='ocrx_word' id='word_1_143' title='bbox 1481 2376 1545 2447; x_wconf 83' lang='lat' dir='ltr'><strong>fa·</strong></span> 
     </span>
     <span class='ocr_line' id='line_1_19' title="bbox 354 2481 1546 2562; baseline 0.002 -19"><span class='ocrx_word' id='word_1_144' title='bbox 354 2483 474 2543; x_wconf 76' lang='lat' dir='ltr'><strong>atltbuo</strong></span> <span class='ocrx_word' id='word_1_145' title='bbox 490 2482 583 2562; x_wconf 78' lang='lat' dir='ltr'><strong>qaid</strong></span> <span class='ocrx_word' id='word_1_146' title='bbox 597 2500 774 2557; x_wconf 76' lang='lat' dir='ltr'><strong>apamea,</strong></span> <span class='ocrx_word' id='word_1_147' title='bbox 791 2486 826 2540; x_wconf 79' lang='lat' dir='ltr'><strong>tn</strong></span> <span class='ocrx_word' id='word_1_148' title='bbox 842 2481 1035 2560; x_wconf 69' lang='lat' dir='ltr'><strong>difficilibus</strong></span> <span class='ocrx_word' id='word_1_149' title='bbox 1050 2484 1146 2561; x_wconf 78' lang='lat' dir='ltr'><strong>quid</strong></span> <span class='ocrx_word' id='word_1_150' title='bbox 1156 2488 1345 2561; x_wconf 81' lang='lat' dir='ltr'><strong>petamus.</strong></span> <span class='ocrx_word' id='word_1_151' title='bbox 1362 2481 1546 2559; x_wconf 80' lang='lat' dir='ltr'><strong>Quaerccte</strong></span> 
     </span>
     <span class='ocr_line' id='line_1_20' title="bbox 352 2586 1544 2673; baseline 0 -20"><span class='ocrx_word' id='word_1_152' title='bbox 352 2601 468 2653; x_wconf 86' lang='lat' dir='ltr'><strong>nostra</strong></span> <span class='ocrx_word' id='word_1_153' title='bbox 488 2601 539 2652; x_wconf 90' lang='lat' dir='ltr'><strong>cst</strong></span> <span class='ocrx_word' id='word_1_154' title='bbox 559 2586 725 2652; x_wconf 88' lang='lat' dir='ltr'><strong>sententia.</strong></span> <span class='ocrx_word' id='word_1_155' title='bbox 764 2588 806 2651; x_wconf 88' lang='lat' dir='ltr'><strong>Et</strong></span> <span class='ocrx_word' id='word_1_156' title='bbox 830 2586 918 2663; x_wconf 84' lang='lat' dir='ltr'><strong>alibi,</strong></span> <span class='ocrx_word' id='word_1_157' title='bbox 951 2600 985 2652; x_wconf 86' lang='lat' dir='ltr'><strong>ut</strong></span> <span class='ocrx_word' id='word_1_158' title='bbox 1008 2588 1143 2673; x_wconf 86' lang='lat' dir='ltr'><strong>piurima</strong></span> <span class='ocrx_word' id='word_1_159' title='bbox 1159 2589 1220 2653; x_wconf 87' lang='lat' dir='ltr'><strong>alia</strong></span> <span class='ocrx_word' id='word_1_160' title='bbox 1236 2589 1544 2673; x_wconf 86' lang='lat' dir='ltr'><strong>praetermittamus:</strong></span> 
     </span>
     <span class='ocr_line' id='line_1_21' title="bbox 351 2696 1543 2782; baseline 0.001 -20"><span class='ocrx_word' id='word_1_161' title='bbox 351 2701 429 2762; x_wconf 87' lang='lat' dir='ltr'><strong>Hac</strong></span> <span class='ocrx_word' id='word_1_162' title='bbox 443 2707 560 2779; x_wconf 80' lang='lat' dir='ltr'><strong>restat,</strong></span> <span class='ocrx_word' id='word_1_163' title='bbox 576 2696 677 2782; x_wconf 90' lang='lat' dir='ltr'><strong>inquit</strong></span> <span class='ocrx_word' id='word_1_164' title='bbox 693 2700 727 2761; x_wconf 87' lang='lat' dir='ltr'><strong>S.</strong></span> <span class='ocrx_word' id='word_1_165' title='bbox 744 2698 884 2772; x_wconf 86' lang='lat' dir='ltr'><strong>Doctor,</strong></span> <span class='ocrx_word' id='word_1_166' title='bbox 899 2704 934 2761; x_wconf 76' lang='lat' dir='ltr'><strong>in</strong></span> <span class='ocrx_word' id='word_1_167' title='bbox 950 2705 1017 2761; x_wconf 79' lang='lat' dir='ltr'><strong>icta</strong></span> <span class='ocrx_word' id='word_1_168' title='bbox 1032 2702 1165 2762; x_wconf 79' lang='lat' dir='ltr'><strong>mortali</strong></span> <span class='ocrx_word' id='word_1_169' title='bbox 1181 2707 1248 2762; x_wconf 78' lang='lat' dir='ltr'><strong>aito</strong></span> <span class='ocrx_word' id='word_1_170' title='bbox 1269 2703 1372 2762; x_wconf 80' lang='lat' dir='ltr'><strong>libero</strong></span> <span class='ocrx_word' id='word_1_171' title='bbox 1390 2704 1543 2780; x_wconf 76' lang='lat' dir='ltr'><strong>arbitrio,</strong></span> 
     </span>
     <span class='ocr_line' id='line_1_22' title="bbox 351 2809 1543 2892; baseline 0 -19"><span class='ocrx_word' id='word_1_172' title='bbox 351 2832 421 2873; x_wconf 84' lang='lat' dir='ltr'><strong>noa</strong></span> <span class='ocrx_word' id='word_1_173' title='bbox 441 2818 479 2872; x_wconf 83' lang='lat' dir='ltr'><strong>ut</strong></span> <span class='ocrx_word' id='word_1_174' title='bbox 503 2809 635 2890; x_wconf 78' lang='lat' dir='ltr'><strong>impleat</strong></span> <span class='ocrx_word' id='word_1_175' title='bbox 648 2815 743 2870; x_wconf 76' lang='lat' dir='ltr'><strong>nomo</strong></span> <span class='ocrx_word' id='word_1_176' title='bbox 751 2814 940 2888; x_wconf 74' lang='lat' dir='ltr'><strong>justitiam,</strong></span> <span class='ocrx_word' id='word_1_177' title='bbox 967 2831 1039 2871; x_wconf 85' lang='lat' dir='ltr'><strong>cum</strong></span> <span class='ocrx_word' id='word_1_178' title='bbox 1055 2812 1212 2890; x_wconf 78' lang='lat' dir='ltr'><strong>coluerit,</strong></span> <span class='ocrx_word' id='word_1_179' title='bbox 1246 2814 1308 2872; x_wconf 79' lang='lat' dir='ltr'><strong>aed</strong></span> <span class='ocrx_word' id='word_1_180' title='bbox 1330 2820 1369 2873; x_wconf 85' lang='lat' dir='ltr'><strong>ut</strong></span> <span class='ocrx_word' id='word_1_181' title='bbox 1387 2833 1429 2872; x_wconf 82' lang='lat' dir='ltr'><strong>ee</strong></span> <span class='ocrx_word' id='word_1_182' title='bbox 1450 2833 1543 2892; x_wconf 82' lang='lat' dir='ltr'><strong>eap-</strong></span> 
     </span>
     <span class='ocr_line' id='line_1_23' title="bbox 348 2921 1547 3002; baseline 0.002 -22"><span class='ocrx_word' id='word_1_183' title='bbox 348 2922 452 3002; x_wconf 68' lang='lat' dir='ltr'><strong>pltea</strong></span> <span class='ocrx_word' id='word_1_184' title='bbox 464 2926 614 3000; x_wconf 81' lang='lat' dir='ltr'><strong>pietate</strong></span> <span class='ocrx_word' id='word_1_185' title='bbox 631 2927 842 2980; x_wconf 26' lang='lat' dir='ltr'><strong>coarcertat</strong></span> <span class='ocrx_word' id='word_1_186' title='bbox 857 2921 908 2980; x_wconf 84' lang='lat' dir='ltr'><strong>ad</strong></span> <span class='ocrx_word' id='word_1_187' title='bbox 921 2941 1022 2997; x_wconf 86' lang='lat' dir='ltr'><strong>eum,</strong></span> <span class='ocrx_word' id='word_1_188' title='bbox 1046 2924 1162 2997; x_wconf 79' lang='lat' dir='ltr'><strong>cujus</strong></span> <span class='ocrx_word' id='word_1_189' title='bbox 1184 2922 1285 2981; x_wconf 85' lang='lat' dir='ltr'><strong>dono</strong></span> <span class='ocrx_word' id='word_1_190' title='bbox 1307 2942 1393 2981; x_wconf 84' lang='lat' dir='ltr'><strong>eam</strong></span> <span class='ocrx_word' id='word_1_191' title='bbox 1406 2928 1547 3001; x_wconf 74' lang='lat' dir='ltr'><strong>parsit</strong></span> 
     </span>
     <span class='ocr_line' id='line_1_24' title="bbox 352 3027 1543 3111; baseline 0.002 -21"><span class='ocrx_word' id='word_1_192' title='bbox 352 3031 558 3111; x_wconf 80' lang='lat' dir='ltr'><strong>implere⁵).</strong></span> <span class='ocrx_word' id='word_1_193' title='bbox 579 3027 622 3090; x_wconf 86' lang='lat' dir='ltr'><strong>Et</strong></span> <span class='ocrx_word' id='word_1_194' title='bbox 637 3048 767 3091; x_wconf 86' lang='lat' dir='ltr'><strong>rursus:</strong></span> <span class='ocrx_word' id='word_1_195' title='bbox 800 3028 915 3090; x_wconf 75' lang='lat' dir='ltr'><strong>Semel</strong></span> <span class='ocrx_word' id='word_1_196' title='bbox 934 3034 1045 3109; x_wconf 78' lang='lat' dir='ltr'><strong>accipe</strong></span> <span class='ocrx_word' id='word_1_197' title='bbox 1061 3037 1093 3090; x_wconf 88' lang='lat' dir='ltr'><strong>et</strong></span> <span class='ocrx_word' id='word_1_198' title='bbox 1106 3031 1268 3106; x_wconf 69' lang='lat' dir='ltr'><strong>intelliqe:</strong></span> <span class='ocrx_word' id='word_1_199' title='bbox 1289 3031 1447 3091; x_wconf 85' lang='lat' dir='ltr'><strong>Nondum</strong></span> <span class='ocrx_word' id='word_1_200' title='bbox 1468 3037 1543 3092; x_wconf 82' lang='lat' dir='ltr'><strong>tra·</strong></span> 
     </span>
     <span class='ocr_line' id='line_1_25' title="bbox 349 3131 1542 3223; baseline 0.001 -23"><span class='ocrx_word' id='word_1_201' title='bbox 349 3135 468 3200; x_wconf 71' lang='lat' dir='ltr'><strong>herto?</strong></span> <span class='ocrx_word' id='word_1_202' title='bbox 489 3159 578 3216; x_wconf 88' lang='lat' dir='ltr'><strong>oro,</strong></span> <span class='ocrx_word' id='word_1_203' title='bbox 606 3144 649 3199; x_wconf 84' lang='lat' dir='ltr'><strong>ut</strong></span> <span class='ocrx_word' id='word_1_204' title='bbox 669 3141 896 3215; x_wconf 62' lang='lat' dir='ltr'><strong>tratartsssp.</strong></span> <span class='ocrx_word' id='word_1_205' title='bbox 936 3131 1028 3223; x_wconf 82' lang='lat' dir='ltr'><strong>Ergo</strong></span> <span class='ocrx_word' id='word_1_206' title='bbox 1056 3157 1098 3199; x_wconf 89' lang='lat' dir='ltr'><strong>ex</strong></span> <span class='ocrx_word' id='word_1_207' title='bbox 1113 3136 1272 3201; x_wconf 87' lang='lat' dir='ltr'><strong>sententia</strong></span> <span class='ocrx_word' id='word_1_208' title='bbox 1288 3136 1462 3223; x_wconf 81' lang='lat' dir='ltr'><strong>Augustini</strong></span> <span class='ocrx_word' id='word_1_209' title='bbox 1478 3160 1542 3202; x_wconf 93' lang='lat' dir='ltr'><strong>non</strong></span> 
     </span>
     <span class='ocr_line' id='line_1_26' title="bbox 351 3244 1541 3333; baseline 0 -23"><span class='ocrx_word' id='word_1_210' title='bbox 351 3247 445 3311; x_wconf 85' lang='lat' dir='ltr'><strong>datur</strong></span> <span class='ocrx_word' id='word_1_211' title='bbox 461 3266 587 3332; x_wconf 90' lang='lat' dir='ltr'><strong>semper</strong></span> <span class='ocrx_word' id='word_1_212' title='bbox 603 3266 641 3310; x_wconf 94' lang='lat' dir='ltr'><strong>ac</strong></span> <span class='ocrx_word' id='word_1_213' title='bbox 658 3245 806 3310; x_wconf 90' lang='lat' dir='ltr'><strong>omnihus</strong></span> <span class='ocrx_word' id='word_1_214' title='bbox 822 3244 927 3333; x_wconf 81' lang='lat' dir='ltr'><strong>gratia</strong></span> <span class='ocrx_word' id='word_1_215' title='bbox 942 3244 1123 3310; x_wconf 89' lang='lat' dir='ltr'><strong>immediate</strong></span> <span class='ocrx_word' id='word_1_216' title='bbox 1147 3244 1313 3310; x_wconf 85' lang='lat' dir='ltr'><strong>sufficiens</strong></span> <span class='ocrx_word' id='word_1_217' title='bbox 1331 3247 1370 3309; x_wconf 89' lang='lat' dir='ltr'><strong>ad</strong></span> <span class='ocrx_word' id='word_1_218' title='bbox 1387 3268 1469 3330; x_wconf 90' lang='lat' dir='ltr'><strong>opus</strong></span> <span class='ocrx_word' id='word_1_219' title='bbox 1485 3248 1541 3310; x_wconf 88' lang='lat' dir='ltr'><strong>ho·</strong></span> 
     </span>
     <span class='ocr_line' id='line_1_27' title="bbox 350 3353 1541 3451; baseline 0.001 -31"><span class='ocrx_word' id='word_1_220' title='bbox 350 3378 428 3420; x_wconf 92' lang='lat' dir='ltr'><strong>num</strong></span> <span class='ocrx_word' id='word_1_221' title='bbox 448 3353 691 3444; x_wconf 82' lang='lat' dir='ltr'><strong>perficiendum,</strong></span> <span class='ocrx_word' id='word_1_222' title='bbox 723 3356 782 3419; x_wconf 91' lang='lat' dir='ltr'><strong>sed</strong></span> <span class='ocrx_word' id='word_1_223' title='bbox 797 3356 889 3451; x_wconf 71' lang='lat' dir='ltr'><strong>datur</strong></span> <span class='ocrx_word' id='word_1_224' title='bbox 905 3354 1011 3442; x_wconf 84' lang='lat' dir='ltr'><strong>gratia</strong></span> <span class='ocrx_word' id='word_1_225' title='bbox 1028 3354 1183 3418; x_wconf 89' lang='lat' dir='ltr'><strong>orationis</strong></span> <span class='ocrx_word' id='word_1_226' title='bbox 1199 3354 1380 3430; x_wconf 77' lang='lat' dir='ltr'><strong>sufficione,</strong></span> <span class='ocrx_word' id='word_1_227' title='bbox 1404 3376 1465 3441; x_wconf 86' lang='lat' dir='ltr'><strong>qua</strong></span> <span class='ocrx_word' id='word_1_228' title='bbox 1480 3357 1541 3421; x_wconf 84' lang='lat' dir='ltr'><strong>sai·</strong></span> 
     </span>
     <span class='ocr_line' id='line_1_28' title="bbox 351 3463 1540 3549; baseline 0 -19"><span class='ocrx_word' id='word_1_229' title='bbox 351 3479 418 3530; x_wconf 89' lang='lat' dir='ltr'><strong>tem</strong></span> <span class='ocrx_word' id='word_1_230' title='bbox 433 3463 577 3538; x_wconf 87' lang='lat' dir='ltr'><strong>mediate,</strong></span> <span class='ocrx_word' id='word_1_231' title='bbox 593 3464 794 3549; x_wconf 90' lang='lat' dir='ltr'><strong>impetrando</strong></span> <span class='ocrx_word' id='word_1_232' title='bbox 811 3463 942 3529; x_wconf 89' lang='lat' dir='ltr'><strong>uberius</strong></span> <span class='ocrx_word' id='word_1_233' title='bbox 959 3463 1126 3538; x_wconf 84' lang='lat' dir='ltr'><strong>auxilium,</strong></span> <span class='ocrx_word' id='word_1_234' title='bbox 1143 3463 1248 3528; x_wconf 89' lang='lat' dir='ltr'><strong>divina</strong></span> <span class='ocrx_word' id='word_1_235' title='bbox 1266 3466 1413 3529; x_wconf 87' lang='lat' dir='ltr'><strong>mandata</strong></span> <span class='ocrx_word' id='word_1_236' title='bbox 1429 3466 1540 3530; x_wconf 87' lang='lat' dir='ltr'><strong>obser·</strong></span> 
     </span>
     <span class='ocr_line' id='line_1_29' title="bbox 351 3575 664 3659; baseline -0.003 -22"><span class='ocrx_word' id='word_1_237' title='bbox 351 3596 431 3640; x_wconf 86' lang='lat' dir='ltr'><strong>vare</strong></span> <span class='ocrx_word' id='word_1_238' title='bbox 447 3594 619 3659; x_wconf 90' lang='lat' dir='ltr'><strong>possumus</strong></span> <span class='ocrx_word' id='word_1_239' title='bbox 630 3575 664 3653; x_wconf 82' lang='lat'><strong>⁷).</strong></span> 
     </span>
    </p>
   </div>
   <div class='ocr_carea' id='block_1_5' title="bbox 346 3699 1540 4219">
    <p class='ocr_par' dir='ltr' id='par_1_5' title="bbox 346 3699 1540 4219">
     <span class='ocr_line' id='line_1_30' title="bbox 463 3699 1538 3789; baseline 0.002 -25"><span class='ocrx_word' id='word_1_240' title='bbox 463 3703 500 3764; x_wconf 81' lang='lat'><strong>0.</strong></span> <span class='ocrx_word' id='word_1_241' title='bbox 516 3699 733 3765; x_wconf 84' lang='lat' dir='ltr'><strong>Concilium</strong></span> <span class='ocrx_word' id='word_1_242' title='bbox 749 3699 1026 3764; x_wconf 78' lang='lat' dir='ltr'><strong>&#39;l&#39;rideutirrunr</strong></span> <span class='ocrx_word' id='word_1_243' title='bbox 1042 3712 1148 3764; x_wconf 87' lang='lat' dir='ltr'><strong>autem</strong></span> <span class='ocrx_word' id='word_1_244' title='bbox 1163 3702 1293 3765; x_wconf 88' lang='lat' dir='ltr'><strong>tandem</strong></span> <span class='ocrx_word' id='word_1_245' title='bbox 1314 3702 1413 3766; x_wconf 92' lang='lat' dir='ltr'><strong>verba</strong></span> <span class='ocrx_word' id='word_1_246' title='bbox 1430 3705 1538 3789; x_wconf 83' lang='lat' dir='ltr'><strong>Augu·</strong></span> 
     </span>
     <span class='ocr_line' id='line_1_31' title="bbox 348 3809 1539 3892; baseline -0.003 -17"><span class='ocrx_word' id='word_1_247' title='bbox 348 3809 442 3876; x_wconf 84' lang='lat' dir='ltr'><strong>stini:</strong></span> <span class='ocrx_word' id='word_1_248' title='bbox 465 3814 558 3873; x_wconf 82' lang='lat' dir='ltr'><strong>Deua</strong></span> <span class='ocrx_word' id='word_1_249' title='bbox 571 3812 788 3892; x_wconf 76' lang='lat' dir='ltr'><strong>impossibilia</strong></span> <span class='ocrx_word' id='word_1_250' title='bbox 804 3813 985 3888; x_wconf 75' lang='lat' dir='ltr'><strong>nonjtabet,</strong></span> <span class='ocrx_word' id='word_1_251' title='bbox 1002 3813 1216 3888; x_wconf 79' lang='lat' dir='ltr'><strong>oedjubeado</strong></span> <span class='ocrx_word' id='word_1_252' title='bbox 1230 3820 1351 3891; x_wconf 84' lang='lat' dir='ltr'><strong>monet,</strong></span> <span class='ocrx_word' id='word_1_253' title='bbox 1363 3821 1397 3874; x_wconf 88' lang='lat' dir='ltr'><strong>et</strong></span> <span class='ocrx_word' id='word_1_254' title='bbox 1408 3815 1539 3890; x_wconf 83' lang='lat' dir='ltr'><strong>facere,</strong></span> 
     </span>
     <span class='ocr_line' id='line_1_32' title="bbox 349 3917 1540 4003; baseline -0.001 -21"><span class='ocrx_word' id='word_1_255' title='bbox 349 3923 575 4003; x_wconf 78' lang='lat' dir='ltr'><strong>quodpoeaie,</strong></span> <span class='ocrx_word' id='word_1_256' title='bbox 592 3928 625 3982; x_wconf 85' lang='lat' dir='ltr'><strong>et</strong></span> <span class='ocrx_word' id='word_1_257' title='bbox 634 3928 771 4001; x_wconf 81' lang='lat' dir='ltr'><strong>petere</strong></span> <span class='ocrx_word' id='word_1_258' title='bbox 786 3923 889 4001; x_wconf 81' lang='lat' dir='ltr'><strong>quod</strong></span> <span class='ocrx_word' id='word_1_259' title='bbox 901 3942 977 3982; x_wconf 83' lang='lat' dir='ltr'><strong>non</strong></span> <span class='ocrx_word' id='word_1_260' title='bbox 990 3927 1143 4000; x_wconf 75' lang='lat' dir='ltr'><strong>paceio,</strong></span> <span class='ocrx_word' id='word_1_261' title='bbox 1160 3940 1219 3984; x_wconf 86' lang='lat' dir='ltr'><strong>sua</strong></span> <span class='ocrx_word' id='word_1_262' title='bbox 1235 3918 1331 3993; x_wconf 87' lang='lat' dir='ltr'><strong>fecit,</strong></span> <span class='ocrx_word' id='word_1_263' title='bbox 1348 3919 1400 3982; x_wconf 89' lang='lat' dir='ltr'><strong>ubi</strong></span> <span class='ocrx_word' id='word_1_264' title='bbox 1418 3917 1540 3993; x_wconf 85' lang='lat' dir='ltr'><strong>statuit,</strong></span> 
     </span>
     <span class='ocr_line' id='line_1_33' title="bbox 347 4030 1540 4108; baseline -0.002 -17"><span class='ocrx_word' id='word_1_265' title='bbox 347 4036 508 4092; x_wconf 81' lang='lat' dir='ltr'><strong>neminem</strong></span> <span class='ocrx_word' id='word_1_266' title='bbox 525 4035 701 4090; x_wconf 83' lang='lat' dir='ltr'><strong>temeraria</strong></span> <span class='ocrx_word' id='word_1_267' title='bbox 717 4030 790 4107; x_wconf 74' lang='lat' dir='ltr'><strong>uta,</strong></span> <span class='ocrx_word' id='word_1_268' title='bbox 810 4037 843 4089; x_wconf 84' lang='lat' dir='ltr'><strong>et</strong></span> <span class='ocrx_word' id='word_1_269' title='bbox 858 4051 878 4090; x_wconf 86' lang='lat' dir='ltr'><strong>a</strong></span> <span class='ocrx_word' id='word_1_270' title='bbox 894 4030 1059 4091; x_wconf 74' lang='lat' dir='ltr'><strong>Patribus</strong></span> <span class='ocrx_word' id='word_1_271' title='bbox 1073 4031 1135 4091; x_wconf 80' lang='lat' dir='ltr'><strong>aab</strong></span> <span class='ocrx_word' id='word_1_272' title='bbox 1154 4035 1360 4091; x_wconf 74' lang='lat' dir='ltr'><strong>anathemate</strong></span> <span class='ocrx_word' id='word_1_273' title='bbox 1372 4030 1540 4108; x_wconf 77' lang='lat' dir='ltr'><strong>prohibita</strong></span> 
     </span>
     <span class='ocr_line' id='line_1_34' title="bbox 346 4139 1538 4219; baseline -0.003 -17"><span class='ocrx_word' id='word_1_274' title='bbox 346 4160 427 4202; x_wconf 79' lang='lat' dir='ltr'><strong>eoae</strong></span> <span class='ocrx_word' id='word_1_275' title='bbox 447 4145 495 4201; x_wconf 76' lang='lat' dir='ltr'><strong>ata·</strong></span> <span class='ocrx_word' id='word_1_276' title='bbox 515 4141 647 4201; x_wconf 79' lang='lat' dir='ltr'><strong>debere:</strong></span> <span class='ocrx_word' id='word_1_277' title='bbox 679 4141 741 4200; x_wconf 79' lang='lat' dir='ltr'><strong>net</strong></span> <span class='ocrx_word' id='word_1_278' title='bbox 757 4145 935 4219; x_wconf 81' lang='lat' dir='ltr'><strong>praecepta</strong></span> <span class='ocrx_word' id='word_1_279' title='bbox 957 4145 1078 4202; x_wconf 84' lang='lat' dir='ltr'><strong>ltomtm&#39;</strong></span> <span class='ocrx_word' id='word_1_280' title='bbox 1086 4141 1273 4218; x_wconf 73' lang='lat' dir='ltr'><strong>Justificato</strong></span> <span class='ocrx_word' id='word_1_281' title='bbox 1296 4141 1341 4198; x_wconf 87' lang='lat' dir='ltr'><strong>ad</strong></span> <span class='ocrx_word' id='word_1_282' title='bbox 1355 4139 1538 4200; x_wconf 82' lang='lat' dir='ltr'><strong>observan-</strong></span> 
     </span>
    </p>
   </div>
   <div class='ocr_carea' id='block_1_6' title="bbox 345 4290 567 4308">
    <p class='ocr_par' dir='ltr' id='par_1_6' title="bbox 345 4290 567 4308">
     <span class='ocr_line' id='line_1_35' title="bbox 345 4290 567 4308; baseline -0.009 -4"><span class='ocrx_word' id='word_1_283' title='bbox 345 4290 567 4308; x_wconf 53' lang='grc'><strong>*-</strong></span> 
     </span>
    </p>
   </div>
   <div class='ocr_carea' id='block_1_7' title="bbox 344 4388 1539 4927">
    <p class='ocr_par' dir='ltr' id='par_1_7' title="bbox 344 4388 1539 4927">
     <span class='ocr_line' id='line_1_36' title="bbox 446 4388 1536 4479; baseline -0.001 -25"><span class='ocrx_word' id='word_1_284' title='bbox 446 4390 469 4479; x_wconf 89' lang='lat'><strong>¹)</strong></span> <span class='ocrx_word' id='word_1_285' title='bbox 485 4393 594 4454; x_wconf 85' lang='lat' dir='ltr'><strong>Matth.</strong></span> <span class='ocrx_word' id='word_1_286' title='bbox 612 4390 665 4475; x_wconf 83' lang='grc'><strong>26,</strong></span> <span class='ocrx_word' id='word_1_287' title='bbox 681 4389 735 4454; x_wconf 81' lang='grc'><strong>41.</strong></span> <span class='ocrx_word' id='word_1_288' title='bbox 768 4429 811 4437; x_wconf 86' lang='lat'>-</span> <span class='ocrx_word' id='word_1_289' title='bbox 844 4388 1205 4477; x_wconf 66' lang='grc' dir='ltr'><strong>2)Μαιι1].7,7.οῐ.6,</strong></span> <span class='ocrx_word' id='word_1_290' title='bbox 1225 4389 1276 4453; x_wconf 88' lang='grc'><strong>13.</strong></span> <span class='ocrx_word' id='word_1_291' title='bbox 1307 4427 1351 4438; x_wconf 81' lang='lat'><strong>—-</strong></span> <span class='ocrx_word' id='word_1_292' title='bbox 1376 4393 1536 4471; x_wconf 82' lang='lat' dir='ltr'><strong>³)Ephes.</strong></span> 
     </span>
     <span class='ocr_line' id='line_1_37' title="bbox 347 4479 1537 4565; baseline -0.005 -17"><span class='ocrx_word' id='word_1_293' title='bbox 347 4483 381 4558; x_wconf 88' lang='lat'><strong>6,</strong></span> <span class='ocrx_word' id='word_1_294' title='bbox 401 4481 452 4548; x_wconf 85' lang='lat'><strong>16.</strong></span> <span class='ocrx_word' id='word_1_295' title='bbox 485 4521 529 4530; x_wconf 95' lang='lat'><strong>--</strong></span> <span class='ocrx_word' id='word_1_296' title='bbox 560 4488 588 4565; x_wconf 79' lang='lat'><strong>⁴)</strong></span> <span class='ocrx_word' id='word_1_297' title='bbox 606 4487 654 4544; x_wconf 90' lang='lat' dir='ltr'><strong>De</strong></span> <span class='ocrx_word' id='word_1_298' title='bbox 673 4492 734 4546; x_wconf 85' lang='lat' dir='ltr'><strong>not.</strong></span> <span class='ocrx_word' id='word_1_299' title='bbox 752 4491 779 4543; x_wconf 87' lang='lat' dir='ltr'><strong>et</strong></span> <span class='ocrx_word' id='word_1_300' title='bbox 791 4491 870 4560; x_wconf 78' lang='lat' dir='ltr'><strong>prat.</strong></span> <span class='ocrx_word' id='word_1_301' title='bbox 888 4504 912 4544; x_wconf 91' lang='lat' dir='ltr'><strong>c.</strong></span> <span class='ocrx_word' id='word_1_302' title='bbox 929 4489 980 4546; x_wconf 77' lang='lat'><strong>43.</strong></span> <span class='ocrx_word' id='word_1_303' title='bbox 1002 4492 1029 4545; x_wconf 89' lang='lat' dir='ltr'><strong>et</strong></span> <span class='ocrx_word' id='word_1_304' title='bbox 1053 4487 1100 4544; x_wconf 85' lang='lat'><strong>69.</strong></span> <span class='ocrx_word' id='word_1_305' title='bbox 1117 4504 1147 4545; x_wconf 83' lang='lat' dir='ltr'><strong>n.</strong></span> <span class='ocrx_word' id='word_1_306' title='bbox 1164 4486 1215 4544; x_wconf 86' lang='lat'><strong>50.</strong></span> <span class='ocrx_word' id='word_1_307' title='bbox 1238 4486 1287 4543; x_wconf 89' lang='grc'><strong>83.</strong></span> <span class='ocrx_word' id='word_1_308' title='bbox 1323 4481 1403 4563; x_wconf 92' lang='lat' dir='ltr'><strong>Opp.</strong></span> <span class='ocrx_word' id='word_1_309' title='bbox 1426 4479 1465 4544; x_wconf 89' lang='lat' dir='ltr'><strong>T.</strong></span> <span class='ocrx_word' id='word_1_310' title='bbox 1485 4480 1537 4544; x_wconf 89' lang='lat'><strong>10.</strong></span> 
     </span>
     <span class='ocr_line' id='line_1_38' title="bbox 346 4571 1537 4652; baseline -0.002 -15"><span class='ocrx_word' id='word_1_311' title='bbox 346 4571 592 4638; x_wconf 75' lang='lat' dir='ltr'><strong>e.148.163s.</strong></span> <span class='ocrx_word' id='word_1_312' title='bbox 624 4612 667 4620; x_wconf 95' lang='lat'>-</span> <span class='ocrx_word' id='word_1_313' title='bbox 702 4574 728 4652; x_wconf 82' lang='lat'><strong>⁵)</strong></span> <span class='ocrx_word' id='word_1_314' title='bbox 745 4578 794 4634; x_wconf 87' lang='lat' dir='ltr'><strong>De</strong></span> <span class='ocrx_word' id='word_1_315' title='bbox 810 4574 871 4638; x_wconf 78' lang='lat' dir='ltr'><strong>ato.</strong></span> <span class='ocrx_word' id='word_1_316' title='bbox 889 4583 1001 4651; x_wconf 79' lang='lat' dir='ltr'><strong>quaest.</strong></span> <span class='ocrx_word' id='word_1_317' title='bbox 1018 4578 1059 4636; x_wconf 83' lang='lat' dir='ltr'><strong>od</strong></span> <span class='ocrx_word' id='word_1_318' title='bbox 1074 4573 1212 4652; x_wconf 73' lang='lat' dir='ltr'><strong>simpuio.</strong></span> <span class='ocrx_word' id='word_1_319' title='bbox 1230 4594 1258 4650; x_wconf 83' lang='lat' dir='ltr'><strong>q.</strong></span> <span class='ocrx_word' id='word_1_320' title='bbox 1276 4577 1303 4634; x_wconf 86' lang='lat'><strong>1.</strong></span> <span class='ocrx_word' id='word_1_321' title='bbox 1321 4595 1351 4635; x_wconf 80' lang='lat' dir='ltr'><strong>a.</strong></span> <span class='ocrx_word' id='word_1_322' title='bbox 1368 4577 1418 4636; x_wconf 77' lang='lat'><strong>14.</strong></span> <span class='ocrx_word' id='word_1_323' title='bbox 1450 4575 1489 4632; x_wconf 83' lang='grc' dir='ltr'><strong>Τ.</strong></span> <span class='ocrx_word' id='word_1_324' title='bbox 1507 4571 1537 4635; x_wconf 87' lang='grc'><strong>6.</strong></span> 
     </span>
     <span class='ocr_line' id='line_1_39' title="bbox 344 4659 1539 4748; baseline -0.005 -19"><span class='ocrx_word' id='word_1_325' title='bbox 344 4688 374 4733; x_wconf 87' lang='lat' dir='ltr'><strong>c.</strong></span> <span class='ocrx_word' id='word_1_326' title='bbox 392 4663 446 4729; x_wconf 89' lang='grc'><strong>86.</strong></span> <span class='ocrx_word' id='word_1_327' title='bbox 470 4701 513 4712; x_wconf 94' lang='grc'>-</span> <span class='ocrx_word' id='word_1_328' title='bbox 536 4665 562 4745; x_wconf 80' lang='lat'><strong>⁸)</strong></span> <span class='ocrx_word' id='word_1_329' title='bbox 582 4669 634 4728; x_wconf 78' lang='lat' dir='ltr'><strong>Tr.</strong></span> <span class='ocrx_word' id='word_1_330' title='bbox 651 4670 700 4728; x_wconf 84' lang='lat'><strong>26.</strong></span> <span class='ocrx_word' id='word_1_331' title='bbox 718 4666 752 4725; x_wconf 82' lang='lat' dir='ltr'><strong>in</strong></span> <span class='ocrx_word' id='word_1_332' title='bbox 766 4667 858 4727; x_wconf 82' lang='lat' dir='ltr'><strong>Joan.</strong></span> <span class='ocrx_word' id='word_1_333' title='bbox 874 4687 904 4729; x_wconf 85' lang='lat' dir='ltr'><strong>n.</strong></span> <span class='ocrx_word' id='word_1_334' title='bbox 922 4672 952 4726; x_wconf 84' lang='lat'><strong>2.</strong></span> <span class='ocrx_word' id='word_1_335' title='bbox 974 4667 1012 4728; x_wconf 83' lang='grc' dir='ltr'><strong>Τ.</strong></span> <span class='ocrx_word' id='word_1_336' title='bbox 1029 4664 1059 4730; x_wconf 86' lang='grc'><strong>3.</strong></span> <span class='ocrx_word' id='word_1_337' title='bbox 1075 4665 1112 4725; x_wconf 87' lang='grc' dir='ltr'><strong>Ρ.</strong></span> <span class='ocrx_word' id='word_1_338' title='bbox 1130 4663 1161 4730; x_wconf 81' lang='grc'><strong>2.</strong></span> <span class='ocrx_word' id='word_1_339' title='bbox 1178 4686 1204 4724; x_wconf 89' lang='lat' dir='ltr'><strong>c.</strong></span> <span class='ocrx_word' id='word_1_340' title='bbox 1220 4662 1297 4726; x_wconf 84' lang='lat'><strong>494.</strong></span> <span class='ocrx_word' id='word_1_341' title='bbox 1323 4701 1364 4709; x_wconf 69' lang='lat'><strong>-,</strong></span> <span class='ocrx_word' id='word_1_342' title='bbox 1382 4659 1408 4748; x_wconf 73' lang='grc'><strong>7)</strong></span> <span class='ocrx_word' id='word_1_343' title='bbox 1426 4663 1539 4724; x_wconf 77' lang='lat' dir='ltr'><strong>OtDe</strong></span> 
     </span>
     <span class='ocr_line' id='line_1_40' title="bbox 344 4752 1537 4836; baseline 0 -19"><span class='ocrx_word' id='word_1_344' title='bbox 344 4765 430 4836; x_wconf 64' lang='lat' dir='ltr'><strong>grat.</strong></span> <span class='ocrx_word' id='word_1_345' title='bbox 449 4766 477 4818; x_wconf 84' lang='lat' dir='ltr'><strong>et</strong></span> <span class='ocrx_word' id='word_1_346' title='bbox 491 4757 542 4818; x_wconf 80' lang='lat' dir='ltr'><strong>lib.</strong></span> <span class='ocrx_word' id='word_1_347' title='bbox 559 4759 623 4816; x_wconf 83' lang='lat' dir='ltr'><strong>orb.</strong></span> <span class='ocrx_word' id='word_1_348' title='bbox 641 4778 666 4817; x_wconf 87' lang='lat' dir='ltr'><strong>c.</strong></span> <span class='ocrx_word' id='word_1_349' title='bbox 685 4759 734 4817; x_wconf 84' lang='lat'><strong>16.</strong></span> <span class='ocrx_word' id='word_1_350' title='bbox 752 4778 780 4818; x_wconf 84' lang='lat' dir='ltr'><strong>n.</strong></span> <span class='ocrx_word' id='word_1_351' title='bbox 798 4761 850 4818; x_wconf 83' lang='lat'><strong>32.</strong></span> <span class='ocrx_word' id='word_1_352' title='bbox 868 4778 892 4819; x_wconf 88' lang='lat' dir='ltr'><strong>o.</strong></span> <span class='ocrx_word' id='word_1_353' title='bbox 909 4761 960 4818; x_wconf 88' lang='lat'><strong>18.</strong></span> <span class='ocrx_word' id='word_1_354' title='bbox 975 4778 1006 4818; x_wconf 85' lang='lat' dir='ltr'><strong>n.</strong></span> <span class='ocrx_word' id='word_1_355' title='bbox 1025 4760 1076 4818; x_wconf 82' lang='lat'><strong>37.</strong></span> <span class='ocrx_word' id='word_1_356' title='bbox 1094 4753 1193 4822; x_wconf 66' lang='lat' dir='ltr'><strong>mlo.</strong></span> <span class='ocrx_word' id='word_1_357' title='bbox 1211 4777 1236 4815; x_wconf 92' lang='lat' dir='ltr'><strong>c.</strong></span> <span class='ocrx_word' id='word_1_358' title='bbox 1256 4752 1537 4835; x_wconf 61' lang='lat' dir='ltr'><strong>testaceorum.</strong></span> 
     </span>
     <span class='ocr_line' id='line_1_41' title="bbox 346 4845 958 4927; baseline -0.007 -15"><span class='ocrx_word' id='word_1_359' title='bbox 346 4857 471 4927; x_wconf 63' lang='lat' dir='ltr'><strong>morat.</strong></span> <span class='ocrx_word' id='word_1_360' title='bbox 488 4870 514 4913; x_wconf 82' lang='lat' dir='ltr'><strong>o.</strong></span> <span class='ocrx_word' id='word_1_361' title='bbox 531 4853 560 4910; x_wconf 85' lang='lat'><strong>2.</strong></span> <span class='ocrx_word' id='word_1_362' title='bbox 576 4870 606 4910; x_wconf 83' lang='lat' dir='ltr'><strong>a.</strong></span> <span class='ocrx_word' id='word_1_363' title='bbox 622 4851 652 4909; x_wconf 80' lang='lat'><strong>4.</strong></span> <span class='ocrx_word' id='word_1_364' title='bbox 670 4848 717 4914; x_wconf 81' lang='lat' dir='ltr'><strong>lb.</strong></span> <span class='ocrx_word' id='word_1_365' title='bbox 734 4869 761 4910; x_wconf 91' lang='lat' dir='ltr'><strong>c.</strong></span> <span class='ocrx_word' id='word_1_366' title='bbox 779 4845 854 4911; x_wconf 78' lang='lat'><strong>752.</strong></span> <span class='ocrx_word' id='word_1_367' title='bbox 871 4857 903 4910; x_wconf 85' lang='lat' dir='ltr'><strong>ot</strong></span> <span class='ocrx_word' id='word_1_368' title='bbox 918 4849 958 4909; x_wconf 85' lang='lat' dir='ltr'><strong>al.</strong></span> 
     </span>
    </p>
   </div>
   <div class='ocr_carea' id='block_1_8' title="bbox 0 0 1892 5625">
    <p class='ocr_par' dir='ltr' id='par_1_8' title="bbox 0 0 1892 5625">
     <span class='ocr_line' id='line_1_42' title="bbox 0 0 1892 5625; baseline 0 0"><span class='ocrx_word' id='word_1_369' title='bbox 0 0 1892 5625; x_wconf 95' lang='lat' dir='ltr'><strong> </strong></span> 
     </span>
    </p>
   </div>
  </div>
 </body>
</html>
