3775 5625
1477 425 1544 491 335

354 588 509 669 dignitate
525 590 663 668 reliquas
679 608 730 650 ros
749 600 873 651 creatas
890 590 1070 659 universas,
1093 591 1182 650 etiam
1199 591 1360 651 innumera
1376 601 1556 666 systemata

354 698 488 779 solaria,
502 699 595 778 longe
615 699 783 769 antecedit,
801 709 832 757 et
848 700 918 776 quia
932 701 1020 758 Deus
1036 700 1174 760 charitas
1192 710 1241 760 est
1256 699 1392 772 infinita,
1414 720 1470 777 pro
1487 722 1547 779 qua

353 807 485 885 generis
508 808 631 869 bomani
654 810 816 889 misertus,
839 810 915 868 alias
932 809 1146 888 intelligentes
1163 820 1290 869 naturas
1309 810 1386 869 baud
1405 811 1547 887 projecit,

356 918 413 976 ssd
430 936 537 978 earum
563 936 672 993 parem
688 937 794 979 curam
812 936 848 978 ao
865 917 1020 978 bominum
1046 937 1170 995 semper
1195 921 1303 995 procul
1335 920 1425 979 dubio
1457 919 1549 980 babet

353 1035 386 1085 et
418 1025 534 1086 babuit.
582 1028 712 1087 Judaeis
750 1037 850 1087 autem
883 1047 939 1087 sua
972 1028 1166 1111 improbitas·
1185 1030 1263 1087 satis
1294 1039 1379 1098 erat,
1412 1031 1549 1089 minime-

352 1154 413 1211 que
451 1137 580 1212 quadam
603 1137 690 1196 fatali
714 1136 903 1196 necessitate
930 1136 1000 1197 duci
1032 1138 1198 1206 debebant,
1220 1148 1252 1198 ut
1285 1138 1444 1198 Christum
1461 1141 1550 1199 cruci

352 1245 536 1322 affigerent.
561 1246 661 1304 Porro
689 1245 832 1305 Christus
849 1256 882 1304 ut
898 1248 985 1304 Deus
1006 1246 1112 1305 habuit
1133 1246 1325 1321 majestatem
1342 1249 1474 1318 laesam,
1499 1251 1550 1309 eni

349 1353 608 1414 satisfaciendum
633 1364 719 1425 crat,
746 1364 777 1415 et
797 1365 830 1413 ut
852 1355 940 1415 bonta
958 1357 1114 1424 actiones,
1132 1357 1241 1433 quibus
1258 1356 1443 1417 satisfacere
1461 1368 1544 1433 potc-

348 1472 419 1533 rat;
445 1472 535 1539 utque
551 1463 721 1524 infernales
737 1483 852 1541 poenae
869 1466 929 1541 ipsi
946 1466 1151 1524 exsolvendae
1169 1485 1205 1527 ac
1222 1466 1252 1525 in
1270 1477 1430 1528 aeternum
1447 1469 1548 1544 perie-

347 1573 470 1633 rendae
486 1572 567 1634 haud
583 1583 687 1643 erant,
704 1575 845 1650 quoniam
861 1574 922 1635 illis
938 1594 1037 1651 poena
1054 1576 1175 1634 omnino
1192 1577 1401 1653 aequivalens,
1417 1578 1478 1635 imo
1496 1596 1548 1635 ex·

347 1682 468 1744 cedens
485 1682 515 1740 in
533 1691 633 1742 morte
651 1683 718 1757 ejus
736 1686 876 1744 exsoluta
893 1696 951 1744 est.

464 1787 495 1852 4.
512 1793 709 1854 Innocen'tem
725 1812 812 1863 vero,
826 1794 930 1854 suffici
945 1795 976 1854 in
993 1796 1093 1854 loeium
1110 1795 1159 1853 rei
1175 1796 1211 1855 ad
1229 1814 1344 1872 poenas
1361 1797 1476 1856 dandas
1492 1815 1548 1872 pro

345 1900 487 1979 patratis
504 1902 677 1962 sceleribus
693 1913 800 1964 vetare
817 1904 980 1985 rationem,
995 1914 1104 1964 vetare
1122 1905 1254 1965 divinam
1272 1907 1549 1984 legem¹).-Per

346 2030 406 2081 se,
432 2019 463 2069 ct
485 2012 566 2070 nulla
582 2011 808 2074 interveniente
825 2032 920 2073 eausa
941 2014 1080 2092 legitima
1097 2033 1133 2075 ac
1150 2024 1319 2090 potestate,
1337 2016 1475 2085 omuino;
1501 2026 1550 2076 ast

344 2120 633 2180 intervenientibus
658 2122 756 2181 libera
772 2123 939 2193 electione,
963 2123 1106 2201 legitima
1122 2133 1291 2204 potestate,
1308 2124 1397 2181 bonis
1414 2124 1548 2203 ingenti·

345 2231 430 2300 bus,
452 2249 544 2306 porro
565 2231 666 2291 damni
691 2232 904 2308 reparatione,
920 2233 982 2291 imo
999 2233 1142 2302 foenore,
1161 2234 1294 2294 minime.
1320 2232 1405 2307 Quod
1423 2233 1453 2291 in
1472 2253 1546 2294 casu

345 2348 463 2399 nostro
493 2340 594 2399 locuni
625 2333 728 2402 habet,
761 2340 883 2400 Etenim
907 2341 1006 2416 primo
1030 2341 1175 2402 Christus
1198 2342 1347 2401 liberese
1365 2342 1549 2402 admortem

345 2451 424 2510 loco
457 2449 557 2508 nostri
588 2451 774 2509 subeundam
808 2451 927 2508 obtulit.
971 2448 1108 2511 Oblatas
1132 2461 1192 2528 est,
1214 2454 1549 2528 ootauwvotow).

348 2557 476 2616 Deinde
498 2559 639 2636 legitima
660 2568 814 2636 potestate
838 2559 920 2637 egit,
947 2569 1009 2619 tau
1026 2579 1065 2619 ex
1082 2572 1170 2637 parte
1196 2561 1317 2630 Patris,
1335 2560 1385 2639 qui
1401 2560 1552 2636 ejusmodi

348 2666 611 2745 subrogationem
633 2686 692 2725 non
714 2669 813 2726 solum
835 2669 995 2745 probavit,
1018 2671 1072 2728 sed
1089 2670 1222 2745 ipsemet
1238 2670 1326 2729 nobis
1344 2670 1488 2751 eontulit,
1505 2674 1553 2731 sic

350 2776 444 2839 enin
460 2778 552 2838 Deua
568 2777 685 2839 dilecte
699 2781 868 2848 mundum,
885 2788 922 2840 ut
936 2778 1063 2840 Filiam
1079 2797 1174 2840 suom
1190 2782 1392 2857 unigenitum
1407 2785 1550 2853 caroffi),

351 2905 447 2964 qnam
470 2906 509 2946 ex
528 2897 616 2964 parte
639 2905 709 2960 sua,
733 2907 802 2949 curn
829 2898 914 2948 esset
936 2890 1020 2949 vitae
1045 2909 1119 2949 suae
1135 2891 1303 2957 Dominus,
1328 2899 1432 2965 utpote
1449 2892 1551 2950 Deus·

351 2997 446 3055 bomo
459 2998 498 3069 ⁴).
524 2999 602 3054 Tum
626 2996 787 3056 innumera
811 2997 880 3055 inde
903 3007 1072 3058 consecuta
1093 3008 1165 3057 sunt
1185 3000 1280 3067 bona,
1306 2998 1454 3075 siquidem
1487 3017 1553 3058 ursa

355 3108 521 3166 oblatione
551 3109 785 3167 consummavit
804 3109 839 3166 in
859 3110 1089 3183 sempiternum
1120 3109 1388 3181 neocaesaraea).
1412 3108 1551 3184 Denique

355 3215 475 3283 damni,
499 3216 576 3292 quod
598 3235 654 3293 per
675 3225 805 3276 mortem
827 3235 997 3293 perpessus
1014 3226 1063 3275 est
1081 3217 1242 3286 tibristus,
1261 3219 1385 3276 uberem
1403 3234 1552 3276 consecu-

357 3335 409 3385 tus
426 3335 476 3384 est
491 3325 719 3402 reparationem
744 3345 799 3402 per
826 3326 1044 3385 excitationem
1060 3346 1078 3384 a
1096 3327 1243 3398 mortuis,
1260 3347 1316 3404 per
1334 3325 1551 3386 exaltationem

357 3445 390 3495 et
406 3434 537 3493 nominis
554 3434 686 3513 gloriam
697 3431 736 3508 ⁰).
755 3434 837 3509 Quae
855 3454 946 3512 quum
963 3436 993 3493 in
1011 3436 1094 3494 nulla
1110 3444 1219 3495 natura
1234 3436 1428 3514 intelligente
1446 3443 1553 3493 creata

358 3545 462 3604 locum
479 3542 649 3602 obtineant:
674 3552 774 3619 patet,
798 3553 887 3604 extra
909 3562 976 3602 rem
993 3562 1011 3601 a
1028 3543 1204 3603 Socinianis
1231 3554 1415 3624 argumenta
1431 3544 1552 3622 urgeri,

358 3655 426 3712 sive
444 3672 482 3710 ex
499 3651 619 3710 ratione
636 3649 702 3711 sine
720 3672 758 3711 ex
783 3654 854 3731 lege
881 3653 992 3712 divina.
1017 3655 1309 3714 Deuteronomii
1326 3655 1467 3714 mandato
1485 3664 1551 3713 tan·
1573 3658 1575 3663 '

328 3784 331 3789 ·
359 3773 424 3823 tum
441 3772 578 3830 vetatur,
595 3763 756 3839 quominus
779 3764 850 3821 tiliis
872 3773 924 3822 aut
945 3774 1091 3840 parentes
1112 3764 1237 3824 innocui
1257 3764 1434 3824 afficiantur
1455 3782 1552 3839 poena

359 3872 576 3950 aparentibus
594 3882 646 3931 aut
661 3872 733 3930 filiis
751 3873 933 3948 promerita;
952 3874 1028 3949 apud
1046 3873 1283 3934 llzeobielem
1302 3883 1402 3933 autern
1420 3883 1468 3932 cst
1485 3892 1553 3930 ser·

361 4002 410 4043 mo
427 3983 464 4044 de
481 3981 626 4058 praemiis
644 3991 675 4040 et
691 3981 798 4058 poenis
814 3983 896 4041 vitae
914 3983 1059 4055 alterius,
1077 4002 1153 4059 quae
1170 4001 1245 4042 sane
1263 3983 1425 4059 unicuique
1443 4000 1552 4042 sccun-

361 4093 431 4153 dum
451 4091 610 4168 proprium
632 4092 773 4150 meritum
799 4093 1020 4167 rependentur3
1043 4093 1088 4150 ita
1103 4102 1137 4151 ut
1155 4094 1317 4168 adpareat,
1343 4110 1440 4168 neque
1456 4092 1553 4160 illum,

362 4221 462 4279 neque
479 4200 560 4261 hunc
577 4202 678 4260 locum
695 4201 731 4260 ad
749 4219 814 4259 rem
832 4211 970 4260 nostram
987 4202 1156 4278 pertinere.

471 4305 502 4371 5.
528 4313 569 4370 nr
585 4311 727 4387 justitiae
751 4311 871 4370 divinae
898 4312 1088 4371 contrarium
1105 4329 1192 4382 csse,
1213 4312 1407 4371 innocentem
1425 4321 1456 4371 et
1472 4308 1553 4368 omni

363 4430 493 4498 peceato
518 4430 675 4480 carentem
696 4421 820 4498 punire,
843 4421 1001 4498 eidemque
1018 4421 1119 4480 aliena
1143 4431 1274 4498 peecata
1289 4422 1440 4497 imputare
1455 4419 1494 4492 ²).
1511 4451 1553 4464 -

364 4588 581 4603 W

473 4693 498 4770 ¹)
517 4692 562 4755 Ol.
578 4693 670 4753 Dent.
688 4689 742 4765 24,
762 4689 812 4754 16.
829 4690 940 4753 Erech.
961 4688 1012 4763 18,
1030 4687 1082 4754 20.
1099 4729 1143 4737 -
1160 4690 1237 4774 ²)Is.
1255 4689 1309 4769 53,
1328 4689 1358 4756 i.
1370 4730 1413 4740 -
1424 4695 1450 4775 8)
1462 4691 1553 4759 Joan.

366 4781 395 4858 3,
414 4783 466 4848 16.
501 4782 547 4845 (il.
571 4785 659 4845 Rom.
677 4780 708 4857 8,
725 4780 780 4850 32.
798 4819 838 4828 —
857 4783 883 4864 ⁴)
899 4783 993 4846 Joan.
1012 4781 1065 4857 10,
1083 4781 1134 4846 18.
1150 4818 1194 4830 —
1212 4786 1239 4861 Ε)
1256 4785 1352 4847 Hebr.
1373 4784 1423 4860 10,
1442 4785 1493 4848 14.
1511 4822 1552 4834 -

368 4874 394 4957 ⁸)
410 4875 457 4939 ci.
474 4875 604 4956 Philipp.
622 4872 652 4949 2,
669 4871 790 4939 9-11,
808 4908 849 4920 --
871 4874 895 4954 ⁷)
912 4874 1035 4940 Socin.
1052 4878 1100 4936 De
1117 4874 1232 4938 cbrist.
1246 4875 1362 4943 Scluat.
1375 4896 1409 4952 p.
1419 4881 1448 4940 2.
1466 4898 1490 4940 c.
1508 4881 1538 4944 5.
