3775 5625
773 729 993 821 Titulus
1038 730 1114 825 lll.

738 965 1090 1037 TRAG'I’A'I'US
1108 968 1139 1034 Ι.

474 1154 539 1229 De
548 1150 899 1252 justificatione,
920 1178 993 1225 seu
1012 1150 1229 1251 depretia
1249 1150 1413 1225 divina.

730 1481 756 1561 ξ.
773 1474 839 1546 81.
855 1476 1163 1547 Prooemium.

453 1665 497 1722 dd
515 1663 734 1722 redemtionem
751 1675 902 1733 nostram,
918 1664 949 1722 in
967 1683 1061 1724 cruce
1079 1673 1247 1740 pernetam,
1265 1662 1469 1722 sanctificatio
1488 1680 1538 1720 ae·

340 1774 445 1833 cedat
460 1791 591 1831 neeesse
608 1782 667 1830 est.
707 1775 782 1832 Nam
799 1775 872 1845 etsi,
899 1774 1149 1851 quemadmodum
1173 1772 1376 1839 ostendimus,
1395 1771 1539 1829 Christus

333 1883 498 1941 Dominus
520 1901 577 1940 sua
599 1882 741 1958 passione
766 1900 802 1943 aa
825 1894 923 1941 morte
941 1883 1028 1941 nobis
1045 1892 1203 1941 aelernam
1221 1881 1439 1940 redemtionem
1457 1880 1539 1938 adin·

336 1991 449 2049 venit:
481 2010 547 2049 non
579 1980 687 2050 tuanen
719 1996 835 2051 nnnrlts
866 1994 938 2067 &aas
969 1992 1177 2069 beneficium,
1211 2000 1244 2049 ut
1274 1989 1379 2048 verbis
1409 1990 1540 2049 Concilii

337 2099 522 2160 Tridentini
562 2110 701 2170 utamur,
734 2105 925 2179 recipimus,
964 2105 1029 2159 nisi
1059 2101 1155 2159 nodis
1185 2104 1334 2159 meritum
1369 2103 1541 2177 passionis

338 2213 420 2286 ejus
452 2214 732 2269 ennnnnunicetur:
765 2210 913 2268 redemtio
945 2209 975 2267 in
1009 2229 1043 2267 se
1084 2218 1212 2285 peraeta
1249 2209 1339 2267 simul
1379 2208 1408 2265 in
1451 2209 1538 2267 nobis

341 2318 473 2396 perlici,
495 2320 654 2397 generalis
687 2318 842 2394 specialis,
876 2319 1039 2393 objectiva,
1071 2319 1098 2376 si
1128 2319 1172 2376 ita
1202 2318 1284 2394 loqui
1316 2317 1363 2376 ias
1387 2320 1538 2388 est‚sub-

335 2427 463 2503 jeetiva
495 2428 564 2485 lieri
596 2429 694 2486 debet.
719 2429 864 2487 Praestat
888 2437 989 2487 autem
1021 2428 1078 2487 hoe
1116 2428 1262 2487 Salvator
1289 2427 1401 2484 sedens
1424 2446 1441 2485 a
1468 2429 1539 2486 dex·

339 2536 405 2596 tris
441 2535 613 2610 majestatis
645 2537 674 2594 in
708 2538 854 2604 excelsis,
892 2556 948 2595 nos
978 2557 1033 2614 per
1064 2538 1214 2613 Spiritum
1233 2538 1267 2597 S.
1286 2536 1486 2611 justificando
1504 2556 1540 2595 ae

333 2625 587 2715 sanctificando,
620 2665 679 2704 nou
702 2656 819 2704 tantum
845 2648 874 2704 in
903 2648 990 2705 nobis
1012 2666 1068 2723 per
1097 2648 1224 2705 eundem
1248 2646 1398 2722 Spiritum
1417 2648 1451 2710 S.
1468 2666 1540 2726 gra·

341 2755 422 2816 tiam
440 2754 522 2814 illam
539 2755 720 2826 diffundens,
738 2774 797 2833 pias
814 2756 901 2815 nobis
918 2756 982 2816 vita
1000 2755 1180 2838 spiritualis,
1197 2757 1346 2817 sanctitas
1365 2767 1396 2816 et
1406 2756 1541 2837 justitia,

342 2884 405 2942 per
423 2875 583 2940 peecatum
601 2866 725 2946 amissa,
741 2866 853 2924 iterum
872 2866 1064 2939 restituitur,
1087 2886 1202 2944 nosque
1221 2887 1258 2924 ex
1274 2868 1398 2941 injustis
1416 2885 1452 2927 ae
1469 2886 1539 2943 peo-

343 2973 507 3035 eatoribus
518 2973 597 3047 justi
614 2984 645 3032 et
661 2976 760 3034 saneti
779 2976 942 3044 efficimur,
960 2977 1014 3034 sed
1032 2986 1063 3034 et
1079 2977 1162 3035 illam
1180 2977 1363 3045 concedens,
1380 2995 1435 3053 per
1452 2995 1541 3053 quam

343 3085 385 3143 ad
397 3083 653 3158 justificationem
672 3085 876 3162 disponimur,
898 3095 988 3162 atque
1010 3085 1039 3143 in
1062 3095 1189 3160 accepta
1213 3085 1338 3159 justitia
1359 3104 1540 3163 persevera-

343 3213 430 3262 mus,
463 3201 493 3250 et
528 3193 638 3271 dignos
671 3193 737 3267 ejus
771 3195 892 3253 fruetus
920 3195 1060 3254 facimus.
1099 3196 1197 3252 Prout
1214 3204 1314 3252 autem
1332 3194 1538 3255 sanctificatio

342 3303 456 3384 gratia
476 3302 535 3360 Dei
553 3322 610 3360 nou
635 3304 732 3361 solum
750 3304 920 3378 perlinitur,
936 3322 1045 3362 verum
1072 3304 1163 3362 etiam
1184 3321 1239 3379 per
1261 3305 1387 3362 eandem
1408 3323 1537 3380 praepa·

342 3422 450 3480 ratur,
490 3421 682 3471 sustentatur
722 3432 757 3472 ae
797 3413 985 3474 fruetificat:
1025 3415 1068 3472 ita
1107 3413 1246 3472 vicissim
1287 3414 1384 3471 omnis
1425 3413 1539 3493 gratia,

341 3521 438 3582 uobis
470 3521 616 3579 divinitus
651 3541 812 3593 consessa,
845 3523 881 3581 ad
914 3523 1192 3584 sanctificationem
1225 3541 1260 3583 aa
1284 3523 1539 3596 justificationem

343 3639 490 3691 nostram
507 3631 615 3692 tendit.
655 3632 739 3690 Unde
750 3632 823 3706 jure
841 3642 1008 3693 tractatum
1026 3642 1220 3709 praesentem
1244 3633 1280 3691 de
1302 3634 1493 3692 redemtione
1511 3633 1540 3692 in

345 3741 450 3810 nobis,
469 3741 505 3798 de
517 3740 741 3814 justificatione
760 3761 815 3800 seu
832 3742 868 3800 de
886 3741 990 3820 gratia
1007 3742 1108 3800 divina
1124 3741 1351 3819 inscripsimus.

458 3853 516 3907 Est
534 3860 635 3908 autem
653 3860 807 3910 tractatus
825 3851 871 3910 sie
888 3851 1070 3930 gravissimi
1088 3851 1242 3912 momenti.
1261 3851 1383 3910 Etenim

458 3956 487 4018 1.
505 3960 610 4037 gratia
627 3959 729 4019 divina
745 3971 794 4019 est
811 3961 966 4031 conditio,
991 3961 1057 4018 siue
1080 3979 1138 4038 qua
1161 3959 1280 4018 omnino
1304 3979 1362 4019 nou
1379 3979 1544 4036 possumus

348 4069 387 4128 ad
418 4069 510 4127 finem
543 4079 682 4127 nostrum
700 4072 966 4146 supernaturalem
990 4070 1164 4146 pervenire.
1189 4069 1273 4127 Unde
1297 4069 1475 4143 euJuslibet,
1494 4071 1543 4129 eui

352 4178 552 4236 sanctissima
568 4178 699 4236 nondum
716 4179 880 4252 viluerunt,
898 4199 972 4257 prae
990 4180 1129 4239 omnibus
1147 4197 1236 4255 quam
1249 4177 1371 4237 maximi
1389 4179 1544 4237 interesse

352 4287 444 4345 debet
460 4285 544 4345 illius
561 4287 703 4357 indolem,
721 4288 925 4359 conditiones,
945 4299 1005 4352 ete.
1023 4291 1171 4350 adcurate
1189 4306 1291 4346 nosse.

458 4391 489 4456 2.
506 4399 539 4454 ln
558 4397 619 4455 SS.
637 4397 777 4467 Litteris,
795 4417 852 4458 uee
869 4418 927 4457 uon
944 4399 974 4457 in
991 4398 1116 4474 seriptis
1136 4398 1196 4457 SS.
1212 4398 1340 4455 Patrum
1366 4415 1453 4474 quam
1476 4416 1544 4456 sae-

355 4505 478 4581 pissime
496 4507 532 4564 de
551 4507 655 4584 gratia
677 4507 779 4566 divina
795 4526 900 4565 sermo
916 4508 1105 4576 instituitur,
1130 4508 1173 4565 ita
1196 4516 1229 4565 ut
1245 4506 1298 4565 illa
1314 4526 1351 4564 ne
1369 4507 1545 4586 intelligere

359 4615 473 4690 quidem
491 4634 656 4692 queamus,
679 4616 739 4675 nisi
765 4618 855 4677 nobis
875 4618 994 4691 justam
1005 4616 1241 4692 justificationis
1259 4626 1289 4674 et
1307 4617 1429 4694 gratiae
1448 4615 1544 4675 notio·

360 4740 423 4783 uem
439 4725 722 4784 informaverimus.

459 4848 490 4912 3.
506 4856 565 4912 Est
581 4854 722 4914 doctrina
738 4855 815 4915 haee
831 4855 921 4932 paulo
938 4853 1112 4927 diffieilior,
1136 4853 1240 4913 multis
1257 4854 1393 4932 seopulis
1415 4853 1545 4929 consita,

359 4969 385 5021 et
399 4981 582 5042 magnorum
597 4963 793 5043 ingeniorum
809 4964 973 5045 naufragio
990 4964 1119 5027 famosa.
1145 4964 1282 5027 Tandem
