3775 5625
1407 423 1473 501 ill

281 616 391 661 sermo
409 594 447 661 de
463 594 582 681 populo
598 592 792 673 lsraelitieo,
808 593 912 683 aitque
929 617 988 683 per
1003 598 1194 685 Prophetam
1211 593 1343 674 labora,
1360 615 1395 663 se
1412 598 1472 663 lar·

279 726 324 794 ga
339 728 435 771 manu
452 705 558 771 omnia
574 706 728 771 lsrailitis
743 707 961 793 praestitisse,
978 708 1092 794 quibus
1109 710 1157 774 eis
1174 730 1255 795 opus
1273 720 1356 784 erat,
1373 721 1407 773 ut
1423 728 1472 773 se·

279 816 337 881 luti
353 837 484 902 operam
501 830 669 891 navarent,
692 819 834 903 adeoque
851 831 883 883 et
899 818 1035 905 gratiam
1067 818 1253 884 interiorem
1286 818 1473 895 contulisse,

268 925 324 991 ¹ita
339 939 375 991 ut
391 948 434 991 ex
449 948 508 991 sua
524 940 614 1011 parte
638 949 698 1012 pro
721 926 846 991 illorum
870 927 1051 993 corrditioue
1068 928 1143 992 nibil
1160 929 1295 1014 amplius
1311 928 1382 993 beri
1398 950 1487 1013 pos·¹

279 1048 339 1100 set.
373 1038 575 1121 Acceperunt
605 1036 711 1121 itaque
742 1038 893 1123 gratiam,
916 1058 996 1123 quac
1018 1037 1133 1103 ellectu
1166 1038 1291 1123 quidem
1325 1039 1475 1105 destituta

278 1158 359 1221 erat,
370 1159 507 1211 attamen
525 1147 698 1231 perfectam
716 1168 753 1211 ac
769 1148 1043 1232 proportionatam
1056 1148 1227 1233 potentiam
1245 1149 1284 1212 ad
1301 1149 1381 1212 bene
1399 1168 1472 1233 ope·

279 1255 414 1319 randum
429 1254 491 1319 illis
508 1257 701 1330 contulerat,
717 1255 780 1320 nisi
796 1256 880 1321 enim
898 1257 1003 1344 gratia
1020 1277 1177 1321 concessa
1195 1256 1279 1320 vires
1297 1258 1334 1321 ad
1352 1256 1473 1321 fruetus

279 1365 509 1450 producendos
531 1386 627 1450 pares
649 1367 902 1451 suppeditasset,
926 1368 1014 1431 Deus
1035 1369 1136 1431 hosce
1152 1367 1272 1432 frustra
1288 1378 1472 1451 exspectas·

278 1487 339 1538 set.
364 1474 452 1537 ldem
468 1475 564 1538 docet
581 1474 767 1539 Christus
784 1461 973 1539 Dominus
990 1477 1073 1560 apud
1089 1476 1319 1541 Matthaaum
1335 1474 1386 1540 bis
1401 1495 1472 1539 ver·

278 1584 346 1647 bis:
369 1586 435 1645 Vae
459 1589 517 1646 tibi
546 1584 729 1658 Coronam,
755 1605 814 1646 oue
831 1590 888 1647 tibi
904 1586 1099 1647 Bethsaida:
1115 1591 1209 1663 prtia,
1226 1586 1255 1648 si
1271 1591 1306 1647 iu
1326 1586 1427 1665 Tyro,
1443 1594 1475 1648 et
1502 1629 1505 1633 ι

278 1692 405 1756 Sidone
433 1697 545 1768 foetae
575 1706 683 1757 essent
708 1700 857 1760 uirtutes.
884 1697 1093 1773 quaefactae
1109 1700 1235 1758 suntin
1252 1700 1357 1767 uobis,
1380 1698 1474 1757 otim

277 1808 319 1864 in
341 1808 495 1875 cilicio,
516 1808 1007 1883 etcinerepoenitentiem
1023 1810 1215 1882 epissent.
1247 1807 1473 1867 Verumtamen

277 1916 350 1974 dieo
376 1917 484 1974 vobis:
521 1914 606 1992 Tyro
632 1923 664 1975 et
687 1911 805 1975 Sidoni
826 1915 996 1975 remissius
1021 1918 1084 1975 erit
1098 1918 1134 1975 in
1148 1918 1200 1974 die
1216 1917 1357 1992 Judioii‚
1377 1933 1474 1991 quom

277 2026 370 2084 nobis
380 2024 417 2099 ¹).
448 2022 601 2084 Poterant
621 2042 702 2107 ergo
725 2020 849 2086 incolae
874 2021 1036 2087 Corouaiu
1053 2033 1085 2085 et
1100 2020 1289 2086 Bethsaidae
1305 2020 1470 2106 poeniten·

276 2128 355 2192 tiam
375 2149 473 2215 agere
489 2140 522 2192 et
538 2128 697 2204 converti,
723 2130 847 2215 ipsique
872 2130 933 2193 soli
949 2129 980 2193 in
998 2150 1096 2195 causa
1118 2142 1223 2205 erant,
1240 2151 1338 2216 quare
1355 2149 1472 2194 revera

276 2258 342 2301 non
367 2236 433 2300 sint
452 2237 617 2311 conversi,
640 2250 812 2323 eapropter
835 2258 961 2323 quoquc
984 2258 1121 2322 poenam
1145 2238 1257 2302 daturi.
1290 2239 1362 2303 Nou
1380 2252 1470 2323 pote·

275 2359 351 2411 rant
370 2357 475 2409 antem
497 2347 724 2431 poeniteutiam
747 2367 844 2434 agere
867 2346 936 2411 sine
954 2346 1060 2433 gratia
1075 2346 1215 2421 interna,
1232 2345 1331 2433 eique
1348 2369 1423 2412 rere
1440 2360 1473 2413 et

275 2454 410 2519 relative
441 2453 619 2519 sufficiente
651 2458 690 2520 ad
722 2455 1015 2539 concupiscentiam
1048 2455 1244 2541 oppositam3
1278 2468 1472 2541 quapropter

275 2566 358 2628 baec
372 2563 452 2647 ipsis
470 2565 584 2629 deesse
602 2586 798 2650 nequaquam
822 2576 956 2649 poterat.
981 2564 1120 2639 Deinde,
1138 2587 1232 2649 quum
1250 2565 1368 2629 loanni
1384 2565 1473 2629 risus

276 2674 337 2739 ait:
360 2676 447 2737 Eece
463 2687 512 2737 sto
529 2683 572 2737 od
587 2681 717 2756 ostium,
735 2689 767 2737 et
778 2683 889 2755 pulso,
913 2695 970 2759 per
993 2674 1238 2739 illuminationes
1256 2687 1288 2738 et
1304 2673 1470 2739 excitatio-

276 2805 336 2849 nes
352 2782 496 2848 internas
513 2796 606 2869 atque
627 2796 796 2849 externas:
822 2791 945 2864 siquis
969 2791 1147 2848 audierit
1177 2806 1306 2848 uocem
1337 2804 1470 2863 meant,

275 2893 508 2978 inspirationes
525 2914 614 2958 meas
630 2894 731 2958 libero
749 2915 808 2958 suo
826 2892 958 2957 arbitrio
976 2894 1155 2967 admiserit,
1173 2900 1333 2958 intrabo
1357 2902 1403 2956 ud
1423 2898 1472 2954 it-

278 3011 372 3078 tum,
397 3025 455 3087 ρει·
471 3003 607 3090 gratiam
620 3004 865 3087 justificantem,
882 3016 914 3067 et
928 3010 1067 3066 coenabo
1090 3025 1161 3067 eum
1181 3007 1254 3077 illo,
1276 3015 1307 3066 et
1322 3011 1390 3084 ipse
1404 3024 1472 3064 ute·

278 3135 365 3186 enm,
386 3112 597 3176 familiaritate
622 3134 692 3176 inea
714 3113 852 3186 fruetur,
884 3111 1021 3197 mihique
1054 3111 1339 3196 corrjunctissimus
1363 3110 1423 3176 erit
1433 3115 1472 3189 ²).

278 3221 357 3310 Agit
379 3220 484 3306 itaque
506 3220 653 3286 Christus
676 3222 771 3286 etiam
788 3221 831 3285 ita
847 3221 879 3284 iu
896 3221 1056 3285 homiuem
1073 3219 1132 3285 suri
1147 3219 1266 3308 gratiis,
1290 3233 1324 3284 ut
1339 3219 1473 3284 allectus

278 3344 371 3396 certo
392 3329 594 3394 infallibiliter
616 3354 679 3395 non
704 3343 869 3417 sequatur,
892 3332 950 3395 sed
971 3330 1061 3415 sequi
1084 3343 1220 3405 tarrtum,
1244 3343 1380 3394 attamen
1398 3348 1474 3392 vere

277 3440 400 3525 possit,
416 3439 459 3502 ita
476 3439 618 3523 quidem,
636 3454 668 3504 ut
683 3443 784 3505 hocce
802 3439 930 3504 nonnisi
947 3441 985 3504 ab
1003 3440 1129 3504 bomine
1147 3441 1293 3525 pendeat.
1310 3441 1380 3503 Huc
1396 3458 1471 3522 qno·

279 3570 341 3634 que
364 3561 510 3633 spectant
529 3551 628 3614 verba
654 3551 860 3635 Stephani,
892 3550 1005 3635 quibus
1038 3548 1186 3613 duritiem
1217 3549 1412 3614 ludaeorum
1437 3567 1475 3611 ae

280 3671 395 3723 contra
412 3671 459 3722 tot
474 3658 598 3722 interna
614 3671 647 3723 et
662 3672 796 3723 externa
812 3658 936 3746 gratiae
954 3656 1077 3722 divinae
1094 3657 1256 3743 praesidia
1272 3671 1305 3722 et
1320 3655 1475 3722 beneficia

278 3769 434 3832 rebellem
450 3768 644 3832 voluntatem
660 3767 879 3852 reprehendit,
897 3767 1022 3832 diceus:
1047 3771 1144 3830 Iluro
1169 3775 1306 3840 ceruice,
1324 3779 1354 3830 et
1370 3771 1475 3829 incir-

280 3883 434 3941 cumcisis
459 3883 624 3949 eor-didus,
648 3890 680 3940 et
705 3884 856 3950 nuribus,
878 3898 936 3940 ees
962 3898 1086 3957 semper
1111 3877 1293 3957 Spiritui
1314 3876 1351 3938 S.
1375 3880 1475 3936 resi-

280 3991 412 4066 stitis,
431 3992 517 4049 sicut
531 3989 653 4048 Patres
670 3991 783 4065 vestri,
802 3993 849 4049 ito
864 3999 897 4049 et
910 4006 969 4049 uos
982 3987 1019 4066 ³).
1043 3984 1162 4064 Quibus
1180 3989 1212 4049 S.
1229 3983 1392 4047 Diacouns
1409 4003 1474 4046 ma·

279 4115 348 4183 gna
378 4094 522 4158 libertate
555 4095 696 4158 ludaeos
728 4094 853 4178 publice
877 4094 997 4182 arguit,
1019 4093 1110 4178 ipsos
1132 4115 1189 4156 sua
1207 4091 1421 4156 obstinatione
1438 4111 1476 4154 ac

280 4201 465 4290 pervicacia
480 4203 615 4290 gratiam
632 4203 664 4267 iu
682 4225 717 4267 se
734 4204 860 4268 inauem
877 4226 916 4268 ac
931 4204 1144 4268 frustraneam
1160 4203 1305 4266 reddere.

392 4335 432 4394 B.
455 4332 578 4394 Eadem
601 4352 725 4416 quicque
748 4345 798 4396 est
820 4332 966 4396 doctrina
983 4334 1042 4394 SS.
1059 4332 1224 4420 Petrum.
1258 4327 1313 4393 sic
1338 4328 1381 4392 ait
1397 4332 1474 4393 Arn-

281 4439 459 4506 brosins:
491 4443 660 4520 Numquid
683 4447 712 4504 si
742 4447 815 4521 quis
839 4448 923 4506 estio
943 4450 1057 4504 domus
1079 4463 1158 4503 suae
1178 4444 1311 4520 claudit,
1334 4445 1414 4502 sotis
1429 4452 1479 4503 est

282 4557 394 4628 eulpa,
410 4558 497 4629 quod
510 4571 576 4613 nort
592 4555 753 4614 illuminet
768 4561 895 4614 domum
910 4548 1006 4632 eJ'us?
1029 4551 1122 4628 Erpa
1133 4556 1169 4635 'si
1184 4555 1258 4630 puis
1270 4559 1476 4630 peecatorum

395 4783 419 4872 ¹)
435 4789 542 4849 Mattb.
562 4786 614 4861 11,
627 4785 769 4849 21-22.
788 4787 833 4850 Of.
845 4787 897 4860 23,
910 4787 964 4851 37.
981 4825 1026 4835 —-
1043 4785 1070 4873 ²)
1081 4789 1179 4868 Apoc.
1191 4786 1222 4863 3,
1234 4785 1286 4849 20.
1304 4821 1347 4832 -
1365 4789 1393 4863 ³)
1404 4785 1475 4848 Act.

284 4874 389 4954 lbi„
406 4877 451 4942 ct.
468 4878 500 4947 2.
519 4878 589 4948 (lor,
606 4876 637 4954 6,
656 4878 684 4940 l.
706 4879 733 4944 1.
751 4880 861 4950 Thess,
878 4877 910 4957 5,
930 4878 981 4944 19.
998 4881 1089 4944 Prov.
1109 4879 1138 4958 1,
1156 4876 1209 4946 24.
1227 4879 1267 4945 ts.
1286 4875 1338 4956 65,
1357 4875 1408 4948 12.
