3775 5625
1477 389 1537 454 101

343 556 492 631 incitate,
511 554 664 629 utilitate,
682 556 922 613 necessitate
938 556 1135 631 discernere,
1154 556 1292 632 videres,
1311 573 1405 632 onom
1422 574 1538 633 super-

339 666 404 739 fluo
425 672 491 723 tom
505 667 610 723 mutto
629 663 782 723 diriores.
816 660 894 722 Non
925 665 1011 722 enim
1042 665 1091 723 ait
1112 661 1290 725 Dominus:
1326 662 1392 738 Oui
1424 669 1542 727 uiderit

340 775 523 850 mutierem,
541 776 598 831 sed
612 773 670 848 qui
685 772 805 831 viderit
818 775 862 829 ad
876 773 1177 851 concupiscendum,
1202 774 1276 850 jam
1291 775 1478 837 moechatus
1493 786 1541 838 est

341 900 407 944 can
425 884 463 941 in
478 885 575 942 corde
590 898 660 941 suo.
692 876 780 940 Ecce
811 898 940 940 sensum
963 882 1092 941 videndi
1112 902 1132 941 o
1153 862 1292 943 libidine*
1316 887 1487 965 sentiendi,
1511 889 1541 946 si

339 995 501 1072 perricaa
514 1009 582 1051 non
598 992 657 1068 sis,
676 992 817 1049 breviter
832 998 1005 1066 operteque
1021 993 1182 1053 discrevit.
1215 992 1306 1053 Iitud
1318 993 1409 1055 Deus
1424 999 1539 1057 condi·

341 1104 398 1181 tit,
417 1103 611 1161 instruendo
629 1116 748 1176 corpus
764 1098 957 1159 numanum:
975 1102 1078 1160 iitud
1096 1103 1282 1162 diabotus
1305 1106 1538 1184 seminarit,

340 1213 565 1290 persuadendo
584 1217 749 1287 peccatum
761 1210 798 1284 ¹).
830 1207 934 1290 Atque
956 1204 1029 1269 alibi
1046 1206 1085 1270 de
1101 1204 1285 1273 infirmitate
1301 1210 1475 1276 voluntatis
1492 1211 1538 1276 lo·

342 1338 458 1407 queris:
475 1316 623 1396 Sedpost
637 1321 729 1379 iiiam
743 1321 875 1378 ruinam
890 1319 996 1395 major
1012 1328 1062 1379 est
1075 1322 1301 1381 misericordia
1316 1321 1389 1395 Dei,
1406 1329 1538 1399 quando

342 1433 499 1509 stipium
519 1432 656 1490 liberum
687 1430 859 1488 arbitrium
890 1430 1092 1489 liberandum
1112 1439 1161 1490 est
1175 1450 1197 1489 a
1212 1435 1379 1511 servitute,
1402 1435 1457 1493 cui
1473 1439 1539 1493 do·

342 1544 517 1603 minatur
540 1557 623 1599 cum
645 1546 770 1599 morte
791 1542 1050 1615 peccatum2).

448 1646 478 1711 3.
502 1644 619 1712 Cone.
651 1641 928 1709 Tridentinum
948 1641 980 1707 in
1002 1644 1133 1709 decreto
1165 1653 1204 1708 de
1224 1660 1357 1725 peccato
1381 1654 1538 1727 oripinati

345 1754 469 1823 definit:
488 1755 529 1819 Si
545 1760 619 1835 quis
634 1775 702 1818 non
717 1757 899 1831 confitetur,
907 1759 1050 1833 primum
1060 1758 1221 1819 bominem
1229 1758 1345 1839 Adam,
1357 1778 1429 1821 cum
1444 1779 1539 1821 man·

341 1874 454 1931 uncas
469 1866 533 1928 Dei
549 1870 585 1927 in
597 1868 753 1942 paradiso
768 1868 892 1944 suisset
906 1876 1149 1944 transprcssus,
1168 1872 1276 1930 statim
1292 1873 1494 1932 sanctitatem
1510 1881 1542 1931 et

329 1978 518 2057 iustitiam,
541 1978 577 2036 in
596 1993 661 2053 oua
677 1978 875 2036 constitutus
887 1976 1019 2048 fuerat,
1042 1979 1206 2048 omisisse,
1223 1980 1468 2057 incurrissemus
1480 1999 1541 2058 per

342 2086 501 2165 offensam
514 2085 812 2164 praevaricationis
832 2084 1019 2162 buJ'usmodi
1034 2087 1133 2157 iram,
1150 2095 1183 2146 et
1196 2088 1450 2162 indipnationem
1465 2089 1540 2162 Dei,

342 2206 439 2276 atque
460 2198 532 2256 ideo
553 2201 705 2273 mortem,
729 2212 827 2271 auam
841 2203 938 2255 anteo
953 2197 1005 2255 iiii
1021 2198 1234 2256 comminatus
1246 2197 1363 2268 fuerat
1380 2198 1473 2259 Deus
1480 2242 1493 2278 ,
1510 2208 1544 2259 et

342 2324 414 2370 cum
427 2314 534 2367 morte
548 2306 767 2383 captivitatem
787 2307 846 2364 sub
862 2306 934 2382 ejus
948 2313 1125 2384 potestate,
1144 2308 1201 2382 qui
1216 2309 1331 2367 mortis
1346 2310 1461 2369 deiude
1476 2308 1540 2369 ba·

342 2419 412 2479 buit
424 2416 611 2494 imperium,
629 2414 691 2475 boc
705 2424 767 2493 est,
786 2416 926 2493 diaboii,
945 2423 1110 2492 totumque
1128 2415 1240 2492 Adam,
1258 2436 1318 2493 per
1334 2420 1425 2477 ittam
1437 2436 1539 2495 proc-

342 2528 562 2590 mendonis
578 2522 749 2604 offensam,
777 2529 951 2586 secundum
976 2544 1120 2603 corpus
1143 2534 1175 2587 et
1190 2528 1358 2587 animam
1378 2530 1420 2587 in
1435 2533 1539 2589 dcte·

342 2640 435 2699 rius
451 2643 724 2697 commutatum
737 2635 863 2708 fuisse:
880 2655 910 2695 o.
929 2654 954 2695 s.
965 2636 1004 2712 θ).
1030 2633 1118 2711 Quae
1134 2633 1233 2697 verba
1248 2632 1370 2718 pariter
1386 2632 1539 2699 sinesin.

341 2744 426 2811 lenta
449 2740 661 2808 contorsione
682 2741 722 2805 de
739 2741 901 2817 absoluto,
917 2762 982 2806 non
999 2753 1105 2807 nutem
1122 2743 1162 2806 de
1177 2740 1312 2807 relative
1327 2754 1449 2808 tentum
1467 2764 1539 2808 cor·

341 2853 492 2942 ruptione
512 2850 722 2938 intelligenda
737 2871 812 2917 esse
826 2850 984 2917 videntur.
1015 2852 1129 2916 Patres
1148 2851 1328 2918 Tridentini
1344 2851 1470 2940 quidem
1486 2854 1539 2918 ‹le-

341 2982 441 3050 supcr
461 2961 505 3026 nii
525 2960 675 3027 decidere
705 2961 889 3036 voluerunt,
921 2972 1059 3026 attamen
1086 2962 1126 3026 ad
1149 2962 1340 3028 sententiam
1370 2961 1540 3050 positivam

341 3069 577 3161 propensiores
598 3070 714 3146 fuisse,
738 3069 832 3136 Cnrd.
852 3070 1166 3151 Pellnvieinus⁴)
1190 3083 1241 3137 set
1262 3070 1348 3137 clare
1368 3070 1539 3160 significat.

341 3180 466 3250 Scribit
481 3178 582 3256 enim,
607 3179 744 3267 loquens
765 3180 804 3246 de
819 3179 928 3246 verbis
952 3181 1075 3247 decreti
1092 3183 1131 3246 de
1142 3179 1390 3267 justificatione:
1416 3185 1479 3246 „In
1494 3188 1541 3246 eis

341 3298 480 3358 liberum
496 3297 672 3356 arbitrium
687 3296 818 3354 minime
833 3297 1032 3356 restinctum
1047 3314 1135 3372 esse,
1152 3297 1279 3355 viribus
1300 3297 1374 3355 ticet
1387 3304 1540 3356 attenua·

340 3413 410 3468 istm
425 3413 460 3466 et
473 3405 705 3464 inclinatum«
730 3402 910 3464 Dicebatur
933 3412 1043 3483 anteo,
1076 3405 1254 3464 bumonum
1275 3405 1450 3465 arbitrium
1472 3420 1541 3462 esse

337 3518 567 3577 vulneratum:
590 3514 747 3591 optabant
759 3515 865 3591 ntiqui
872 3557 884 3592 ,
908 3522 945 3574 ut
959 3514 1021 3575 boo
1035 3513 1200 3575 deberetur
1206 3534 1221 3590 ;
1242 3512 1301 3575 aiii
1316 3522 1355 3573 nt
1368 3517 1541 3573 adderetur

338 3627 385 3685 od
397 3640 468 3684 reus
483 3624 725 3699 explicandam,
736 3624 913 3684 subtractis
928 3625 1024 3683 donis
1031 3625 1206 3698 pratuitis:
1221 3640 1298 3683 narn
1313 3625 1348 3682 in
1364 3621 1538 3700 reliquum,

337 3732 473 3812 ajebant
486 3731 537 3792 iili
545 3774 558 3808 ,
575 3734 761 3791 naturalem
776 3733 906 3792 colendi
920 3733 1094 3794 nolendioe
1110 3735 1290 3792 libertatem
1306 3749 1406 3808 aeone
1421 3748 1460 3790 oc
1475 3748 1540 3792 an-

337 3849 393 3904 tea
408 3844 516 3903 nurse
530 3840 664 3901 bomini.
675 3873 717 3886 -
732 3839 960 3902 Verumtamen
975 3860 996 3901 a
1010 3839 1141 3901 deiectis
1156 3840 1319 3901 Patribus
1335 3857 1538 3918 responsum,

335 3947 722 4026 detrimebiopistrum
756 3944 1025 4028 Serumtiorum,
1058 3949 1256 4010 bominem
1286 3953 1541 4010 outnerarun

336 4077 425 4122 esce
446 4061 487 4119 in
506 4060 668 4120 dotibus
686 4068 855 4120 naturae
874 4060 1038 4138 debitis,
1055 4067 1096 4120 et
1113 4067 1298 4119 naturam
1313 4061 1539 4134 superanti·

338 4171 412 4230 bus
434 4170 667 4246 spotiotnm5
689 4177 723 4230 et
741 4165 779 4230 S.
796 4167 1018 4245 Augustinum
1033 4171 1121 4229 inter
1137 4169 1341 4244 oripinoriae
1355 4183 1466 4227 nonas
1481 4171 1540 4226 de·

336 4279 494 4342 trimcnto
518 4291 770 4339 connumerasse
800 4277 1096 4350 difficultatem
1126 4277 1290 4338 boneste
1321 4278 1470 4353 apendi.
1496 4299 1546 4321 -·‘

336 4385 464 4450 Postea
476 4404 539 4464 pro
556 4403 635 4447 uoce
652 4390 917 4465 „vulneratum,“
927 4388 1090 4465 repositae
1105 4394 1184 4448 sunt
1200 4394 1422 4448 „attenuatum
1436 4393 1470 4444 et
1483 4386 1538 4443 in·

341 4497 532 4576 etinctum,“
550 4515 634 4574 quoe
643 4515 797 4574 *oeque
812 4499 938 4576 eunctis
954 4493 1234 4558 Sobolasticorum
1248 4497 1418 4558 sententiis
1433 4496 1541 4571 optari

339 4615 479 4680 ponunt
488 4606 528 4684 ⁴).

375 4750 377 4756 '
448 4763 1539 4852 ¹)ommronnrnnmn.censesne-²)acescentes.

357 4850 390 4921 'l'-
398 4855 427 4926 6.
435 4880 459 4924 e.
470 4857 537 4930 236
550 4883 574 4929 e.
588 4895 629 4911 -
644 4860 669 4945 ⁸)
677 4861 761 4952 ‘Sors
772 4862 801 4927 6.
813 4862 905 4926 Decr.
917 4863 954 4923 ds
963 4880 1044 4944 pecc.
1057 4859 1134 4941 orio.
1148 4861 1175 4924 i.
1189 4891 1233 4908 -
1245 4853 1271 4946 ⁴)
1286 4858 1378 4923 Dent.
1396 4853 1449 4935 32,
1460 4855 1492 4924 4.
