3775 5625
422 398 489 471 dte

420 590 536 660 posse,
568 573 606 638 sd
637 585 798 639 aeternam
829 574 1010 640 mercedem
1040 574 1072 639 in
1104 576 1297 664 peragendis
1328 578 1424 645 bonis
1456 583 1605 667 operibus

421 682 595 769 respicere.
626 685 734 749 Altera
753 705 829 770 pars
850 683 923 749 fidei
943 684 1081 760 articuli,
1113 686 1343 772 suprapositi,
1372 707 1471 778 quem
1497 692 1605 759 Couc.

423 791 698 859 'l'rideutiuum
729 794 934 880 sequentibus
966 794 1108 859 enuntiat
1136 794 1261 861 verbis:
1295 797 1337 861 aa·
1365 791 1440 879 qdis
1469 807 1604 887 dicerit,

413 908 629 986 justificatam
647 925 799 984 peccare,
832 912 907 967 dnm
926 910 1080 969 intuite
1100 918 1283 970 aeternae
1301 916 1498 973 mercedis
1520 918 1607 977 dene

423 1027 635 1096 operatur:
661 1037 691 1078 a.
713 1020 783 1093 ι’).
831 1013 950 1093 Quibus
976 1026 1080 1078 tamen
1102 1016 1251 1099 synodus
1276 1023 1476 1103 nequaquem
1505 1020 1606 1087 dicere

421 1124 502 1199 vult,
530 1121 723 1208 operandum
739 1134 861 1186 tantum
877 1142 951 1186 esse
968 1120 1084 1186 ellectu
1098 1122 1266 1188 mercedis.
1298 1126 1333 1188 ln
1354 1126 1506 1192 doctriua
1527 1130 1605 1195 enim

421 1234 461 1298 de
473 1230 717 1318 justificatione,
744 1251 836 1316 quam
853 1230 1028 1295 canonibus
1044 1230 1223 1315 subjunctis
1238 1233 1425 1317 praemittit,
1452 1236 1604 1304 declarat:

421 1344 493 1407 Eos
519 1346 721 1407 orthodoxae
748 1346 918 1419 religionis
945 1346 1113 1425 doctrinae
1140 1348 1329 1424 aduersari,
1362 1350 1420 1423 qai
1446 1358 1603 1432 statuent,

421 1458 457 1516 in
472 1457 617 1515 omnious
648 1455 798 1529 operibns
820 1454 930 1529 justas
959 1469 1114 1531 peccare,
1148 1456 1177 1513 si
1208 1456 1242 1513 in
1267 1458 1335 1515 iltis
1350 1474 1445 1517 snam
1463 1461 1605 1535 ipsorum

422 1567 605 1625 socordiam
643 1565 830 1629 cantando,
869 1580 949 1621 cnm
985 1562 1073 1641 doc,
1109 1572 1153 1622 nt
1187 1567 1225 1622 in
1262 1568 1405 1641 primis
1437 1566 1605 1643 plorifi-

422 1683 532 1733 ceter
556 1672 671 1750 licus,
705 1675 908 1731 mercedem
941 1689 1092 1747 quoqne
1124 1675 1332 1735 intuentur
1357 1685 1558 1737 aeternam
1572 1677 1605 1754 ¹).

422 1778 482 1843 Ubi
498 1778 583 1842 clare
600 1776 794 1842 enuntiatum
810 1776 964 1852 videmus,
987 1777 1173 1862 primarium
1194 1799 1232 1843 ac
1248 1779 1423 1865 principale
1441 1782 1606 1847 consilium

421 1888 455 1952 in
471 1886 674 1973 perficiendis
692 1885 841 1972 operibus
858 1887 952 1951 bonis
968 1906 1041 1952 esee
1058 1888 1176 1951 dehere
1192 1887 1329 1975 gloriam
1344 1888 1414 1964 Dei,
1432 1902 1467 1953 et
1483 1893 1606 1957 nonnisi

422 1997 505 2061 lraud
521 2015 595 2060 esse
609 1995 751 2060 illicitum
768 2007 821 2059 aut
836 2016 978 2081 pravum,
995 1998 1033 2060 ad
1044 1996 1269 2081 impedimenta
1283 1997 1411 2062 virtutis
1428 2020 1470 2064 eo
1488 2000 1606 2066 facilius

422 2105 578 2171 vincenda
594 2117 756 2169 aeternam
772 2123 897 2191 quoque
912 2106 1028 2170 intueri
1044 2107 1235 2171 mercedem.

531 2215 573 2277 Et
597 2235 673 2279 sane
695 2214 764 2301 ipse
787 2215 966 2281 Christus
993 2216 1181 2280 Dominus
1206 2237 1266 2281 nos
1295 2218 1333 2281 ad
1360 2218 1502 2283 turmam
1527 2242 1605 2285 mer·

424 2326 534 2389 cedem
550 2324 714 2408 respicere
730 2324 850 2389 excitat
865 2338 958 2411 atque
974 2326 1131 2401 hortatur,
1155 2326 1229 2389 dum
1245 2346 1273 2390 e.
1289 2346 1339 2413 gr.
1357 2326 1414 2391 ait:
1446 2331 1490 2392 Te
1504 2344 1607 2395 antem

421 2437 565 2510 faciente
580 2442 827 2515 eleemosynam,
859 2440 985 2498 nesciat
998 2440 1135 2498 sinistra
1152 2447 1224 2508 tea,
1255 2440 1334 2514 quid
1351 2439 1463 2510 faciat
1475 2446 1607 2503 deamra

424 2556 499 2608 tna:
524 2556 562 2607 nt
575 2550 620 2609 ait
632 2552 833 2625 eleemosyna
849 2556 907 2608 tna
922 2551 958 2607 in
973 2550 1158 2607 abscondito
1165 2591 1178 2625 ,
1212 2556 1244 2608 et
1261 2556 1377 2623 pater
1401 2558 1510 2629 tuas,
1545 2556 1607 2627 qui

425 2658 537 2717 cs'det
565 2658 610 2715 in
641 2658 888 2735 abscondito,
925 2661 1064 2717 reddet
1098 2656 1229 2732 new).
1275 2654 1333 2715 Et:
1370 2656 1489 2719 Facite
1520 2664 1608 2721 cadis

423 2769 544 2827 amicos
559 2770 597 2826 de
611 2783 790 2827 mammona
806 2768 1004 2844 iniquitatis:
1032 2776 1085 2846 at,
1109 2784 1181 2827 cnm
1195 2767 1394 2840 defeceritis,
1411 2771 1608 2856 recipiant

423 2894 494 2937 nos
518 2880 558 2936 in
578 2885 743 2937 aeterna
769 2877 1033 2937 tabernacola
1046 2873 1083 2952 ⁴).
1115 2873 1202 2937 Idem
1222 2872 1341 2937 iaciunt
1364 2894 1490 2959 quoque
1514 2880 1605 2960 Apo·

424 2981 527 3046 stoli.
559 2986 687 3046 Bonam
713 2995 820 3046 antem
846 2987 1021 3058 facientes,
1054 2981 1096 3046 ait
1116 2982 1277 3064 Paulus,
1309 3003 1376 3045 non
1405 2987 1606 3060 deficiamus:

424 3105 598 3172 tempore
627 3099 725 3155 enim
754 3114 825 3155 sao
856 3103 1043 3154 metemus
1059 3095 1097 3170 ⁵).
1147 3091 1369 3170 Quodcunque
1395 3095 1535 3173 facitis,
1567 3115 1606 3156 ec

424 3208 531 3266 animo
553 3207 732 3282 operamini
754 3207 839 3264 sicut
853 3203 1009 3274 Domino,
1033 3212 1065 3263 et
1083 3221 1150 3262 non
1170 3203 1363 3264 dominicas.
1411 3200 1604 3282 Saientes,

425 3320 527 3390 qnod
554 3334 574 3374 a
595 3311 760 3374 Domino
793 3315 1008 3388 accipietis
1038 3314 1345 3371 retribationem
1376 3312 1605 3375 haeredita·

425 3427 477 3484 tia
494 3425 532 3500 ⁶).
564 3423 666 3505 Atque
688 3421 727 3483 de
749 3420 860 3503 Moyse
882 3419 1031 3503 loquens:
1057 3419 1170 3498 Manis
1191 3421 1312 3497 elipens
1333 3421 1444 3498 affligi
1464 3439 1538 3483 cam
1555 3441 1606 3498 po·

416 3541 500 3613 pelo
516 3536 591 3615 Dei,
611 3555 706 3612 qaam
722 3537 908 3612 temporalis
920 3535 1045 3608 peccati
1061 3534 1179 3592 tatere
1184 3533 1432 3609 jucunditatem,
1451 3566 1492 3575 -—
1512 3549 1578 3608 cap
1585 3533 1605 3589 i·

425 3646 557 3704 aiebat
578 3647 678 3703 enim
703 3647 743 3704 in
770 3643 1131 3701 remunerationem
1151 3640 1185 3717 ⁷).

532 3746 654 3812 Deinde
676 3747 704 3811 si
726 3747 790 3811 vita
811 3759 941 3811 aeterna
961 3759 1012 3811 est
1033 3745 1106 3810 finis
1128 3745 1202 3811 fidei
1224 3759 1256 3810 et
1278 3766 1411 3830 operum
1430 3747 1605 3829 justorum:

425 3857 495 3942 quis
519 3857 682 3944 ambigere
706 3869 827 3941 potest,
859 3876 975 3920 numne
997 3855 1091 3920 liceat
1106 3855 1202 3920 vitam
1218 3867 1378 3920 aeternam
1394 3853 1429 3917 in
1447 3854 1606 3939 operando

424 3965 553 4041 intueri,
585 3978 677 4052 atque
700 3967 830 4030 adeam
853 3986 952 4049 opera
974 3977 1087 4028 nostre
1107 3965 1262 4053 dirigere,
1295 3985 1389 4049 quum
1414 3975 1541 4027 certum
1562 3963 1607 4035 sit

405 4070 519 4140 'finem
541 4078 748 4162 spectandum
771 4097 845 4141 esse
864 4075 948 4139 inter
971 4075 1182 4158 operandum,
1215 4073 1301 4137 etad
1318 4093 1390 4136 eum
1415 4093 1519 4157 opera
1542 4092 1607 4137 esse

425 4185 602 4250 reserenda.
1397 4176 1400 4185 ¹

536 4445 561 4519 ¹)
579 4441 659 4503 Sese.
678 4447 706 4504 6.
723 4462 788 4502 aaa.
806 4444 856 4500 31.
890 4475 933 4484 -
967 4435 994 4522 2)
1012 4441 1044 4500 0.
1064 4442 1112 4499 11.
1146 4475 1186 4482 -
1220 4433 1247 4521 ³)
1264 4437 1370 4500 Matth,
1394 4434 1427 4509 6,
1445 4435 1546 4498 3-4.
1573 4471 1610 4482 -

427 4528 661 4687 pugg-1369-
689 4568 731 4578 -
757 4532 781 4611 5)
799 4531 867 4592 Gal·
885 4529 915 4605 6,
932 4528 962 4598 9.
990 4567 1031 4574 —
1060 4530 1085 4610 6)
1103 4529 1167 4590 cot.
1185 4527 1214 4603 3,
1232 4525 1374 4594 23-24.
1401 4563 1447 4573 -
1480 4528 1505 4608 7)
1522 4528 1610 4589 Heu.

471 4670 479 4705 ,
630 4672 637 4687 .
