3775 5625
1438 459 1503 535 287

423 631 448 694 d.
466 629 588 694 Infinita
605 628 803 712 sapientia.
835 631 910 693 Nam
927 631 958 692 in
976 627 1190 694 incarnatione
1214 633 1322 694 modus
1347 634 1399 694 ille
1416 637 1505 713 plane
1572 659 1575 664 ⁴

270 746 434 807 divinus
456 746 544 804 uobis
565 755 691 822 praesto
714 755 762 803 cst
787 744 997 804 conciliandae
1014 744 1074 802 Dei
1085 743 1227 817 justitiae
1246 763 1314 803 cum
1331 745 1397 820 ejus
1415 748 1505 805 misc·

271 855 461 925 ricerdis,
483 856 579 914 salvis
595 855 719 930 juribus
741 835 913 931 utriusque.
944 853 1084 912 Verbum
1111 854 1190 940 enim
1213 854 1407 914 incarnatum
1429 867 1505 916 tam·

272 981 399 1041 quam
420 963 508 1022 homo
524 983 580 1040 pro
596 964 735 1041 peccatis
752 964 868 1022 nostris
884 963 987 1039 puniri
1008 974 1097 1038 atquc
1114 972 1242 1039 propter
1259 966 1382 1023 scelera
1398 976 1506 1025 nostra

275 1069 498 1133 satisfacere
525 1073 638 1149 potuit,
672 1083 763 1149 atquc
789 1082 942 1148 tamquam
959 1074 1045 1129 Deus
1063 1072 1270 1131 satisfactioni
1286 1072 1357 1133 huic
1374 1076 1505 1151 pretium

277 1181 423 1241 infiniti
438 1183 542 1241 meriti
558 1183 722 1260 impertiri,
741 1183 833 1243 etsie
852 1183 943 1240 etiam
961 1201 1090 1258 poenam
1106 1184 1208 1254 luere,
1226 1201 1314 1258 quam
1326 1183 1449 1257 justitia
1468 1186 1505 1243 ob

277 1292 425 1349 laesam
451 1292 645 1367 majestatem
672 1291 804 1350 divinam
831 1292 992 1368 exigebat,
1026 1300 1116 1367 atque
1138 1309 1250 1367 parare
1268 1293 1356 1349 nobis
1374 1294 1505 1362 veniam,

283 1416 393 1474 quam
420 1404 557 1477 postulat
588 1401 816 1463 misericordia.
848 1400 1096 1478 Misericordia,
1122 1410 1154 1460 et
1174 1403 1295 1461 ueritas
1317 1402 1429 1479 (fides)
1448 1405 1505 1461 ob·

283 1507 486 1569 cieverunt
499 1512 579 1569 sibi:
588 1512 737 1589 justitia,
763 1518 794 1569 et
813 1528 883 1585 pau
907 1513 1072 1569 osculatae
1088 1518 1164 1568 surrt
1175 1506 1213 1581 ¹).
1244 1508 1355 1569 Natus
1370 1509 1460 1571 Deus
1475 1520 1507 1571 ct

285 1633 430 1691 passus
446 1627 507 1698 est,
526 1628 565 1679 ut
578 1619 670 1679 Deus
684 1638 742 1679 nee
757 1629 923 1696 peccatu-m
939 1620 1080 1678 bominis
1102 1621 1275 1679 dimitteret
1296 1622 1503 1699 impunitum,

288 1725 377 1798 pata
386 1729 508 1803 justus
523 1738 585 1804 est,·
602 1746 661 1788 nee
677 1730 871 1805 insanabile,
891 1729 970 1803 quia
986 1729 1174 1786 misericors
1189 1732 1288 1799 est2).

416 1856 444 1898 c.
470 1838 839 1915 Summabenignitas
865 1857 901 1897 ac
920 1836 1134 1896 clementia.
1167 1837 1288 1895 Etenim
1314 1838 1349 1896 ad
1367 1837 1505 1921 immines

291 1942 508 2016 peccatores,
524 1948 634 2024 impios
653 1965 688 2006 ac
704 1948 846 2007 inimicos
868 1946 1063 2004 redimendos
1081 1946 1189 2003 Filium
1208 1965 1295 2004 suum
1313 1947 1504 2025 unigenitum

294 2048 388 2112 nisit
422 2058 561 2129 Deusss).
587 2055 782 2133 Quapropter
813 2056 924 2114 merito
947 2057 1020 2112 Leo
1043 2056 1085 2114 M.
1115 2055 1173 2113 ait:
1206 2054 1356 2115 Diversis
1387 2061 1502 2137 modis,

237 2155 239 2162 '
295 2165 483 2242 multisque
503 2168 666 2225 mensuris
689 2166 829 2224 bumana
850 2167 966 2241 generi
986 2168 1112 2224 bonitas
1134 2167 1245 2222 diutina
1268 2170 1441 2227 consuluit.
1461 2204 1505 2212 -

298 2262 369 2327 Sed
393 2278 431 2335 in
456 2278 644 2335 novissimis
664 2278 858 2351 tenporibus
880 2293 1005 2334 amnem
1024 2277 1253 2334 abunduntiam
1279 2278 1395 2335 solitae
1412 2279 1504 2335 beni-

298 2380 443 2449 gnitatis
465 2388 616 2462 eaecessit,
640 2390 770 2459 quanda
792 2387 827 2443 in
852 2381 986 2451 Obristo
1011 2386 1081 2459 ipsa
1105 2388 1147 2441 ad
1162 2392 1349 2459 peccatores
1373 2387 1504 2444 miseri·

302 2494 433 2572 cordia,
453 2497 526 2570 ipsa
542 2498 585 2552 ad
599 2502 747 2552 errantes
762 2496 896 2570 ceritas,
915 2496 988 2569 ipsa
1004 2498 1046 2551 ad
1060 2496 1284 2552 mortuosoitu
1294 2490 1504 2567 deseendit⁴).

302 2594 340 2650 Εἰ
356 2601 624 2681 Augustinus:
659 2600 779 2662 Gratia
809 2601 873 2661 Dei
892 2620 960 2661 non
977 2604 1088 2677 patuit
1113 2604 1244 2676 pretias
1275 2608 1502 2684 commendari,

306 2717 402 2773 paam
424 2720 463 2771 ut
483 2714 551 2788 ipse
570 2714 688 2771 unicus
708 2711 771 2770 Dei
791 2710 903 2770 Filius
929 2713 963 2769 in
984 2729 1018 2768 se
1039 2713 1342 2771 incommutabiliter
1357 2731 1502 2792 manens,

307 2808 458 2882 metueret
476 2822 636 2881 bominem
643 2867 655 2900 ,
674 2830 705 2880 et
720 2841 806 2898 spem
822 2824 1006 2881 dilectionis
1023 2840 1101 2880 suae
1117 2827 1210 2880 daret
1226 2822 1422 2901 dominibus,
1441 2825 1504 2883 lao-

233 2954 236 3005 ᾗ
307 2922 393 2986 nine
407 2934 511 2991 ntcdio
521 2976 533 3009 ,
553 2950 615 3007 quo
632 2937 676 2990 ud
692 2934 785 2991 illurn
801 2935 840 2991 ab
858 2932 1043 2991 bominibus
1059 2933 1238 3008 ueniretur,
1258 2934 1313 3006 qui
1329 2941 1393 2990 tant
1411 2937 1505 3007 loupe

308 3041 381 3094 erat
401 3042 594 3100 immortalis
610 3061 630 3100 a
645 3045 854 3120 mortalibus,
880 3043 1151 3100 incomestutubilis
1175 3060 1197 3099 u
1212 3044 1501 3120 commutabilibus,
1573 3064 1578 3075 “

300 3133 415 3206 iustas
430 3152 469 3209 ab
486 3152 608 3228 impiis,
627 3153 738 3210 beatus
754 3171 774 3208 a
789 3152 966 3226 miscr·is⁵).

416 3264 445 3318 cl.
469 3261 571 3317 Porro
588 3277 643 3334 per
659 3259 904 3329 lucarnationem
928 3260 1092 3318 manifesta
1108 3260 1247 3318 redditur
1264 3279 1382 3336 quoque
1400 3271 1502 3321 natu·

257 3380 260 3385 '
302 3365 374 3416 ¹⁴³0
398 3378 554 3426 nostrae
581 3369 766 3446 dignitas.
790 3370 824 3425 ln
842 3369 1059 3426 iucarnatione
1085 3368 1164 3426 enim
1191 3377 1301 3427 natura
1317 3368 1448 3430 hnmana
1466 3374 1502 3431 ad

300 3455 409 3532 iissum
440 3496 512 3535 esse
544 3479 709 3552 personale
734 3478 795 3535 Dei
821 3487 930 3536 evecta
955 3487 1019 3546 est,
1037 3487 1066 3535 et
1084 3478 1177 3536 sicin
1195 3478 1319 3537 Christo
1342 3478 1431 3538 homo
1455 3491 1502 3540 est

298 3565 409 3652 Deus,
433 3588 586 3661 Princeps
612 3588 819 3663 Angelorum,
846 3596 937 3661 caput
961 3587 1056 3645 totius
1082 3587 1234 3657 universi,
1255 3588 1352 3662 judex
1369 3590 1501 3649 omnium

234 3762 235 3767 η
297 3689 487 3754 naturcerum
507 3704 700 3764 creatarum,
718 3714 813 3770 capax
829 3696 941 3754 infiniti
958 3697 1076 3768 meriti,
1095 3706 1126 3755 et
1141 3698 1210 3754 sons
1229 3698 1337 3756 salutis
1356 3716 1391 3757 ac
1408 3700 1500 3758 bono·

234 3822 235 3829 ¹
296 3801 381 3855 rum
400 3805 531 3863 omniurn
553 3805 758 3880 spiritualium
784 3807 901 3877 factus,
923 3792 1036 3883 ita'ut,
1056 3824 1118 3883 pua
1137 3810 1307 3866 attollatur
1322 3810 1423 3868 altius
1437 3828 1501 3869 na·

295 3899 387 3965 tura
408 3923 537 3992 nostra,
565 3914 814 3990 quemadmodum
840 3916 912 3989 jure
947 3915 1037 3973 docel
1068 3916 1326 3995 Augustinus,
1349 3935 1415 3977 nou
1437 3919 1500 3978 ita-

295 4003 431 4097 bew).
455 4021 535 4082 Non
556 4041 634 4096 erpa
651 4027 783 4083 dubium
800 4034 865 4103 est,
885 4025 928 4082 ait
943 4028 1018 4082 Leo
1035 4027 1092 4093 Μ.,
1110 4035 1262 4084 naturam
1278 4027 1451 4086 humanam
1467 4031 1501 4087 in

295 4117 431 4191 tantam
447 4135 683 4191 connexionem
705 4153 725 4191 a
747 4133 838 4193 Filio
860 4133 923 4192 Dei
944 4153 1015 4193 esse
1036 4143 1230 4210 susceptam,
1253 4143 1374 4195 utnon
1396 4142 1501 4198 solunt

295 4219 336 4276 ’Ὦ
356 4231 417 4298 illo
436 4242 581 4312 bomine,
607 4245 663 4318 pai
679 4253 729 4303 est
745 4247 985 4320 primogenitus
1006 4247 1106 4304 totius
1127 4254 1312 4315 creaturae,
1335 4249 1500 4307 sedetiam

260 4406 264 4411 .
295 4343 337 4384 ²⁷⁸
357 4354 509 4410 omnibus
525 4355 648 4412 sanctis
663 4356 733 4412 suis
748 4372 834 4413 unus
849 4357 995 4431 idemque
1009 4357 1051 4414 sit
1070 4353 1223 4414 Cluistus
1238 4352 1277 4428 ⁷).
1303 4354 1404 4429 Quare

252 4458 262 4471 2
294 4437 525 4478 N.—

415 4519 446 4586 1)
464 4513 515 4573 Ps.
533 4511 585 4594 84,
606 4512 656 4575 11.
675 4551 715 4560 —-
734 4512 761 4598 ²)
778 4517 841 4574 Ivo
860 4516 966 4578 Oarn.
984 4490 1079 4577 Scine.
1098 4520 1125 4578 6.
1145 4553 1185 4560 —-
1206 4513 1230 4591 ³)
1248 4514 1433 4587 Of..10an.3,
1448 4515 1498 4580 16.

300 4610 348 4624 ““
368 4595 398 4668 ⁴)
416 4604 513 4664 Serre.
531 4608 582 4669 23.
600 4609 635 4663 dc
650 4607 741 4667 nativ.
759 4610 788 4666 4.
807 4629 831 4668 c.
850 4610 877 4668 1.
896 4606 977 4686 Opp.
994 4630 1023 4686 p.
1042 4605 1093 4669 75.
1113 4644 1153 4652 -
1173 4604 1199 4690 ⁵)
1215 4611 1265 4667 De
1282 4608 1336 4669 cio.
1354 4612 1394 4668 D.
1412 4611 1431 4668 l.
1450 4613 1498 4672 10.

303 4686 329 4725 ⁶·
349 4679 401 4748 29.
420 4714 449 4754 n.
468 4699 496 4756 1.
514 4694 594 4774 Opp.
612 4699 650 4756 Τ.
669 4694 697 4757 7.
716 4719 741 4757 c.
759 4696 836 4761 264.
853 4734 894 4742 —
915 4696 941 4773 ⁶)
958 4702 1005 4757 De
1019 4699 1202 4776 praedestin.
1216 4699 1499 4762 Sauct.c.15.n.3l.

305 4755 389 4847 Opp.
410 4786 449 4844 Τ.
469 4783 519 4847 10.
537 4807 561 4845 c.
579 4785 654 4848 810.
673 4824 714 4831 —
733 4789 757 4867 ⁷)
774 4788 869 4848 Serm.
887 4792 935 4850 63.
956 4792 1004 4848 De
1019 4809 1102 4866 pass.
1121 4793 1169 4851 14.
1188 4811 1212 4854 c.
1229 4794 1257 4850 3.
1276 4789 1353 4872 Opp.
1371 4811 1403 4870 p.
1423 4788 1498 4854 138.

308 4845 554 5018 {hegumenus
577 4879 662 4941 cour.
685 4879 793 4942 Arian.
820 4880 872 4942 Or.
889 4883 918 4942 4.
940 4902 970 4943 n.
988 4885 1036 4943 23.
1055 4879 1133 4965 Opp.
1151 4882 1189 4944 T.
1208 4879 1237 4944 1.
1255 4901 1284 4964 p.
1301 4879 1378 4944 573.
1398 4883 1451 4946 Or.
1468 4887 1497 4947 2.
