3775 5625
1491 419 1556 487 tte

372 583 414 650 hil
428 586 506 653 aliud
521 607 612 663 esse,
629 607 724 674 quam
740 584 984 651 haereditariam
1007 584 1195 670 pravitatem
1219 597 1251 650 et
1268 584 1509 671 corruptionem
1530 587 1562 652 in

378 713 477 761 omues
497 696 621 762 animae
643 708 752 781 partes
777 694 939 769 diffusam,
965 715 1023 759 seu
1045 694 1436 779 concupiscentiam,
1460 695 1561 781 qualis

381 819 507 871 remanet
522 818 598 891 post
607 804 880 891 justificationem,
897 804 916 869 i.
934 825 962 869 ε.
979 804 1204 891 ignorantiam,
1221 803 1439 869 difficultatem
1450 806 1490 870 ad
1506 806 1561 870 ob·

327 901 332 908 ⁸
384 917 560 1001 sequendum
575 916 662 990 Deo,
686 936 725 979 ac
746 914 998 999 propensionem
1021 916 1060 978 ad
1082 915 1217 989 malum,
1242 926 1274 978 et
1290 914 1406 979 similia
1428 916 1562 980 vulnera

384 1012 493 1090 damae
510 1046 555 1091 ex
569 1037 705 1110 peccato
722 1024 872 1112 originali
888 1024 1016 1099 relicta,
1034 1045 1114 1109 quae
1130 1023 1206 1088 licet
1221 1046 1263 1088 ex
1279 1036 1393 1089 natura
1409 1045 1467 1089 sua
1483 1045 1560 1089 vere

385 1154 412 1199 ac
422 1134 548 1220 proprie
564 1147 731 1220 peccatum
747 1134 805 1209 sit,
822 1146 927 1199 tamen
945 1133 1150 1198 credentibus
1167 1155 1231 1199 non
1247 1133 1418 1219 imputetur
1432 1137 1466 1213 ¹).
1487 1134 1560 1197 Non

385 1242 467 1331 itaque
483 1243 688 1309 contenditur
709 1243 792 1309 inter·
809 1266 870 1309 nos
887 1256 920 1308 et
941 1242 1148 1309 adversarios
1171 1245 1210 1309 de
1234 1266 1290 1319 eo,
1316 1243 1398 1308 sitne
1421 1244 1558 1308 humana

316 1347 319 1362 '
384 1365 474 1418 marra
493 1353 638 1441 graviter
663 1355 835 1438 depravata
855 1374 913 1437 per·
933 1354 1023 1417 Adae
1046 1365 1228 1437 peccatum;
1260 1352 1291 1416 id
1313 1352 1397 1417 enim
1423 1352 1560 1418 libenter
1659 1407 1662 1414 .

384 1462 507 1528 laomor.
537 1463 648 1549 Neque
676 1463 772 1527 etiam
795 1462 941 1549 quaestio
965 1475 1029 1537 εει,
1061 1483 1101 1527 an
1128 1464 1208 1527 haec
1234 1462 1417 1547 depravatio
1455 1462 1559 1548 aliquo

384 1573 458 1637 nodo
474 1572 515 1636 ad
530 1584 697 1656 peccatum
715 1570 871 1658 originale
894 1571 1069 1657 pertineat,
1092 1571 1137 1636 ita
1152 1584 1188 1635 ut
1202 1578 1371 1637 materiale
1393 1573 1463 1656 ejus
1484 1593 1557 1657 pec·

384 1679 428 1745 tati
445 1680 507 1746 diei
528 1679 650 1766 possit3
674 1683 736 1746 hoc
758 1680 842 1746 enim
863 1681 984 1767 pariter
1008 1704 1080 1746 cum
1104 1685 1137 1746 S.
1162 1683 1310 1746 Thoma
1342 1680 1557 1746 concedimus.

385 1771 509 1855 bcdtota
525 1790 749 1855 controversia
772 1804 838 1866 εει,
863 1804 970 1855 utrum
993 1790 1157 1876 corruptio
1180 1803 1328 1865 naturae,
1351 1811 1390 1855 ac
1410 1811 1557 1875 praeser-

385 1896 424 1963 tin
437 1899 694 1985 eoncupiscentia
709 1922 767 1985 per
783 1921 820 1966 se
837 1913 869 1965 et
884 1922 926 1965 ex
942 1913 1055 1965 natura
1071 1921 1144 1975 sua,
1169 1900 1269 1986 qualis
1285 1899 1446 1964 invenitur
1462 1898 1558 1965 etiam

386 2004 583 2095 inbaptizatis
607 2021 641 2075 et
656 2009 859 2095 justificatis,
890 2009 932 2075 sit
952 2010 1084 2096 proprie
1116 2008 1358 2083 aclormaliter
1390 2022 1557 2095 peccatum

345 2185 352 2196 q
388 2115 505 2205 origirria
522 2095 649 2185 lderlim
664 2120 839 2186 adversarii
850 2120 1019 2196 affirmant,
1032 2119 1188 2186 Catholici
1199 2132 1424 2207 veronegant3
1442 2119 1557 2205 quippe

389 2225 566 2309 addocent,
591 2242 703 2295 sanata
723 2232 887 2295 voluntate
903 2252 962 2315 per
985 2230 1123 2318 gratiam
1138 2229 1387 2315 justificantem,
1415 2228 1557 2315 reliquos

389 2338 493 2403 norbos
507 2359 573 2403 nou
589 2340 693 2404 solum
708 2362 773 2405 non
790 2338 988 2405 constituere
1004 2340 1152 2405 homines
1168 2362 1259 2414 reos,
1276 2341 1334 2405 sed
1346 2360 1449 2425 neque
1458 2360 1557 2424 posse

390 2446 574 2524 comtituere,
599 2471 672 2514 cum
687 2471 752 2514 non
769 2450 906 2515 habeant
925 2471 1035 2515 veram
1050 2449 1208 2515 rationem
1224 2448 1359 2535 peccati.
1383 2447 1557 2533 Repellitur

390 2564 467 2620 auten
480 2577 574 2622 error
584 2558 839 2624 Protestantium
855 2571 948 2645 atque
961 2559 1120 2624 sententia
1136 2580 1213 2623 vera
1226 2558 1465 2624 catholicorum
1482 2580 1555 2643 pro·

389 2656 456 2727 baar
469 2668 691 2755 sequentibus:

472 2777 499 2843 1.
514 2777 624 2843 Primo
648 2778 910 2864 concupiscentia
931 2800 973 2844 ex
996 2800 1031 2845 se
1053 2791 1086 2844 et
1110 2800 1153 2844 ex
1175 2792 1288 2844 natura
1307 2799 1366 2844 sua
1396 2779 1555 2865 haudqua-

389 2894 458 2959 lwn
471 2899 637 2970 peccatum
661 2887 722 2953 dici
745 2901 799 2953 aut
814 2910 888 2953 esse
905 2900 1029 2973 potest3
1051 2909 1123 2953 nam
1145 2887 1426 2973 concupiscentiae
1450 2901 1556 2953 motus

388 2984 603 3082 nimiminus
625 2999 722 3062 homo
738 2997 878 3073 resistit,
902 3009 993 3062 certo
1015 3010 1182 3083 peceatum
1205 3019 1271 3062 non
1294 3010 1385 3070 sunt;
1410 3017 1493 3084 ergo
1515 3019 1555 3062 eo

386 3094 465 3169 bilius
480 3106 741 3192 concupiscentia
756 3129 814 3173 seu
830 3106 976 3192 pronitas
993 3119 1113 3171 tanturn
1129 3109 1168 3171 ad
1190 3109 1291 3172 hosce
1308 3119 1401 3171 actus
1411 3109 1447 3186 ²).
1476 3108 1554 3172 Pec-

365 3217 467 3278 .an
490 3214 598 3300 potius
627 3217 667 3280 ad
689 3228 843 3290 mentem,
879 3228 910 3279 et
939 3215 1065 3301 quidem
1096 3215 1263 3300 speciatim
1292 3217 1331 3281 ad
1360 3216 1556 3279 voluntatem

384 3319 498 3392 bruna
528 3337 562 3390 et
591 3325 623 3389 in
655 3327 755 3391 hacce
785 3326 944 3400 inhaeret,
983 3348 1079 3411 quum
1105 3326 1275 3390 aversione
1301 3324 1417 3390 actuali
1443 3325 1552 3389 aDeo

382 3434 581 3510 noudum,
611 3447 643 3499 et
665 3434 834 3501 aversione
855 3435 1005 3500 habituali
1038 3435 1241 3500 continuetur
1269 3456 1328 3499 seu
1359 3446 1553 3520 permaneat.

381 3528 581 3611 sensualitatis
605 3545 739 3611 rebellio
762 3567 821 3610 seu
842 3545 1105 3630 concupiscentia
1126 3544 1256 3611 nonnisi
1277 3567 1320 3610 ex
1340 3557 1475 3630 peccato
1493 3556 1553 3619 est,

378 3650 403 3703 ⁶¹
417 3653 452 3716 ad
469 3667 638 3740 peccatum
658 3654 805 3743 instigat,
827 3669 920 3742 atque
943 3669 1021 3721 tuuc
1042 3658 1168 3721 demum
1183 3656 1216 3720 in
1232 3668 1400 3742 peccatum
1423 3653 1501 3729 abit,
1525 3653 1555 3718 si

375 3753 504 3829 l(luntas
526 3763 665 3830 hominis
688 3765 917 3846 accesserim),
945 3765 991 3830 ita
1014 3779 1047 3830 ut
1063 3766 1191 3853 quidem
1207 3766 1250 3831 sit
1272 3778 1439 3851 peccatum
1455 3775 1552 3828 mate·

369 3853 452 3948 riale,
467 3895 664 3961 nequaquam
680 3888 784 3940 autem
800 3888 969 3960 peccatum
984 3875 1151 3961 proprium
1162 3897 1200 3941 ac
1215 3897 1336 3941 verum.
1355 3880 1458 3941 Secus
1469 3873 1554 3939 enim

364 3979 539 4049 ἸΙιὶῐιᾶιιιιυιι
554 3984 693 4049 divinum
709 3985 868 4051 exsistere
885 3988 1026 4062 deberet,
1049 4009 1111 4073 quo
1129 4000 1236 4052 motus
1253 3986 1325 4051 illos
1335 3997 1553 4074 repugnantes

361 4064 426 4168 legi
439 4094 553 4160 mentis
570 4095 688 4160 habere
699 4094 962 4170 interdiceretur3
984 4099 1047 4161 hoc
1068 4110 1174 4162 autem
1190 4118 1326 4182 prorsus
1346 4095 1418 4160 lieri
1433 4093 1552 4181 nequit,

358 4196 454 4268 tuum
466 4204 516 4270 sic
533 4205 622 4271 Deus
637 4204 847 4290 impossibilia
858 4208 1001 4292 juberet,
1019 4209 1103 4293 quod
1120 4220 1170 4272 est
1186 4208 1375 4279 absurdum,
1392 4217 1424 4269 et
1440 4217 1491 4269 est
1512 4205 1551 4268 ab

352 4308 581 4357 x...-

467 4409 492 4490 ¹)
520 4409 567 4470 cf.
585 4411 731 4472 Luther.
759 4414 807 4471 De
830 4411 1000 4486 concupisc.
1023 4431 1136 4473 aenean.
1158 4410 1193 4470 in
1208 4410 1316 4486 baptis.
1337 4415 1394 4470 att.
1422 4412 1450 4471 2.
1473 4406 1551 4468 Cal·

348 4479 429 4560 tin.
449 4501 552 4562 rusae.
570 4503 593 4566 t·
606 4505 635 4563 a.
653 4522 675 4563 ο.
694 4506 721 4564 1.
739 4523 769 4564 n.
785 4506 814 4564 a.
832 4501 909 4563 oen.
934 4499 1030 4564 1569.
1051 4523 1081 4582 p.
1101 4499 1176 4567 137.
1193 4501 1238 4566 cf.
1262 4504 1281 4563 t.
1306 4503 1334 4562 1.
1356 4520 1382 4564 c.
1399 4501 1452 4561 15.
1468 4519 1498 4560 u.
1514 4501 1544 4560 4.

346 4575 383 4637 Ρ·
407 4584 458 4654 98.
475 4600 507 4653 et
524 4594 543 4654 l.
560 4595 588 4653 2.
607 4613 630 4654 c.
648 4594 676 4653 5.
693 4613 724 4658 n.
741 4594 790 4655 19.
807 4614 836 4672 p.
853 4589 917 4655 194
934 4615 958 4656 s.
977 4594 1068 4672 Cous.
1085 4593 1173 4671 Anql.
1198 4601 1255 4654 art.
1284 4594 1313 4654 9.
1335 4592 1549 4670 Niemeyer‚

348 4653 436 4742 Oop·
457 4682 547 4762 Coras.
561 4682 596 4741 t'n
610 4685 693 4745 Eccl.
710 4685 833 4762 reform.
850 4685 993 4761 publicat.
1010 4686 1046 4747 L.
1066 4681 1162 4747 1840.
1180 4707 1209 4764 p.
1226 4681 1301 4746 603.
1315 4717 1359 4728 -
1377 4681 1402 4762 2)
1419 4679 1464 4742 Of.
1481 4680 1549 4739 Au·

346 4759 495 4835 &nstin
519 4774 609 4850 Conf.
632 4777 651 4836 l.
673 4778 722 4836 10.
745 4796 769 4836 c.
791 4779 840 4837 30.
863 4795 893 4836 n.
910 4779 951 4836 41
968 4796 992 4837 s.
1016 4777 1054 4838 Τ.
1079 4774 1108 4837 1.
1130 4797 1155 4840 c.
1183 4771 1248 4838 184
1269 4797 1292 4836 s.
1315 4773 1481 4833 Ambros.
1503 4772 1550 4829 De

347 4850 441 4928 Ἧι.
457 4866 476 4926 l.
494 4868 522 4926 1.
540 4884 564 4927 o.
582 4868 631 4928 21.
649 4864 728 4947 Opp.
746 4867 784 4927 Τ.
802 4863 832 4929 2.
851 4887 875 4928 c.
892 4863 936 4929 25
954 4869 1080 4944 ss.-⁸)
1097 4865 1168 4929 Jac.
1187 4865 1216 4940 l,
1236 4861 1346 4929 1415.
1363 4865 1451 4926 Rom.
1460 4857 1548 4934 733.
