3775 5625
427 429 494 513 ’486

430 617 578 697 adaque
595 616 736 674 diuino
758 632 829 692 per
856 610 994 672 Jeonm
1020 610 1222 673 Christum
1236 615 1373 689 qratia
1386 616 1610 693 poeeeJ'uotifi·

429 732 502 786 cari
518 746 631 786 coram
647 724 740 785 Deo:
758 745 789 787 a.
804 724 876 803 s‚¹).
909 723 1013 805 Atque
1029 720 1060 783 in
1079 722 1210 783 decreto
1228 722 1267 783 de
1278 719 1514 804 justificatione
1531 743 1611 805 pruc-

428 834 546 898 misso:
581 834 734 909 (Causa
756 834 1101 912 justificationis)
1122 838 1336 892 meritorio
1360 840 1494 910 autem,
1523 836 1610 894 dile·

430 950 638 1007 otiosimuo
670 947 904 1018 unigenitus
936 962 1056 1016 suus,
1087 942 1278 1002 Dominus
1317 949 1460 1002 noster
1502 943 1614 1003 Jeous

409 1085 412 1090 v
433 1054 624 1115 Christus
630 1098 641 1130 ,
660 1058 743 1133 qui,
763 1072 835 1111 cum
852 1072 1000 1110 essemus
1016 1054 1149 1127 inimici,
1165 1058 1302 1130 propter
1318 1056 1454 1112 nimiam
1473 1058 1613 1114 cdurita·

430 1171 513 1239 tem,
540 1182 606 1243 qua
623 1162 837 1236 dilexitque,
862 1181 935 1219 aua
956 1165 1432 1239 sanctissimupuaeione
1453 1168 1494 1222 in
1520 1163 1612 1238 liquo

429 1276 566 1333 crucis
580 1272 695 1331 nodie
709 1272 1060 1347 santificationem
1084 1275 1248 1346 meruit,
1268 1276 1389 1348 etpro
1407 1272 1527 1330 nodis
1544 1272 1613 1330 Deo

428 1383 548 1442 Patri
563 1379 827 1457 tartaream).
852 1378 955 1459 Atque

533 1491 573 1551 A.
591 1490 650 1550 SS.
667 1486 846 1550 Litterae
867 1484 900 1546 in
924 1484 1035 1569 quavis
1058 1485 1176 1572 pagina
1200 1487 1331 1560 docent,
1348 1508 1413 1549 non
1432 1487 1503 1550 dari
1519 1487 1550 1549 in
1567 1487 1613 1549 ali·

423 1584 491 1683 'quo
525 1594 586 1659 alio
619 1596 773 1669 salutem,
804 1615 897 1679 quam
920 1594 953 1657 in
969 1595 1106 1658 Domino
1125 1608 1238 1658 nostro
1256 1597 1335 1659 Jesu
1352 1595 1500 1670 Christo,
1518 1617 1612 1680 neque

429 1706 512 1770 alind
544 1725 618 1769 esse
639 1706 698 1767 suh
720 1705 811 1768 coelo
835 1725 969 1777 nomen,
989 1704 1021 1766 in
1043 1726 1105 1789 quo
1130 1726 1191 1768 nos
1208 1717 1356 1789 oporteat
1379 1707 1490 1769 salvos
1508 1704 1616 1783 lieri³).

428 1815 537 1899 Neque
570 1826 630 1886 est,
662 1813 714 1898 qui
744 1814 808 1876 hoc
838 1812 963 1876 inticias
984 1825 1049 1887 eat,
1074 1825 1200 1896 praeter
1227 1815 1316 1877 solos
1337 1814 1567 1878 Rationalistas
1584 1835 1616 1877 ac

429 1923 647 1996 Pantheistas'‚
669 1922 721 2007 qui
738 1935 842 1986 tamen
859 1944 922 1985 non
938 1935 1061 1986 tantum
1077 1923 1245 1987 veritatem
1260 1925 1400 1998 hancce,
1425 1924 1563 2010 gratiam
1580 1925 1614 1985 ob

429 2032 543 2096 merita
559 2032 677 2096 Christi
694 2032 788 2096 nobis
806 2032 956 2116 conferri,
973 2033 1029 2096 sed
1046 2032 1182 2119 gratiam
1192 2033 1296 2116 ipsam
1308 2033 1500 2120 impugnant
1516 2055 1553 2097 ac
1569 2034 1612 2095 de·

430 2154 566 2206 struunt.
1046 2152 1048 2159 '

533 2256 572 2313 Β.
590 2250 692 2315 Simili
708 2253 804 2315 modo
821 2254 952 2316 tradunt
968 2254 1026 2315 SS.
1044 2253 1184 2316 Patres
1207 2254 1246 2315 ad
1267 2274 1362 2316 unum
1380 2274 1506 2319 omnes.
1539 2253 1611 2331 Quo·

428 2351 500 2424 rum
516 2373 621 2424 tamen
638 2361 821 2425 testimonia
836 2360 868 2424 in
885 2360 1023 2425 medium
1039 2383 1103 2424 non
1120 2360 1324 2445 proferimus
1341 2384 1436 2447 quum
1454 2375 1566 2449 agatur
1581 2363 1612 2425 de

429 2492 465 2535 re
481 2470 666 2545 notissima,
689 2484 721 2536 et
744 2470 817 2556 quia
832 2470 980 2536 Ecclesia
1003 2494 1133 2536 sensum
1156 2494 1250 2537 suum
1267 2472 1414 2537 omnibus
1432 2473 1501 2537 suis
1518 2470 1611 2556 preci·

429 2581 490 2644 bus
501 2600 539 2644 ac
551 2579 665 2644 ritihus
678 2593 710 2644 et
723 2580 791 2644 aliis
807 2581 904 2645 rebus
921 2583 960 2645 ad
977 2583 1097 2646 cultum
1112 2582 1274 2666 publicum
1291 2583 1512 2667 spectantibus
1529 2601 1613 2667 qnam

431 2689 681 2753 luculentissime
714 2702 870 2754 testatum·
893 2690 978 2754 facit.
1019 2692 1222 2775 Quapropter
1253 2691 1406 2755 uniuerso
1429 2692 1510 2755 orbe
1532 2688 1612 2755 Clui-

432 2798 537 2864 stiano
554 2799 762 2882 applaudente
781 2798 995 2865 Concilium
1012 2800 1294 2866 arausicanum
1311 2800 1440 2864 statuit:
1474 2803 1550 2880 Eis,
1568 2806 1614 2882 φα·

429 2917 571 2988 qratiam
588 2946 630 2956 -
643 2918 765 2990 putant
779 2932 851 2971 esse
867 2920 1036 2989 naturum,
1055 2919 1222 2974 uerissime
1238 2916 1373 2973 dicitnr:
1408 2911 1449 2973 St
1463 2933 1535 2992 per
1551 2932 1613 2972 no·

431 3027 566 3081 turam
588 3023 727 3096 justitia
749 3028 809 3097 est,
834 3042 909 3097 erpo
935 3021 1123 3082 Uiriatus
1142 3027 1275 3097 protis
1298 3029 1488 3082 mortuus
1511 3025 1612 3095 est‘).

539 3128 575 3191 0.
591 3129 635 3190 Et
650 3148 738 3201 sane,
755 3127 860 3192 sinos
878 3141 931 3192 ant
947 3124 1069 3192 nostris
1085 3129 1206 3192 viribus
1224 3128 1340 3192 salvari
1360 3151 1551 3213 possemus,
1572 3139 1613 3191 ant

430 3237 566 3323 gratiam
584 3235 720 3298 divinam
737 3236 931 3319 promereri,
954 3239 1147 3302 Redemtore
1166 3238 1294 3302 Christo
1313 3260 1375 3300 non
1393 3238 1613 3325 indigeremus.

430 3347 518 3410 Unde
535 3347 798 3430 quemadmodum
815 3359 937 3409 certum
955 3358 1014 3420 est,
1031 3347 1125 3409 nohis
1138 3350 1272 3411 salntem
1291 3346 1418 3410 nonnisi
1438 3370 1496 3432 per
1514 3348 1614 3411 merita

431 3453 549 3518 Christi
582 3475 680 3536 posse
712 3454 895 3540 obtingere,
926 3453 971 3517 ita
1002 3476 1126 3539 quoque
1148 3468 1199 3519 est
1221 3455 1446 3531 manifestum,
1470 3480 1531 3521 nos
1552 3478 1613 3544 gra·

419 3563 506 3626 'tiam
538 3561 691 3635 divinam,
723 3563 789 3626 sive
817 3564 885 3646 jam
903 3562 945 3626 sit
961 3564 1094 3627 actualis
1112 3564 1179 3629 sive
1196 3564 1399 3648 justificanS,
1430 3566 1550 3631 mereri
1569 3564 1613 3628 mi·

432 3671 517 3733 nime
532 3691 642 3752 posse.

537 3777 658 3842 Deinde
673 3792 778 3844 autem
795 3780 962 3863 speciatim
979 3785 1082 3866 quoad
1100 3783 1237 3869 gratiam
1264 3783 1523 3848 sanctificantem
1544 3784 1614 3846 idem

433 3886 651 3952 Concilium
684 3888 958 3952 Tridentinum
985 3892 1145 3955 decernit:
1180 3893 1299 3955 Gratia
1317 3903 1427 3955 aretem
1434 3899 1614 3974 Justtstcori

431 4001 503 4060 ideo
536 4002 688 4076 dicimur,
722 4007 799 4080 quia
830 4003 939 4061 ntttt
963 4024 1119 4062 eorum:
1150 4025 1250 4083 quoe
1272 4008 1613 4079 justificationem

429 4112 696 4188 praecedunt,
729 4116 813 4169 sive
831 4113 964 4183 fides,
986 4119 1070 4172 aive
1091 4134 1231 4192 opero,
1256 4118 1611 4192 ipsumjustificn·

433 4223 559 4278 tionis
573 4225 753 4294 qratiam
766 4223 1066 4297 promentem).

537 4326 623 4389 ldem
640 4338 745 4390 autem
762 4338 822 4401 est,
839 4329 924 4411 quod
940 4328 1061 4412 pariter

537 4438 576 4497 Α.
593 4434 624 4496 in
642 4437 701 4499 SS.
718 4435 888 4499 Litteris
906 4436 1129 4502 disertissimis
1146 4438 1280 4502 traditur
1296 4439 1417 4502 verbis.
1444 4440 1499 4504 Sic
1512 4441 1603 4502 loan-

436 4609 649 4622 ..μ-...-

544 4711 567 4788 ¹)
585 4712 667 4771 Sese.
685 4714 713 4770 6.
732 4732 797 4771 can.
816 4715 845 4774 1.
874 4747 916 4756 —-
939 4716 1344 4791 ²)1h.0.7.0f.c.2-6.
1372 4726 1403 4775 et
1420 4715 1553 4787 al.-³)
1567 4709 1594 4765 ll

433 4802 520 4862 Rom.
537 4799 575 4871 3,
594 4799 636 4861 23
654 4823 694 4865 ss.
711 4800 741 4874 5,
760 4800 900 4865 10-20.
919 4802 950 4865 2.
969 4806 1038 4866 Cor.
1056 4804 1095 4876 5,
1125 4804 1176 4867 18.
1210 4808 1324 4886 Ephes
1346 4807 1375 4881 l,
1393 4803 1489 4867 5-7.
1507 4814 1552 4864 etc.
1566 4832 1588 4841 ν

434 4893 461 4974 ⁴)
478 4893 511 4955 C.
528 4896 577 4956 21.
594 4893 703 4964 Marsi,
723 4893 797 4955 cort.
817 4895 906 4957 Cone.
926 4898 963 4958 T.
982 4896 1011 4960 8.
1031 4919 1056 4961 c.
1075 4895 1150 4961 716.
1169 4935 1212 4946 -
1233 4902 1260 4978 ⁵)
1278 4900 1362 4962 Sese.
1381 4902 1409 4961 6.
1428 4919 1452 4958 e.
1469 4902 1495 4959 8.
