3775 5625
343 431 408 498 tta

342 609 393 663 est
408 595 534 662 aversio
566 594 732 662 habitualis
748 595 851 659 alleo
868 596 985 680 atejus
1005 597 1094 683 lege3
1126 607 1220 681 atque
1251 596 1335 662 siout
1367 607 1527 683 peccatura

343 707 465 772 aehaele
486 718 536 771 est
557 704 770 770 voluntarium
791 703 906 769 actuali
926 704 1103 780 voluntate,
1125 704 1170 769 ita
1191 715 1361 790 peceatum
1376 703 1527 771 habimus

343 829 394 881 est
408 815 620 881 voluntarium
634 814 785 881 habituali
800 814 963 878 voluntate
973 815 1016 893 ¹),
1031 834 1096 878 non
1112 826 1218 879 tamen
1235 814 1391 900 positiva,
1407 815 1470 882 sed
1484 827 1527 881 ba

343 924 464 1013 galina,
480 938 573 1011 atque
588 946 653 989 non
670 945 713 988 ex
728 944 765 988 se
780 923 860 1008 ipsa,
877 922 935 988 sed
951 943 993 986 ex
1008 923 1125 988 actuali
1139 924 1303 989 voluntate
1316 924 1444 990 relicta.

367 1092 369 1097 .
450 1039 581 1101 adnot.
612 1041 661 1096 Ex
685 1056 779 1114 supra
805 1036 896 1096 dietis
921 1054 982 1095 una
1006 1037 1208 1116 intelligitur,
1234 1037 1364 1097 multum
1378 1037 1527 1102 interes·

342 1149 424 1208 inter
440 1148 577 1207 habitum
592 1146 738 1205 vitiosum
755 1146 939 1224 acquisitum
955 1164 1011 1222 per
1028 1156 1116 1207 aetus
1134 1147 1359 1224 frequentatos,
1377 1157 1410 1206 et
1426 1163 1527 1224 pecca

344 1267 408 1318 tum
424 1256 590 1316 habituale.
614 1257 692 1315 Nam
707 1256 832 1314 babitus
849 1255 1019 1332 acquisitus
1036 1266 1085 1315 est
1101 1257 1233 1333 qualitas
1252 1256 1403 1333 psaltim
1428 1273 1527 1333 peaes

343 1376 408 1426 tuna
423 1365 579 1425 habituale
597 1376 699 1424 autem
723 1375 772 1423 est
795 1365 935 1435 defectus
966 1365 1172 1425 reatitudinis.
1206 1365 1339 1425 Habitus
1364 1365 1527 1442 acquisitu

343 1494 437 1553 porro
454 1493 513 1535 non
529 1483 633 1551 potest
648 1475 715 1534 tolli
731 1493 786 1550 per
802 1492 894 1533 unum
912 1484 1014 1533 actum
1029 1473 1208 1544 voluntatis,
1226 1474 1366 1552 manavir
1382 1474 1527 1540 emesan

345 1585 470 1656 simum3
494 1592 654 1661 peecatum
679 1584 834 1642 habituale
850 1583 933 1644 sicut
950 1602 1008 1643 uno
1027 1593 1097 1643 actu
1114 1584 1163 1653 lit,
1179 1584 1223 1643 ita
1240 1601 1299 1642 uno
1317 1593 1390 1644 actu
1407 1584 1527 1652 tollitur.

344 1697 467 1753 Rursus
498 1693 621 1752 babitus
654 1693 823 1770 acquisitas
854 1702 959 1769 potest
990 1710 1061 1752 esse
1083 1693 1174 1752 etiam
1197 1693 1287 1752 valde
1308 1694 1453 1753 intensus
1468 1711 1527 1756 tan

346 1813 417 1864 actu
440 1802 598 1864 contrario
615 1812 732 1861 etcum
749 1801 943 1881 gratiaDei:
968 1811 1130 1878 peceatum
1156 1802 1310 1862 habituale
1342 1812 1447 1863 autem
1473 1819 1527 1864 m

344 1922 457 1989 potest.
480 1912 622 1989 Denique
643 1911 765 1970 habitus
788 1910 958 1988 acquisitus
984 1929 1044 1970 non
1060 1921 1163 1987 potest
1179 1912 1240 1971 diei
1256 1912 1382 1989 propria
1398 1907 1527 1972 volanta-

345 2022 412 2081 rius
436 2032 580 2091 eatenus,
605 2030 755 2098 quatenus
780 2030 901 2080 maneat
916 2021 947 2079 in
965 2019 1052 2079 nobis
1076 2040 1131 2097 per
1157 2022 1277 2098 aliquod
1300 2030 1422 2098 tempus
1445 2022 1527 2082 ellan

345 2131 450 2190 invitis
467 2140 499 2190 et
514 2131 773 2209 repugnantibust
800 2140 962 2206 peceatum
987 2130 1143 2190 habituala
1158 2139 1272 2189 ‘anum
1299 2130 1392 2189 etiam
1414 2130 1527 2191 hoere-

347 2233 455 2316 speclu
471 2240 676 2298 voluntarium
693 2250 756 2309 est,
783 2239 853 2316 quia
878 2240 1053 2299 voluntarla
1069 2241 1100 2298 in
1116 2248 1245 2315 peccato
1262 2255 1437 2309 manemus,
1457 2249 1527 2298 et·

347 2349 519 2409 efficaciter
535 2350 680 2409 volumus
696 2367 755 2406 non
773 2366 913 2417 manere,
931 2366 990 2406 non
1007 2365 1175 2412 manemus.
1192 2382 1235 2393 -
1253 2348 1331 2423 Quia
1347 2358 1527 2425 temerate

347 2467 449 2518 catum
480 2457 634 2517 habituale
657 2476 716 2517 non
743 2468 792 2516 est
811 2458 1018 2516 voluntarium
1032 2458 1095 2516 nisi
1110 2457 1325 2529 habitualiter,
1344 2458 1414 2517 ideo
1435 2465 1527 2535 poto·

350 2584 468 2644 quoque
485 2583 611 2625 manare
627 2566 658 2625 in
676 2560 915 2636 dormientibus,
931 2565 961 2624 in
981 2576 1117 2635 amente,
1133 2566 1163 2625 in
1180 2567 1306 2626 infante.

703 2734 737 2827 ξ.
763 2732 832 2805 38.
857 2734 1170 2807 continuatio.

457 2884 528 2947 Jam
543 2883 575 2947 in
593 2883 761 2948 aversione
778 2883 830 2949 illa
845 2883 960 2948 mentis
978 2904 996 2948 a
1011 2883 1081 2948 Deo
1102 2895 1269 2969 peecatum
1291 2882 1445 2972 originale
1458 2896 1527 2948 eorl

349 2992 482 3068 sistere,
502 2992 594 3057 facile
617 2993 777 3080 Theologi
801 2992 970 3068 Catholici,
997 2993 1110 3058 saltem
1130 2994 1228 3080 longa
1259 2992 1375 3078 majori
1395 3004 1527 3057 numere

285 3100 287 3104 ’
350 3101 561 3168 consentiunt.
586 3103 651 3166 Sed
674 3101 702 3166 si
723 3101 855 3165 ulterius
873 3101 1045 3186 quaeritur,
1060 3102 1092 3166 in
1112 3122 1246 3188 quanam
1260 3123 1297 3166 re
1313 3101 1444 3187 proprie
1457 3101 1527 3165 bau

349 3211 477 3277 aversio
494 3210 557 3275 sita
571 3210 628 3274 sit:
652 3210 684 3274 in
701 3211 780 3274 duas
796 3210 941 3274 diversas
958 3211 1076 3275 abeunt
1091 3211 1279 3277 sententias.

457 3319 533 3385 Alii
554 3319 639 3384 einim
665 3332 822 3394 statuunt,
845 3319 1046 3385 aversionem
1068 3320 1153 3385 illam
1179 3341 1254 3386 esse
1277 3319 1527 3406 privationes:

344 3429 530 3515 justitiae
552 3427 777 3515 originalis,
799 3449 848 3492 ex
870 3427 993 3513 prima
1015 3428 1299 3504 inobedientia,
1323 3448 1407 3515 quae
1428 3427 1527 3493 vola·

351 3551 447 3603 tatem
462 3538 549 3603 Adae
565 3537 727 3622 totiusque
743 3537 873 3624 generis
889 3537 1018 3602 hnmani
1032 3538 1103 3603 Deo
1120 3537 1294 3614 subtraxit,
1310 3550 1527 3604 manantem

350 3648 442 3732 cujus
462 3645 667 3710 necessarius
690 3645 823 3710 effaetus
846 3645 888 3710 sit
907 3645 1044 3730 privatio
1065 3646 1279 3722 rectitudinis,
1300 3668 1362 3732 qua
1392 3649 1527 3713 volutatu

350 3754 518 3839 subjicitur
532 3755 617 3829 Deo,
633 3756 684 3824 vel
699 3755 806 3840 potius
823 3756 906 3820 hanc
922 3757 961 3820 ab
977 3756 1030 3820 illa
1044 3778 1110 3820 non
1126 3754 1294 3843 distingui,
1316 3757 1374 3822 sed
1390 3772 1527 3822 unum&

350 3864 435 3928 idem
456 3885 528 3928 cum
544 3884 582 3928 aa
598 3863 809 3937 constituera3
834 3885 929 3949 quum
961 3864 1225 3948 quemadmodum
1251 3864 1317 3929 ¹Dei
1347 3866 1451 3954 gratia
1474 3876 1527 3949 Ρ

351 3975 479 4037 modum
500 3972 626 4037 babitus
647 3972 680 4036 in
700 3974 860 4037 voluntate
885 3972 1055 4038 inhaerens
1071 3994 1141 4038 eam
1158 3973 1334 4039 formaliter
1350 3980 1527 4040 convertat!

351 4083 391 4145 ad
405 4083 523 4158 Deum,
534 4085 671 4167 justam,
693 4096 816 4147 rectam
837 4083 1075 4168 formosumque
1107 4082 1240 4157 afficiat,
1256 4082 1301 4148 ita
1316 4085 1388 4169 ejus
1404 4078 1527 4170 privati⁴

353 4192 543 4256 voluntatem
565 4195 698 4258 eandem
725 4193 924 4258 habitualiter
956 4214 1117 4268 extorsam,
1138 4193 1305 4277 injustam,
1329 4193 1478 4280 obliquam
1494 4202 1527 4252 Ε

352 4301 527 4366 deformem
548 4303 676 4377 reddat,
697 4323 800 4388 neque
820 4304 916 4367 ullum
931 4315 1096 4387 peccatum
1119 4315 1278 4388 tamquam
1293 4323 1349 4368 res
1366 4302 1527 4390 aliqnapu

352 4410 460 4484 sitive,
481 4412 537 4474 sed
558 4411 686 4476 nonnisi
709 4433 769 4476 cau
790 4411 926 4496 privatio
944 4411 1072 4496 concipi
1088 4423 1191 4497 queat.
1215 4413 1301 4476 Esse
1318 4395 1527 4477 cummiani

352 4541 409 4585 nes
432 4532 564 4605 propter
580 4522 663 4586 hanc
683 4520 857 4586 carentiam
873 4520 1019 4605 justitiae
1042 4520 1209 4608 originalis
1226 4522 1338 4606 culpae
1352 4540 1441 4595 reos,
1458 4506 1527 4581 iot!

352 4629 525 4715 explicant,
542 4630 689 4715 quoniam
704 4651 769 4694 non
785 4631 865 4696 tales
886 4642 1074 4705 naseuntur,
1104 4631 1215 4716 quales
1246 4631 1421 4694 secundum
1447 4611 1527 4690 otili

353 4759 425 4803 nem
441 4739 545 4804 aDao
567 4739 773 4804 constitutum
795 4739 885 4805 nasci
908 4740 1076 4814 deberent,
1102 4739 1228 4824 justitia
1242 4738 1367 4809 scilieet
1382 4719 1527 4825 origintll⁴

462 4900 485 4988 ¹)
502 4903 547 4967 cf.
564 4904 733 4968 Bellarm.
750 4907 770 4969 l.
787 4927 812 4969 e.
829 4927 853 4968 o.
871 4907 921 4968 19.
936 4925 967 4969 n.
985 4908 1035 4968 14.
1052 4927 1082 4986 p.
1101 4901 1175 4968 193.
