3775 5625
1469 402 1536 476 aab

349 563 542 651 approbavit
557 587 710 633 assensu:
731 568 888 632 Fidenter
901 573 1050 649 seternnr
1063 571 1395 651 praedestinationem
1411 574 1535 636 electe-

351 698 428 740 rnrn
453 680 499 740 ml
521 685 635 757 eitam,
660 687 693 741 et
707 682 1119 759 praedestinationem
1144 686 1349 761 impiorum
1372 686 1535 746 aderar-

351 784 476 874 ἔσθι’).

350 1040 380 1123 ς.
405 1036 500 1107 123.
539 1041 790 1109 neeretum
829 1038 1176 1125 reprobationis
1209 1047 1284 1113 est
1314 1043 1536 1131 hypothe-

873 1148 1027 1219 ticum.

460 1336 633 1422 Loquimur
649 1336 751 1420 primo
769 1339 808 1401 de
823 1337 962 1422 positiva
977 1339 1205 1423 reprobatione
1216 1339 1460 1417 ¹uon-absoluta,
1478 1344 1537 1408 sed

348 1445 571 1531 hypothetica,
594 1467 686 1531 quam
708 1446 896 1511 senteutiam
923 1449 963 1511 ad
995 1469 1151 1533 expressa
1172 1448 1247 1514 lidei
1275 1450 1457 1516 Catholicae
1480 1452 1535 1515 do·

349 1568 460 1643 gmata
480 1554 658 1640 pertinere,
690 1576 788 1639 supra
802 1556 871 1639 jam
893 1556 1089 1631 monuimuS,
1113 1551 1214 1642 pauca
1234 1558 1347 1624 deinde
1369 1561 1408 1624 de
1426 1581 1535 1644 repro·

348 1664 478 1731 batione
495 1663 654 1750 negativa,
670 1685 762 1750 quam
780 1664 897 1748 pariter
908 1666 1154 1731 conditionatam
1172 1689 1245 1733 esse
1259 1668 1466 1744 defendimur,
1484 1671 1536 1733 ad·

343 1774 477 1859 jactari.
566 1814 569 1820 -

456 1882 726 1968 Reprobationem
748 1881 915 1966 positivam
943 1883 1178 1967 hypotheticam
1213 1905 1409 1970 nequaquam
1431 1898 1537 1951 autem
1584 1915 1585 1919 ¹
1644 1909 1645 1912 ¹

350 1993 530 2058 absolutam
547 2013 631 2065 esse,
648 1992 765 2055 doceat

459 2106 499 2165 A.
516 2105 576 2165 SS.
593 2100 765 2166 Litterae

461 2235 491 2276 a.
514 2210 649 2285 directe,
680 2231 775 2295 quum
797 2208 926 2274 disertis
949 2210 1055 2274 verbis
1073 2212 1207 2286 tradant,
1224 2210 1381 2276 :rennuem
1397 2211 1538 2278 aeternis

350 2320 516 2406 suppliciis
532 2320 625 2394 tradi,
642 2318 709 2388 uisi
720 2332 851 2404 propter
869 2318 1059 2403 commissa,
1076 2321 1218 2405 adeoque
1234 2320 1274 2385 iis
1291 2320 1386 2385 etiam
1402 2343 1466 2385 non
1484 2322 1536 2385 de·

350 2428 475 2503 stiuari,
491 2427 553 2492 nisi
569 2441 701 2512 propter
716 2426 863 2511 praevisa
880 2426 1002 2491 delicta.
1034 2426 1089 2492 Sic
1105 2427 1189 2491 euim
1205 2430 1310 2493 ludex
1330 2430 1418 2494 orbis
1434 2441 1534 2494 terra·

347 2560 420 2604 rum
451 2538 575 2601 futurus
608 2535 786 2602 sententiae
818 2535 1047 2602 damnationis:
1079 2541 1244 2600 Discedite
1264 2562 1285 2601 a
1306 2561 1356 2601 me
1377 2547 1412 2601 e'n
1433 2548 1535 2617 tpnem

348 2655 530 2726 aeternnm,
549 2664 705 2729 expresse
722 2665 850 2709 causam
866 2645 948 2709 hanc
965 2645 1067 2710 addit:
1100 2648 1238 2710 Esurire·
1261 2654 1379 2726 enim,
1407 2657 1440 2711 et
1459 2670 1536 2712 aon

348 2760 518 2821 dedistis
547 2762 640 2818 anthi
671 2759 931 2834 rnaaduearr:
963 2760 1070 2834 ete.²).
1109 2756 1151 2820 Et
1171 2737 1383 2840 Apostolus
1405 2756 1534 2822 scribit:

352 2868 537 2929 Tribulah'o
569 2874 603 2927 et
621 2871 772 2943 aequatio
797 2872 831 2927 in
852 2886 978 2951 omnem
1001 2872 1143 2927 animam
1168 2872 1308 2928 hominis
1330 2860 1544 2946 operantia

347 2976 540 3057 malum³).
1451 3033 1454 3038 .

458 3087 486 3149 d.
503 3084 629 3148 Doceat
643 3082 675 3146 id
691 3103 790 3166 porro
808 3080 979 3156 indirecte,
1003 3103 1096 3166 quum
1115 3083 1253 3156 tradant,
1269 3084 1371 3147 Deum
1388 3084 1489 3157 velle,
1501 3096 1533 3146 et

347 3193 474 3279 quidem
497 3191 592 3256 etiam
607 3190 775 3276 supposito
792 3202 926 3276 peccato
943 3189 1105 3277 originali,
1127 3210 1203 3254 vere
1219 3211 1257 3255 ac
1274 3190 1398 3255 sincere
1422 3213 1532 3256 omues

346 3303 493 3368 homiues
509 3303 617 3366 salvos
633 3301 714 3376 fieri,
730 3314 823 3386 atque
840 3300 1001 3366 Christum
1018 3321 1078 3385 pro
1096 3299 1241 3364 omnibus
1259 3299 1465 3385 semetipsum
1482 3323 1531 3366 sa·

347 3409 503 3476 crilicium
522 3410 609 3474 Patri
631 3408 801 3483 obtulisse,
822 3409 1044 3494 neminemque
1060 3430 1078 3472 a
1095 3408 1250 3473 fructibus
1266 3410 1360 3492 hujus
1381 3409 1532 3475 sacrificii

346 3530 516 3604 exceptum
546 3538 631 3584 esse.
677 3521 753 3581 Viuo
780 3541 856 3597 eqo,
888 3517 932 3582 ait
947 3517 1074 3582 nomine
1091 3517 1231 3581 lehovae
1253 3516 1438 3581 Ezechiel
1452 3519 1529 3581 Pro·

346 3630 449 3714 pheta,
466 3632 545 3690 dicit
558 3630 720 3692 Dominae
735 3629 847 3690 Dens:
878 3631 968 3689 uolo
991 3636 1154 3689 mortem
1173 3634 1297 3709 impii,
1323 3631 1384 3688 sed
1396 3635 1435 3689 at
1449 3625 1530 3691 eon-

346 3745 494 3814 vertatur
525 3745 644 3819 impius
669 3761 690 3800 a
715 3744 768 3800 via
789 3759 869 3815 aaa,
894 3745 927 3798 et
950 3739 1076 3820 vivam).
1123 3734 1307 3801 Christus
1330 3734 1529 3800 Dominus:

345 3849 384 3911 N
386 3869 433 3909 on
457 3854 521 3909 ert
539 3849 728 3909 coluntur
751 3855 826 3910 ante
841 3849 979 3909 Patrem
994 3854 1148 3921 oestrum,
1173 3853 1228 3929 qni
1243 3853 1277 3908 e'n
1293 3848 1393 3907 coelia
1409 3853 1475 3926 eet,
1495 3855 1533 3909 ut

342 3965 484 4038 pereat
507 3978 607 4018 unua
630 3961 669 4018 de
690 3959 824 4037 pratilis
845 3963 919 4026 irtio
929 3954 964 4033 ⁵).
988 3955 1107 4018 Porro:
1146 3957 1241 4016 Venit
1259 3956 1369 4016 Filiae
1391 3960 1530 4036 hominia

344 4068 521 4139 salvare,
536 4068 877 4148 quodperiernt⁶).
902 4066 1025 4147 Atque:
1052 4066 1164 4125 Venite
1181 4065 1227 4124 ad
1240 4085 1290 4123 me
1305 4083 1452 4140 omreea,
1475 4072 1530 4145 qul

346 4177 518 4249 laboratio,
534 4182 567 4235 et
581 4156 708 4236 onerati
724 4181 821 4254 estio,
846 4181 878 4235 et
893 4193 949 4250 eqo
967 4177 1111 4252 reficiam
1126 4172 1228 4249 ooe').
1267 4171 1309 4232 Et
1326 4173 1359 4234 S.
1375 4171 1528 4236 Petrus:

339 4260 518 4345 'Partenter
548 4291 615 4359 opit
640 4291 776 4364 propter
806 4304 881 4359 voa,
914 4282 1058 4344 nolens
1091 4281 1249 4361 aliquos
1286 4286 1438 4360 perire,
1471 4285 1532 4342 red

343 4424 408 4432 -...-.

436 4559 464 4632 ¹)
483 4556 556 4617 Oea.
575 4561 605 4618 3.
621 4557 755 4624 Mauri,
788 4555 971 4618 Goil.Oone.
1004 4556 1042 4618 Τ.
1058 4549 1109 4615 15.
1127 4574 1151 4613 c.
1168 4550 1199 4615 4.
1233 4588 1274 4600 -
1309 4551 1333 4633 ²)
1348 4553 1455 4615 Marah.
1473 4550 1527 4626 25,

344 4644 387 4708 41
406 4667 448 4708 ss.
482 4683 523 4691 —
557 4653 587 4722 ³)
603 4649 690 4706 Rom.
707 4645 737 4721 2,
754 4644 784 4708 9.
817 4682 858 4692 -
892 4649 919 4728 ⁴)
934 4646 1047 4708 Erech.
1065 4642 1252 4718 33‚11.of.
1270 4643 1322 4724 18,
1338 4640 1464 4706 2332.
1484 4644 1526 4704 Is.

344 4735 376 4809 ὃ,
392 4734 422 4798 4.
442 4735 495 4808 65,
511 4736 541 4798 2.
575 4773 618 4781 -
650 4736 872 4813 ⁵)Matth.l8,
892 4735 942 4800 14.
977 4773 1016 4783 —-
1051 4739 1079 4814 ⁶)
1096 4736 1203 4796 Matth.
1223 4731 1340 4808 18,11.
1374 4734 1525 4801 crucan.

345 4827 377 4901 3,
397 4826 447 4890 16.
466 4864 506 4875 -
525 4833 554 4901 7)
572 4829 679 4891 Matth.
701 4825 751 4903 11,
768 4825 822 4894 28,
1344 4843 1347 4849 ·
