3775 5625
354 392 419 459 126

353 560 465 620 animal
491 570 596 619 terrae
628 558 772 636 irrepens
795 569 827 618 et
847 560 914 635 ejus
936 560 1063 635 pulvere
1089 558 1177 635 quasi
1198 576 1330 619 vescens
1351 569 1444 638 atque
1467 558 1550 635 abje-

353 680 436 731 ctum
460 687 496 729 ao
517 686 645 727 exosum
667 668 859 743 aptissimum
882 679 940 730 est.
971 670 1037 727 Non
1059 677 1162 744 potest
1179 677 1281 726 autem
1298 678 1410 727 contra
1426 667 1551 745 exposi-

353 779 467 839 tionem
484 778 602 839 hancce
618 777 721 853 objici,
738 780 806 837 Deo
822 778 982 857 iudignum
1004 795 1093 858 esse,
1116 776 1241 835 animali
1257 776 1362 837 meriti
1378 786 1434 837 aut
1448 777 1552 836 deme·

354 887 408 946 riti
423 887 565 963 incapaci
584 904 713 962 poenam
736 887 902 966 irrogare3
920 905 1010 963 quum
1026 887 1130 964 legem
1146 885 1277 960 Moysis,
1293 894 1328 943 ut
1341 886 1411 955 bos,
1429 885 1482 964 ptri
1497 884 1552 944 iro·

353 995 464 1054 minem
481 996 641 1065 occiderit,
657 995 809 1072 lapidibus
826 995 1065 1071 obrueretur¹),
1082 1013 1171 1053 nemo
1187 994 1361 1070 vituperet,
1379 1004 1412 1055 et
1428 993 1552 1072 sapien·

353 1104 426 1164 tiam
442 1105 597 1164 Draconis
615 1123 721 1164 omues
738 1103 910 1174 celebrent,
928 1104 1119 1174 mandantis,
1151 1113 1184 1162 ut
1200 1104 1333 1184 serrum,
1354 1104 1492 1182 liguum,
1509 1104 1553 1163 ia·

352 1214 438 1290 pides
458 1214 586 1290 ipsaque
608 1231 713 1282 arma,
738 1232 814 1290 qnae
832 1214 868 1272 ad
889 1212 1070 1272 violentiam
1094 1214 1333 1289 qualemcunque
1357 1212 1553 1272 committen-

351 1322 420 1380 dam
438 1320 573 1380 adhibita
590 1330 689 1391 erant,
707 1322 734 1380 si
750 1331 857 1381 auctor
874 1322 1007 1381 sceleris
1023 1321 1089 1398 ipse
1106 1321 1232 1399 ignotus
1250 1330 1347 1391 esset,
1364 1321 1557 1399 frangeren-

352 1440 403 1489 tur
420 1431 469 1488 vei
486 1431 675 1499 delerentur,
693 1440 779 1490 certe
796 1432 909 1489 nullam
926 1431 1017 1489 aliern
1034 1431 1072 1489 ob
1090 1448 1231 1499 causam,
1256 1447 1346 1505 mam
1363 1439 1397 1489 nt
1414 1430 1554 1490 foeditas

352 1539 483 1598 sceleris
501 1557 537 1597 eo
554 1539 749 1598 manifestius
766 1539 906 1598 omuibus
922 1548 1055 1615 pateret.

456 1666 587 1725 Adnot.
619 1660 652 1730 2.
682 1666 833 1725 Homines
855 1666 960 1745 primi,
978 1665 1029 1742 qui
1056 1667 1144 1741 lapsu
1172 1674 1319 1724 aeternae
1341 1666 1550 1730 damnationis

352 1792 426 1834 reos
442 1793 514 1834 sese
531 1775 749 1855 reddiderunt,
764 1784 873 1851 postea
895 1784 998 1833 tamen
1014 1773 1232 1851 poenitentiam
1250 1784 1399 1853 agentes,
1423 1786 1551 1853 propter

352 1882 464 1943 merita
486 1882 604 1941 Christi
628 1901 646 1942 a
671 1892 800 1959 peccato
825 1882 963 1959 purgati,
987 1892 1019 1941 et
1042 1891 1201 1941 aeternnm
1225 1884 1357 1942 satutem
1374 1894 1448 1944 suut
1465 1902 1548 1945 asse·

351 1990 426 2055 cuti.
451 1991 507 2051 sic
523 1992 614 2051 docet
631 1991 668 2051 S.
684 1991 903 2067 Scriptura,
921 1989 967 2051 sic
983 1991 1140 2061 Patres,
1156 2007 1215 2050 nec
1231 2008 1291 2049 non
1307 1991 1376 2067 ipsa
1387 1992 1547 2053 universa·

351 2100 390 2158 iis
406 2101 596 2159 Ecclesia.
621 2102 655 2158 ln
671 2101 752 2159 libro
769 2100 1005 2176 Sapientiae
1023 2099 1103 2159 euim
1129 2100 1267 2177 iegitur:
1290 2097 1385 2159 Haeo
1410 2102 1547 2178 (sapien

351 2208 394 2266 tia
417 2208 538 2285 divina)
571 2208 684 2281 illum,
714 2211 771 2288 qui
788 2212 918 2286 primus
942 2209 1114 2286 formatus
1135 2212 1187 2267 cst
1201 2226 1222 2266 o
1237 2207 1322 2285 Deo,
1337 2214 1437 2288 pater
1460 2210 1550 2270 orbis

343 2321 534 2401 terrorum,
552 2335 625 2376 oum
640 2316 736 2376 cotue
751 2321 1003 2388 auctoramus,
1025 2317 1210 2387 custodiuit,
1232 2321 1264 2374 et
1284 2318 1422 2379 educi!
1434 2319 1549 2380 illust

351 2445 372 2484 α
403 2427 556 2486 delicto
587 2445 678 2503 cuo,
717 2422 757 2488 ἐκ
791 2417 1107 2501 παραπτώματος
1130 2420 1240 2480 ἰδίαν
1263 2426 1303 2501 ²).
1335 2428 1418 2486 Idem
1452 2447 1547 2505 porro

351 2546 460 2595 contra
484 2536 685 2596 'ratianum
718 2545 750 2595 et
773 2536 1022 2615 Enoratitas,
1052 2536 1201 2594 Adamnm
1219 2537 1508 2608 damnantes‚inde
1529 2557 1548 2597 a

350 2664 433 2704 saec.
467 2648 506 2703 ii.
539 2646 790 2705 communissimo
822 2663 978 2703 consensu
1010 2662 1177 2703 asseruere
1202 2646 1264 2705 SS.
1279 2647 1405 2717 Patres,
1421 2656 1458 2706 ut
1474 2649 1547 2705 lra-

351 2755 517 2830 naeus³),
550 2754 872 2829 uertuttianust),
900 2753 1148 2832 erigenam),
1169 2751 1459 2837 Athanasium),
1481 2758 1546 2816 An·

350 2864 534 2942 guntinus
548 2862 584 2939 ⁷),
602 2865 652 2940 qui
668 2863 721 2933 ait,
740 2863 779 2922 de
794 2867 855 2922 leuc
868 2864 944 2939 fere
960 2859 1149 2922 Ecclesiam
1165 2868 1268 2922 totam
1291 2869 1499 2943 consentire,
1517 2869 1548 2923 et

347 2977 383 3032 in
397 2972 482 3031 libro
501 2970 694 3050 Sapientiae
717 2975 878 3049 seriptum
902 2990 985 3030 esee.
1015 2972 1160 3031 Ecclesia
1178 2982 1280 3031 antem
1297 2974 1388 3032 fidem
1405 2990 1495 3032 cuam
1510 2991 1546 3033 es

348 3082 460 3157 prodit,
486 3082 564 3158 quod
586 3082 699 3139 festum
722 3081 850 3139 Adami
874 3089 906 3139 et
926 3083 1028 3138 Evae
1045 3089 1115 3139 aute
1132 3081 1214 3140 diem
1231 3081 1404 3141 nativitatis
1419 3080 1544 3141 Domini

348 3191 500 3250 celebrat.

453 3300 586 3358 Adnot.
627 3293 658 3360 3.
691 3298 808 3357 'Pristis
829 3298 1092 3374 protoplastorum
1108 3299 1215 3374 lapsus
1232 3318 1289 3358 noa
1306 3300 1433 3368 edocet,
1456 3317 1546 3376 qm

348 3408 390 3467 sit
405 3426 458 3466 res
474 3409 606 3484 periculi
621 3409 711 3484 plena
722 3408 830 3466 laxare
841 3407 951 3466 froena
961 3407 1149 3481 jucunditati
1160 3425 1318 3478 sensuum,
1335 3417 1367 3466 et
1381 3409 1486 3468 iocum
1497 3426 1546 3468 oe·

348 3517 422 3575 dere
444 3517 625 3584 tentationi;
657 3534 716 3575 uec
741 3534 800 3573 non
826 3533 951 3573 manere
973 3525 1134 3591 peccatum
1156 3534 1286 3592 poenam
1301 3515 1418 3590 judicis
1431 3516 1544 3591 justis·

349 3623 429 3692 simi,
448 3625 499 3701 qui
515 3623 637 3681 etiamsi
653 3622 758 3681 statim
776 3640 835 3680 non
851 3623 967 3699 puniat,
990 3623 1078 3699 punit
1097 3633 1198 3682 tamen
1216 3633 1303 3683 certo
1319 3642 1376 3683 nuo
1393 3633 1544 3700 tempore.

616 3884 650 3981 ς.
668 3885 738 3958 28.
760 3890 1014 3959 Peccatum
1030 3888 1273 3977 originale.

408 4116 410 4121 ,
452 4072 624 4136 Peccatum
645 4084 752 4137 autem
782 4073 875 4148 iliud,
897 4093 916 4137 a
936 4072 1222 4158 protoparentibus
1237 4072 1271 4136 in
1286 4072 1440 4157 paradiso
1457 4094 1544 4138 conr·

347 4179 496 4254 missum,
517 4191 549 4244 et
570 4200 676 4264 poena
702 4182 862 4266 ejusdem,
883 4182 980 4245 modo
1003 4181 1185 4265 descripta,
1205 4181 1238 4244 in
1254 4201 1317 4244 uuo
1334 4182 1461 4246 Adamo
1477 4203 1542 4246 non

350 4343 614 4355 m..—

454 4431 481 4521 ¹)
497 4437 597 4500 Exod.
613 4434 668 4509 21,
685 4435 737 4500 28.
758 4473 797 4482 —
815 4438 842 4519 ²)
859 4435 929 4519 Sap.
948 4435 1001 4511 10,
1022 4434 1049 4499 1.
1068 4473 1109 4482 -
1127 4437 1154 4518 ³)
1169 4438 1247 4499 Ado.
1263 4439 1347 4498 haer.
1365 4439 1385 4496 l.
1401 4441 1432 4498 3.
1451 4458 1476 4498 o.
1493 4440 1545 4503 23.

347 4525 1120 4607 α......21)220-4)ΟοαίΜαταί2...α25
1152 4524 1543 4608 ΟΡΡΜΗΗΡΤΟὸ-

349 4619 432 4699 )Io
446 4617 553 4679 Meet
562 4618 721 4680 Commeat
738 4638 796 4680 ser.
812 4641 842 4678 n.
861 4621 931 4679 126.
957 4617 1039 4699 Opp.
1057 4619 1096 4681 Τ.
1113 4617 1144 4680 3.
1163 4639 1191 4699 p.
1210 4614 1286 4680 920.
1303 4615 1443 4682 o.2.-
1461 4617 1552 4696 ⁶)De

346 4726 431 4785 poan.
448 4714 571 4772 eterno.
587 4711 680 4774 Dom
695 4730 726 4771 a.
744 4712 792 4772 12.
818 4708 897 4790 Opp.
915 4705 955 4771 T.
973 4706 1005 4771 2.
1021 4730 1052 4789 p.
1070 4706 1201 4775 90-
1236 4708 1262 4787 'J
1288 4708 1389 4786 Epist.
1416 4711 1488 4770 164.
1505 4712 1558 4769 aa!

347 4799 538 4864 Ευοάηαθ
563 4795 885 4879 Opprteoto
