3775 5625
1538 397 1581 463 63

383 564 521 639 tisiacit3
544 566 701 650 sphaerae
725 563 796 628 illae
813 563 1005 636 immensae,
1022 583 1102 647 quae
1119 583 1178 648 per
1196 563 1321 627 coelum
1336 564 1523 639 volvuntur,
1539 584 1582 628 ex

384 676 466 739 orbe
490 696 551 739 suo
574 696 613 739 ne
637 675 734 738 latum
757 672 881 758 quidem
905 693 1045 759 unguem
1067 674 1238 748 excedunt,
1262 685 1349 737 terra
1365 685 1484 737 statuto
1502 684 1580 737 tem·

364 805 465 870 ¹pore
482 784 607 848 fructus
623 782 782 869 producit,
803 795 835 848 et
851 781 945 847 etiam
969 780 999 844 in
1022 803 1126 869 regno
1150 781 1276 846 animali
1299 781 1406 847 omnia
1428 782 1582 848 voluntati

383 893 572 960 Conditoris
590 895 818 980 obsequuntur.
837 892 880 956 Et
896 890 1039 977 quamvis
1056 913 1110 956 res
1126 890 1329 958 irrationales
1343 891 1509 978 aliquando
1526 914 1580 958 rra·

383 1016 490 1068 turam
505 1004 636 1068 turbare
654 1015 686 1067 ct
701 1000 814 1089 gravia
830 1000 1021 1065 detrimenta
1037 999 1156 1065 inferre
1173 1000 1356 1066 videantur:
1379 1002 1459 1067 haec
1476 1015 1581 1067 tamen

382 1114 493 1178 omnia
509 1113 553 1178 ita
574 1113 775 1199 contingunt,
797 1125 893 1196 prout
915 1133 972 1195 per
996 1110 1131 1174 diuinam
1158 1111 1389 1210 providentiam
1412 1111 1580 1199 sapientis·

381 1223 464 1288 sime
482 1222 704 1308 disponuntur.
716 1222 884 1300 Quomodo
898 1242 979 1308 ergo
997 1242 1068 1295 nos,
1083 1220 1135 1306 qui
1151 1220 1234 1285 inter
1252 1234 1360 1286 cetera
1377 1222 1462 1287 entia
1478 1221 1580 1310 digui-

380 1345 447 1397 tate
471 1334 568 1419 louge
592 1331 778 1406 eminemus,
803 1342 911 1416 utpote
936 1328 1061 1393 rationo
1085 1351 1122 1394 ac
1145 1330 1289 1395 libertate
1314 1332 1464 1417 praediti,
1487 1331 1581 1419 ignes

381 1442 490 1507 fatuos
508 1454 684 1527 captemus,
692 1454 785 1526 atque
803 1438 1025 1503 lurrestissimo
1043 1438 1231 1524 praecipitio
1243 1440 1580 1516 immineamus,verae

380 1565 515 1617 nostrae
533 1550 756 1616 destinationis
773 1549 909 1615 culmine
927 1549 1076 1637 neglecto
1088 1552 1139 1628 ¹)‘l

493 1666 624 1725 Aduot.
651 1660 679 1725 1.
709 1666 773 1722 Nos
798 1664 834 1722 ab
859 1663 939 1732 illis,
966 1663 1016 1740 qui
1040 1672 1194 1732 statuunt,
1220 1662 1371 1721 hominem
1397 1664 1438 1723 ad
1462 1665 1580 1724 Deum

380 1776 525 1835 lactum
547 1793 653 1842 esse,
675 1774 696 1836 i.
714 1792 740 1831 e.
765 1781 797 1831 ut
818 1791 874 1849 per
896 1791 1004 1830 veram
1022 1773 1129 1842 tidem,
1154 1790 1238 1848 spem
1256 1791 1292 1833 ae
1310 1772 1495 1833 charitatem
1513 1793 1581 1834 cum

379 1886 448 1943 Deo
466 1903 591 1961 semper
609 1883 800 1958 conjunctior
818 1883 943 1950 evadat,
968 1900 1024 1942 nec
1048 1901 1107 1941 non
1125 1882 1240 1951 abeis,
1265 1883 1315 1959 qui
1332 1883 1423 1941 finem
1440 1895 1580 1944 nostrum

380 1994 415 2052 in
432 1992 719 2052 assimilatione
743 2011 819 2052 curn
836 1993 913 2051 Deo
940 2000 1143 2069 reponunt,
1168 2011 1226 2051 nou
1245 2011 1291 2062 re,
1309 1993 1363 2051 sed
1381 1992 1457 2051 solis
1474 1994 1579 2053 verbis

380 2102 560 2171 dissentire,
578 2120 634 2177 per
651 2120 685 2160 se
703 2102 838 2177 patulum
856 2110 914 2159 est.

489 2212 620 2272 Adnot.
646 2207 676 2272 2.
706 2210 804 2285 Quum
822 2210 901 2269 visio
918 2210 971 2269 illa
987 2211 1048 2269 Dei
1064 2211 1217 2281 intuitiva,
1243 2230 1320 2288 quae
1337 2230 1393 2269 uos
1412 2213 1579 2273 secundum

381 2323 442 2381 SS.
459 2322 599 2381 Litteras
617 2331 729 2392 manet,
737 2331 843 2397 aperte
861 2322 980 2380 viribus
998 2341 1083 2380 mere
1102 2322 1292 2380 naturalibus
1310 2323 1484 2398 comparari
1500 2322 1580 2381 haud

379 2441 483 2508 queat,
507 2440 598 2509 atquc
624 2432 677 2490 illa
699 2431 800 2489 studio
824 2430 1003 2507 veniatque
1030 2430 1153 2489 honesti
1177 2430 1377 2506 respondeat:
1408 2431 1578 2508 colligitur,

378 2541 470 2599 linem
495 2542 675 2611 uniuersim,
701 2542 736 2599 ad
763 2558 850 2617 quem
877 2541 977 2599 aDeo
1004 2540 1149 2600 destinati
1171 2559 1288 2610 sumus,
1313 2559 1372 2599 nou
1398 2560 1468 2599 esse
1493 2560 1578 2600 mere

377 2653 563 2721 naturalem,
588 2653 643 2710 sed
669 2652 1017 2727 supernaturalem.
1054 2648 1139 2723 Quod
1161 2649 1234 2708 item
1251 2649 1316 2724 jam
1334 2670 1372 2708 cx
1389 2652 1579 2710 revelatione

377 2780 437 2821 nou
454 2770 572 2821 tantum
588 2761 738 2821 veritates
755 2761 801 2822 sie
818 2760 917 2820 dictas
934 2760 1093 2833 formales,
1103 2761 1155 2819 sed
1175 2769 1205 2819 et
1218 2761 1364 2835 mysteria
1383 2769 1472 2839 atque
1489 2780 1578 2838 prae·

379 2881 471 2949 cepta
487 2871 630 2947 positiva,
649 2872 714 2950 legi
730 2871 866 2930 naturali
883 2870 1092 2946 superaddita,
1106 2870 1384 2946 comprehendente
1403 2871 1577 2945 conjicitur,

377 2991 470 3058 atque
488 3000 527 3039 ex
543 2980 630 3039 donis
652 2980 952 3056 supernaturalibus,
978 2998 1054 3056 quae
1078 2979 1349 3056 protoparentibns
1375 2999 1413 3037 ex
1436 2979 1577 3059 benigni·

377 3099 442 3150 tate
461 3089 639 3148 conditoris
658 3099 747 3148 erant
765 3107 927 3157 concessa,
954 3098 1044 3166 atque
1070 3088 1157 3147 nobis
1182 3108 1242 3147 una
1266 3107 1322 3164 per
1339 3088 1450 3148 merita
1467 3089 1577 3149 Salva·

376 3199 456 3258 toris
475 3199 696 3267 conceduntur,
715 3199 799 3259 clare
816 3198 1028 3278 cognoscitur.

640 3373 674 3467 ξ.
695 3375 758 3444 10.
781 3373 998 3446 nominis
1014 3373 1320 3462 praestantia.

486 3521 655 3587 Hominem
672 3543 796 3587 summa
811 3520 1010 3607 praestantia
1026 3534 1058 3585 et
1075 3520 1265 3586 excellentia
1282 3522 1380 3586 allen
1393 3542 1467 3586 esse
1483 3542 1575 3586 orna·

365 3644 453 3706 tum,
470 3652 535 3695 uon
552 3643 612 3708 est,
629 3654 686 3696 cur
703 3631 810 3697 multis
827 3653 1037 3717 exponamus,
1055 3653 1150 3716 quum
1167 3631 1199 3694 id
1216 3632 1298 3717 apud
1316 3653 1429 3696 omnes
1448 3630 1480 3694 iu
1499 3653 1574 3696 con·

356 3744 466 3808 fesso
484 3741 535 3805 sit.
558 3741 686 3805 Etenim
702 3741 773 3827 ipsa
790 3740 990 3806 constructio
1012 3741 1160 3826 corporis
1177 3741 1340 3805 hominem
1355 3762 1433 3826 prae
1451 3741 1575 3806 cunctis

349 3849 508 3936 1eliquis
529 3849 739 3915 animantibus
761 3850 923 3939 insignem
944 3851 1031 3925 lacit,
1049 3871 1184 3935 eumque
1208 3871 1268 3914 ceu
1284 3871 1398 3938 regem
1424 3863 1456 3915 et
1473 3851 1572 3915 domi-

344 3978 449 4025 lrum
472 3973 655 4024 ceterorum
681 3960 853 4026 annuntiat.
884 3962 969 4025 Dum
989 3959 1112 4045 reliqua
1138 3958 1284 4023 animalia
1310 3981 1449 4045 corpore
1470 3983 1574 4048 prono

343 4064 505 4134 liumum
522 4082 678 4155 spectant,
687 4082 798 4154 utpote
811 4090 891 4156 quae
905 4071 944 4133 ad
960 4068 1057 4133 finem
1073 4068 1218 4134 altiorem
1235 4068 1392 4135 destinata
1408 4092 1473 4134 non
1491 4083 1575 4147 suut,

339 4173 464 4243 Deus
482 4199 521 4243 os
536 4177 657 4242 homini
680 4177 813 4242 sublime
837 4177 932 4252 dedit,
951 4179 1139 4264 coelumque
1156 4177 1240 4243 tueri
1256 4177 1367 4264 jussit,
1389 4191 1422 4244 et
1444 4193 1574 4245 erectos

348 4288 419 4349 ad
433 4287 540 4352 sidera
555 4289 667 4352 tollere
683 4289 799 4351 vultus.
825 4286 952 4372 Corpus
970 4289 1040 4372 ejus
1062 4289 1321 4374 qualemcumque
1339 4289 1423 4354 aeris
1440 4289 1574 4378 frigoris

349 4396 557 4483 calorisque
568 4397 762 4483 temperiem
778 4397 925 4472 sustinet,
944 4399 1050 4462 omnia
1073 4398 1105 4461 iu
1122 4419 1216 4463 usum
1232 4420 1325 4463 sunm
1342 4398 1510 4475 convertit,
1527 4399 1572 4462 in-

359 4505 541 4572 credibilia
561 4509 688 4582 tolerat,
710 4509 749 4572 ad
772 4529 900 4572 omnem
922 4508 1066 4573 lahorem
1087 4520 1119 4573 et
1142 4507 1368 4575 subtilissimas
1390 4521 1488 4584 artes,
1513 4530 1574 4575 nec

361 4632 444 4679 non
464 4617 620 4704 loquelam
641 4630 691 4682 est
713 4631 836 4704 aptum,
858 4630 951 4704 atque
977 4617 1180 4684 inhabitantis
1208 4619 1340 4705 spiritus
1361 4640 1426 4684 uon
1451 4631 1573 4684 tantum

488 4840 510 4920 ¹)
528 4839 573 4902 cf.
590 4841 713 4922 Stapf,
733 4844 832 4909 Theoi.
848 4860 924 4903 mor.
943 4839 1051 4923 Oenip.
1071 4838 1168 4906 1827.
1189 4844 1228 4906 Τ.
1247 4841 1276 4906 1.
1293 4866 1323 4927 p.
1341 4840 1401 4908 36:
