3775 5625
1449 473 1452 479 -
1474 432 1542 501 345

344 600 550 675 conciliarem
575 602 688 687 quodsi
712 602 782 687 ipse
799 604 907 686 Justus
930 622 990 686 pro
1013 600 1138 685 injustis
1162 612 1323 674 mortuus,
1340 621 1400 685 pro
1418 600 1543 665 delictis

344 711 473 775 nostris
489 732 605 796 passus
623 725 655 775 et
670 725 804 797 propter
820 713 943 775 scelera
961 723 1073 774 nostra
1086 732 1259 795 percussus
1275 723 1335 784 est,
1352 723 1384 773 et
1401 730 1461 773 nos
1476 712 1541 774 vul-

346 841 428 884 nere
444 822 514 904 ejus
531 822 633 885 sanati
650 843 775 893 sumus3
794 819 907 905 quodsi
924 820 994 904 ipse
1011 820 1152 884 moriens
1169 819 1410 893 redemtionem,
1426 814 1541 878 ἀντίλυ·

346 906 436 1006 rpos,
458 930 595 1013 pretium
616 930 787 1004 vicarium,
809 952 872 1015 qno
896 928 1036 992 debitum
1062 942 1207 993 nostrum
1235 941 1475 1013 compensatur,
1492 950 1541 994 se·

347 1037 521 1123 metipsum
538 1062 598 1124 pro
616 1040 764 1103 omnibus
781 1039 880 1113 dedit,
897 1061 1019 1124 nosque
1036 1040 1141 1102 soluto
1158 1059 1276 1124 magno
1292 1037 1396 1123 pretio
1413 1039 1541 1126 sangni-

347 1149 402 1213 nis
418 1148 468 1213 sui
484 1170 503 1212 e
519 1148 698 1233 captivitate
714 1162 922 1233 peccatorum
938 1147 1069 1232 eripuit;
1095 1161 1187 1232 atque
1209 1147 1322 1232 quodsi
1340 1168 1396 1231 per
1414 1148 1541 1235 sangni-

348 1279 423 1322 nem
449 1270 481 1321 et
501 1270 636 1321 mortem
657 1260 727 1341 ejus
750 1260 819 1322 lleo
840 1257 1096 1331 reconciliamur,
1121 1256 1295 1341 apeccatis
1320 1259 1542 1321 emundamur:

347 1366 552 1431 manifestum
573 1379 639 1441 est,
656 1369 750 1450 juxta
773 1366 951 1431 doctrinam
972 1369 1129 1451 ejusdem,
1151 1365 1337 1452 passionem
1353 1388 1391 1431 ac
1408 1379 1543 1430 mortem

349 1475 486 1549 Christi,
508 1496 571 1538 non
594 1488 698 1539 autem
721 1478 791 1560 ejus
807 1477 1029 1539 mandatorum
1062 1474 1241 1539 divinorum
1273 1476 1544 1551 observationem,

349 1584 487 1669 pretium
504 1606 542 1649 ac
558 1585 705 1649 meritum
728 1606 816 1660 esse,
842 1588 883 1649 ob
906 1588 991 1671 quod
1013 1607 1074 1649 nos
1091 1606 1108 1649 e
1126 1584 1279 1649 servitute
1304 1584 1426 1669 peccati
1443 1586 1543 1671 erepti

346 1691 382 1756 in
401 1693 578 1758 libertatem
595 1694 733 1758 liliorum
749 1695 808 1757 l)ci
827 1695 1039 1758 restituamur.

459 1825 501 1883 B.
527 1825 586 1885 SS.
603 1823 741 1886 Patres
758 1822 789 1885 id
806 1822 910 1906 ipsum
928 1825 1070 1895 tradere,
1088 1834 1181 1907 atque
1198 1821 1327 1884 minime
1344 1821 1543 1886 obedientiae

347 1929 488 2004 activae,
515 1932 571 1994 sed
596 1930 739 2014 passioni
764 1952 802 1994 ac
823 1930 934 2004 morti,
966 1930 1143 1995 voluntarie
1166 1952 1224 2015 pro
1248 1930 1342 1995 nohis
1374 1930 1544 2015 oppetitae,

346 2039 415 2102 vim
440 2035 584 2117 σωτήριον
607 2040 794 2114 attribuere,
817 2061 858 2103 ex
875 2062 973 2125 supra
1005 2062 1117 2105 eorum
1150 2040 1342 2105 testimoniis
1374 2040 1544 2105 recensitis

347 2161 444 2214 extra
461 2169 555 2211 omne
572 2149 700 2212 dubium
717 2151 903 2214 collocatur,

464 2277 500 2339 0.
524 2278 645 2340 Eadem
668 2279 792 2342 tandem
811 2291 861 2342 est
886 2278 1055 2343 Ecclesiae
1077 2278 1267 2343 turtiversalis
1285 2277 1439 2344 doctrina.
1459 2279 1545 2355 Quae

348 2408 417 2449 non
434 2398 553 2449 tantum
570 2386 720 2470 precibus
738 2387 872 2472 publicis
890 2401 982 2473 atque
1000 2389 1091 2453 lestis
1109 2381 1215 2462 barile,
1232 2387 1264 2451 in
1281 2390 1436 2451 honorem
1453 2386 1540 2471 quin·

347 2516 412 2581 que
434 2495 616 2570 vulnerum,
637 2496 832 2560 sanctissimi
858 2497 1024 2583 sanguinis
1049 2496 1183 2570 Christi,
1201 2510 1233 2561 et
1249 2496 1405 2581 ejusmodi
1421 2496 1544 2561 institn·

347 2604 407 2678 tis,
429 2617 479 2668 sat
501 2606 585 2668 clare
610 2618 758 2669 testatum
776 2606 866 2681 lacit,
883 2629 918 2670 se
936 2606 1087 2670 uirtutem
1105 2628 1164 2669 nos
1182 2606 1324 2669 salvandi
1341 2606 1436 2669 morti
1454 2606 1543 2671 Chri·

346 2713 392 2778 sti
409 2712 538 2778 Domini
559 2714 760 2790 adscribere,
783 2729 814 2779 et
836 2715 962 2802 quidem
984 2738 1047 2779 non
1070 2716 1179 2780 forsan
1201 2716 1273 2779 ideo
1306 2728 1441 2790 tantum,
1474 2716 1545 2801 qula
1615 2760 1618 2764 ι

343 2824 420 2912 ipse
441 2824 473 2887 in
495 2846 533 2888 ea
556 2846 613 2909 per
630 2825 843 2890 obedientiam
860 2816 1029 2911 reparavit,
1053 2827 1136 2911 qnod
1153 2847 1210 2910 per
1226 2825 1472 2890 inobedientiam
1488 2848 1543 2913 ge·

345 2957 412 2999 nus
441 2935 610 2997 humanum
648 2933 680 2997 in
712 2936 834 2998 Adamo
868 2933 1098 3020 depravaverat
1112 2936 1152 3013 ¹),
1185 2935 1242 2998 sed
1268 2933 1339 3019 quia
1360 2956 1417 3018 per
1443 2934 1546 3020 ipsam

346 3042 498 3109 Christus
514 3062 636 3127 poenas
654 3042 796 3127 peccatis
812 3042 934 3106 nostris
952 3043 1075 3107 debitas
1093 3044 1165 3106 loco
1182 3055 1296 3106 nostro
1315 3043 1475 3118 sustinuit,
1499 3057 1544 3109 at·

345 3174 412 3240 que
440 3152 488 3216 sic
503 3151 647 3236 justitiae
673 3151 797 3216 divinae
814 3174 871 3237 per
889 3174 978 3217 suam
996 3152 1179 3237 passionem
1197 3174 1272 3216 vere
1289 3174 1327 3217 ac
1343 3153 1474 3238 proprie
1491 3175 1540 3217 sa·

343 3260 482 3334 tisl'ecit3
507 3283 618 3326 terum
633 3261 665 3325 id
681 3262 785 3347 ipsum
813 3262 932 3326 diserte
965 3262 996 3325 in
1019 3284 1115 3346 supra
1137 3261 1241 3326 citatis
1275 3262 1436 3346 Symbolis
1469 3285 1543 3347 pro·

344 3370 457 3435 fitetur
473 3369 552 3435 etin
568 3371 703 3435 laudatis
722 3370 861 3434 decretis
880 3370 1098 3435 Conciliorum
1116 3369 1264 3434 enuntiat.
1290 3372 1370 3435 Nam
1387 3373 1544 3456 Symbo-

343 3481 427 3544 lum
449 3479 661 3544 Nicaennm
688 3483 882 3544 nonhabet:
911 3481 1104 3544 obediens
1134 3484 1292 3562 factus,
1326 3481 1384 3544 sed
1415 3488 1544 3544 croci·

341 3593 470 3666 fixos
492 3596 607 3653 etiam
628 3614 700 3669 pro
722 3598 856 3672 nobis,
878 3612 1077 3670 —passos
1093 3598 1329 3670 etsepultos
1351 3605 1420 3657 cst.
1444 3591 1486 3653 Et
1503 3589 1544 3655 si·

346 3697 467 3762 militer
499 3700 723 3782 Symbolum
745 3699 1074 3764 Athanasiannm:
1103 3700 1270 3782 Obrimus,
1304 3707 1370 3780 poi
1397 3722 1546 3780 passos

345 3819 411 3871 est
430 3829 500 3888 pro
525 3815 657 3872 salute
680 3822 828 3873 nostra
853 3813 956 3895 Atque
975 3809 1087 3874 Cone.
1103 3809 1359 3893 Ephesinnm,
1379 3811 1547 3874 Christum

346 3920 479 3999 lesum,
497 3916 516 3980 i.
534 3938 560 3981 e.
579 3917 690 3982 Filium
707 3917 766 3982 Dei
782 3918 944 3982 hominem
960 3919 1089 3991 lactum,
1106 3939 1173 3981 non
1186 3922 1290 3994 fitium
1306 3922 1447 3983 bominis
1463 3942 1546 3999 qoa-

347 4033 380 4091 ai
396 4034 536 4090 alterum
559 4050 597 4090 ac
619 4033 783 4091 diversum
804 4052 826 4092 a
852 4031 941 4092 Filio
964 4031 1040 4111 Dei,
1069 4034 1316 4107 semetipsum
1335 4050 1409 4107 pro
1434 4032 1546 4092 nobis

349 4144 393 4200 in
427 4145 583 4201 odorem
615 4145 837 4202 suavitatis
866 4140 948 4201 Deo
973 4151 1011 4202 et
1032 4142 1153 4202 Patri
1176 4145 1392 4220 obtulisse,
1429 4138 1546 4203 Cone.

332 4247 544 4312 ,bater.lV.
574 4269 645 4326 pro
678 4254 808 4311 salute
836 4254 1000 4327 ceneris
1031 4252 1190 4311 humani
1216 4254 1255 4310 in
1277 4253 1386 4326 tiyno
1414 4254 1547 4311 crocis

346 4377 511 4438 passum
527 4369 564 4420 et
577 4369 771 4420 ntortuum
794 4379 897 4440 esse,
925 4370 1019 4443 atque
1037 4357 1150 4421 Conc.
1168 4355 1454 4432 Tridentinum,
1471 4378 1545 4442 pro·

459 4595 484 4674 ¹)
501 4595 562 4655 Ubi
577 4597 608 4655 in
624 4593 679 4657 SS.
696 4597 834 4670 Litteris,
851 4606 884 4656 ut
898 4598 986 4656 Rom.
1002 4592 1033 4667 5,
1052 4592 1171 4657 6-19,
1190 4595 1269 4657 Phil.
1287 4593 1317 4669 2,
1330 4593 1428 4658 6-9.
1446 4594 1541 4659 Hebr.

349 4683 381 4759 5,
401 4683 501 4749 8-9.
520 4683 571 4756 10,
589 4683 709 4749 5-11.
742 4688 834 4747 Joan.
853 4684 904 4761 10,
924 4682 1066 4749 17-18.
1092 4686 1279 4748 obedientiae
1304 4686 1413 4747 Christi
1438 4696 1543 4749 nostra

348 4777 499 4840 redemtio
515 4777 665 4860 tribuitur,
681 4778 787 4839 nullibi
803 4777 870 4838 sola
886 4778 1055 4839 obedientia
1071 4780 1114 4838 sic
1129 4778 1209 4840 dicta
1224 4779 1337 4851 activa,
1359 4778 1414 4839 sed
1429 4787 1460 4840 et
1475 4801 1543 4869 pas·

348 4870 418 4933 siva
433 4889 494 4929 una
508 4869 695 4949 intelligitur.
