3775 5625
346 447 414 516 too

343 615 426 699 quod
453 612 573 677 residet
594 611 627 676 in
651 610 779 676 homine
804 621 880 695 post
895 607 1071 686 actionem,
1092 621 1124 673 et
1138 609 1222 674 unde
1238 609 1322 674 idem
1336 610 1455 684 hono,
1471 629 1516 674 no:

342 743 496 807 peccans,
512 724 570 787 sed
585 733 739 806 peccator
755 720 954 795 nominatur,
977 732 1145 804 peccatum
1163 718 1323 808 originale
1345 731 1410 785 est
1431 717 1516 784 habi

342 830 459 896 tualis
480 825 634 918 ajversio
657 842 694 894 et
715 828 945 914 obliquitas,
970 850 989 893 a
1004 849 1151 915 genere
1182 830 1348 893 humano
1382 849 1453 914 per
1483 827 1516 893 in

345 939 616 1005 obedientiam
647 920 945 1025 protoparentis
963 950 1182 1014 eontracta,
1207 950 1246 1003 et
1274 938 1313 1003 in
1344 959 1433 1013 nos,
1450 937 1516 1023 eju

343 1061 548 1133 posteros,
571 1070 639 1133 per
663 1051 859 1113 carnalem
875 1048 1175 1136 generationem
1192 1048 1406 1113 transfusa.

451 1158 646 1243 Reponimus
670 1171 774 1222 autem
791 1169 958 1241 peccatum
974 1155 1131 1244 originale
1148 1156 1180 1219 in
1196 1157 1299 1241 prima
1314 1154 1430 1221 Adami
1445 1175 1516 1239 prm

343 1266 555 1341 varicatione,
572 1288 652 1352 quae
668 1267 799 1353 generis
820 1266 948 1331 humani
963 1265 1197 1351 praevaricatio
1213 1265 1287 1340 fuit,
1303 1277 1337 1330 ct
1352 1263 1428 1329 ideo
1444 1265 1516 1333 nol)

345 1376 484 1441 debitum
501 1375 680 1440 aversionis
697 1396 755 1441 seu
772 1377 913 1441 maculae
929 1375 1146 1461 permanentis
1163 1374 1338 1449 contraxit3
1356 1374 1431 1461 quia
1442 1378 1516 1460 Apa

347 1486 481 1550 stolus
498 1485 619 1549 diserte
635 1484 692 1559 ait,
708 1492 752 1547 iu
776 1507 851 1548 uuo
876 1490 1031 1548 homine
1052 1506 1179 1549 amnes
1199 1491 1429 1566 peccavisse
1440 1484 1481 1564 ¹),
1500 1507 1516 1552 e

342 1594 459 1660 iterum
483 1616 614 1658 amites
635 1601 882 1675 peccavisse,
909 1608 942 1658 et
956 1617 1050 1674 spere
1064 1600 1174 1674 picria
1190 1597 1302 1673 Dete).
1326 1591 1516 1658 Peccavimus

343 1702 448 1789 itaque
465 1724 529 1766 non
545 1701 676 1787 propria
693 1701 818 1788 quidem
833 1703 1011 1777 voluntate,
1028 1704 1085 1767 sed
1102 1702 1217 1777 aliena,
1234 1701 1253 1767 i.
1270 1722 1299 1766 e.
1315 1701 1440 1777 Adami
1456 1721 1516 1787 quae

344 1825 450 1877 tamen
465 1813 628 1886 voluntas,
652 1811 714 1875 nisi
736 1810 849 1877 luisset
871 1811 1088 1897 aliquomodo
1105 1811 1204 1876 totius
1220 1822 1356 1875 naturae
1371 1811 1516 1884 humanae,

344 1934 376 1986 et
390 1942 449 2006 per
474 1923 536 1986 hoc
560 1921 655 1985 etiam
671 1934 798 1995 nostra,
822 1922 908 1985 nullo
924 1923 1021 1986 modo
1036 1943 1115 1986 vere
1137 1919 1326 2005 peccavisse
1344 1918 1408 1984 dici
1424 1937 1515 2004 postt-

344 2052 424 2095 mus.
455 2032 541 2095 ldem
562 2031 692 2095 tradunt
714 2033 774 2095 SS.
790 2032 943 2105 Patres,
970 2043 1004 2094 ut
1029 2028 1216 2094 nominatim
1236 2025 1516 2117 Augustinus),

344 2140 630 2219 Ambrosius4),
665 2139 890 2220 Basilius⁵)·,
922 2153 954 2204 et
985 2153 1114 2225 praeter
1145 2139 1227 2204 alios
1257 2133 1516 2215 Bernardus‘).

346 2249 489 2312 Tandem
510 2249 571 2313 nisi
593 2270 764 2333 ponamus,
785 2249 1034 2314 inobedientiam
1061 2248 1174 2314 Adami
1198 2260 1343 2312 nostram
1367 2246 1459 2312 etiam
1480 2233 1516 2308 lu·

345 2357 557 2422 obedientiam
573 2358 678 2444 aliquo
695 2360 792 2423 modo
810 2358 921 2433 fuisse,
932 2371 964 2423 et
981 2360 1019 2423 ad
1036 2380 1096 2422 nos
1114 2378 1238 2444 quoque
1254 2356 1431 2442 pertinere:
1453 2353 1516 2420 nult

344 2466 468 2531 ratione
484 2467 637 2552 explicari
653 2468 786 2552 poterit,
803 2470 964 2553 quomodo
982 2466 1109 2531 aversio
1126 2466 1310 2541 habitualis,
1332 2485 1413 2551 quae
1428 2461 1516 2531 exim

346 2574 512 2659 produxit,
528 2576 683 2661 nobisque
700 2575 858 2651 inhaeret,
875 2576 1043 2661 unicuique
1060 2575 1201 2661 propria,
1218 2574 1250 2638 in
1266 2573 1409 2659 parvulis
1424 2587 1516 2638 recem

346 2682 429 2748 natis
445 2684 487 2748 sit
503 2684 606 2769 aliqua
621 2706 700 2749 vera
716 2686 817 2770 culpa.
841 2687 922 2750 Nam
938 2684 1087 2771 quidquid
1102 2684 1155 2748 illa
1171 2683 1298 2748 aversio
1316 2682 1374 2758 sit,
1391 2681 1456 2747 sive
1466 2675 1516 2767 pri·

347 2777 431 2857 vatio
443 2792 586 2877 justitiae
604 2792 781 2881 originalis,
792 2794 860 2859 sive
878 2793 1052 2859 dominium
1069 2792 1360 2878 concupiscentiae,
1371 2786 1516 2878 siveqoid

349 2901 422 2986 quid
438 2901 535 2966 aliud:
559 2903 612 2968 illa
627 2905 712 2969 nullo
729 2905 825 2969 modo
843 2904 982 2989 parvulis
1006 2903 1082 2968 vitio
1106 2902 1188 2978 dari,
1212 2924 1250 2968 ac
1267 2923 1307 2967 ne
1324 2924 1398 2968 esse
1415 2901 1516 2988 quidet!

349 3010 480 3094 poterit,
505 3011 566 3076 nisi
597 3012 796 3096 processerit
820 3014 858 3076 ab
883 3012 1009 3077 actione
1041 3013 1154 3087 libera,
1180 3033 1259 3098 quae
1283 3014 1322 3076 ad
1346 3034 1405 3078 eos
1434 3009 1516 3095 aliam

350 3121 446 3184 modo
462 3120 652 3205 pertinuerit
663 3125 698 3201 ⁷).

457 3283 483 3372 ¹)
498 3287 586 3349 Rom.
603 3284 634 3364 5,
654 3285 764 3350 12-
781 3289 807 3370 ²)
822 3291 909 3350 Rom.
932 3286 962 3358 3,
980 3285 1032 3350 23.
1052 3324 1090 3333 —
1112 3290 1138 3368 ³)
1154 3292 1202 3348 De
1221 3308 1304 3364 pecc.
1328 3308 1400 3352 mer.
1423 3295 1516 3348 uras!

353 3380 371 3439 t.
391 3382 418 3440 l.
437 3398 461 3440 c.
480 3382 528 3440 10.
545 3399 575 3440 u.
593 3381 642 3440 11.
660 3381 698 3441 T.
717 3375 770 3444 10.
782 3399 810 3443 e.
823 3376 852 3440 7.
870 3378 1003 3454 Quivit:
1022 3379 1107 3438 Certe
1121 3379 1317 3457 manifestum
1333 3387 1385 3451 est,
1402 3378 1461 3439 alia
1473 3390 1516 3437 m

349 3469 484 3547 propria
500 3469 608 3545 cuique
622 3475 756 3548 peccata,
774 3469 808 3529 iu
824 3470 933 3546 quibus
949 3469 983 3529 hi
998 3475 1113 3530 tantum
1127 3477 1265 3548 peccaut,
1283 3490 1410 3546 morum
1423 3466 1516 3549 petat!

353 3559 543 3632 sum,·aiiud
565 3562 621 3619 hoo
642 3581 751 3635 uuum,
782 3561 821 3620 iu
852 3581 920 3637 quo
953 3581 1075 3620 omues
1106 3568 1365 3639 peccaverunt,
1399 3554 1516 3638 quael*

355 3671 478 3710 omues
494 3650 678 3711 itleunus
694 3653 985 3731 homofuevuut.
1001 3652 1165 3712 utiterum
1181 3646 1516 3730 Epistssudssmtov

354 3738 947 3820 u.l.T.2.c.264.Tramiterporeatum,
959 3742 1052 3818 quia
1066 3763 1164 3802 uuus
1180 3750 1264 3802 erat
1279 3763 1356 3804 cum
1371 3742 1442 3803 illo
1454 3734 1516 3801 stit

356 3833 443 3902 illo,
461 3853 480 3890 a
496 3853 567 3908 quo
583 3833 721 3908 traicit,
749 3836 908 3910 quaudo,
926 3836 1021 3909 quod
1045 3833 1179 3904 traicit,
1197 3832 1408 3907 admissum
1422 3837 1516 3895 est*

358 3923 434 4000 ⁴)Iu
446 3924 520 3985 Irae
538 3926 557 3986 l.
571 3927 598 3985 7.
607 3944 638 3986 n.
648 3927 717 3986 234.
727 3925 765 3984 T.
778 3921 806 3986 1.
824 3921 954 3987 ellel.
972 3924 1066 3984 Fuit
1078 3924 1203 3994 Adam,
1221 3931 1254 3984 et
1268 3925 1307 3984 iu
1322 3924 1390 3984 ilio
1399 3922 1516 4003 suimet

358 4033 488 4076 omues.
505 4015 639 4074 Periit
652 4015 784 4089 Adam,
801 4023 835 4075 et
848 4016 889 4075 iu
903 4015 975 4076 iiio
992 4035 1115 4076 omues
1130 4014 1340 4094 perierunt.
1356 4051 1401 4062 -
1417 4009 1442 4100 ⁵)
1458 4010 1516 4074 ΟΜ

358 4107 387 4164 t.
399 4107 537 4184 dejqp'uu.
548 4127 578 4169 u.
591 4109 657 4168 at.
670 4105 749 4186 Opp.
766 4108 804 4169 Τ.
814 4104 845 4168 2.
855 4129 885 4188 p.
893 4104 923 4168 3.
934 4107 1076 4167 Primum
1084 4107 1163 4166 illud
1175 4114 1368 4185 praeceptum
1383 4109 1478 4166 &tum
1487 4118 1516 4161 a*

359 4194 437 4273 cepit
459 4198 613 4257 Adamus:
637 4200 686 4256 De
708 4197 790 4274 lipuo
814 4198 956 4257 scientiae
973 4198 1043 4257 boui
1059 4205 1085 4256 et
1098 4199 1174 4257 varali
1188 4217 1249 4257 uou
1264 4198 1430 4260 oovtedatia
1445 4185 1516 4253 -Ε

358 4306 442 4348 mox:
478 4286 663 4356 Quoniam
685 4308 758 4348 uou
774 4289 1057 4367 jejunavimus,
1091 4290 1286 4349 exulemus
1311 4309 1325 4349 e
1346 4284 1516 4368 paradis«

360 4412 400 4424 —
412 4377 540 4458 ⁶)Serm.
558 4383 586 4441 1.
604 4382 640 4438 de
654 4380 778 4441 Damio.
788 4383 815 4441 1.
824 4387 894 4457 post
909 4385 1002 4441 octav.
1012 4378 1168 4456 Epiphau.
1177 4399 1209 4443 u.
1219 4383 1247 4441 3.
1260 4378 1339 4461 Opp.
1349 4381 1389 4446 Τ.
1400 4376 1429 4442 3.
1438 4365 1516 4441 etl}

359 4469 469 4528 Aliena
491 4477 546 4540 est,
571 4469 645 4546 quia
666 4470 701 4528 iu
722 4471 821 4530 Adam
836 4490 937 4530 omues
968 4470 1131 4530 uescieutes
1161 4470 1370 4549 peccavimus;
1400 4472 1516 4530 nostra

361 4559 449 4636 quia
473 4560 547 4620 etsi
569 4560 609 4619 iu
631 4561 726 4643 alio,
750 4580 816 4620 uos
840 4568 958 4621 tamen
979 4560 1234 4643 peccavimus,
1251 4552 1516 4641 etuobisjustol)

352 4650 482 4728 judicio
496 4651 710 4730 imputabatur,
728 4651 797 4711 licet
812 4654 932 4714 occulto.
950 4685 992 4697 -
1014 4647 1038 4737 ⁷)
1054 4650 1103 4711 Ad
1119 4651 1193 4712 haec
1208 4661 1406 4733 respexerunt
1420 4644 1516 4712 (loth1

363 4742 464 4801 rinus
497 4750 527 4802 et
556 4741 725 4822 Pighius,
756 4763 853 4824 neque
873 4752 998 4825 propter
1018 4743 1074 4802 hoc
1098 4751 1185 4802 erant
1207 4737 1516 4822 reprehensioncdic¹¹

362 4830 462 4910 Hujus
484 4833 562 4893 enim
589 4834 722 4914 oportuit
746 4835 893 4894 rationem
912 4834 1041 4903 habere,
1066 4832 1120 4894 sed
1136 4833 1217 4894 aliud
1237 4855 1298 4895 nou
1315 4845 1381 4895 erat
1394 4829 1514 4911 neglhvss

364 4922 447 5000 dum,
464 4923 543 5004 quod
559 4924 616 5004 ipsi
632 4924 838 5003 neglexerunt.
