3775 5625
343 429 386 497 14

444 592 477 660 4.
493 606 528 657 ut
542 596 729 674 pauperibus
757 612 794 654 ac
817 592 942 652 miseris
964 591 1210 652 aestimationem
1230 590 1311 653 baud
1333 593 1540 673 denegemus,

342 709 450 787 cisque
466 724 705 776 succurramus,
721 705 861 782 impellit.

566 882 602 975 ξ.
620 883 659 955 b.
674 885 879 955 Naturae
895 882 1126 952 humanae
1141 884 1317 970 partes,

447 1034 616 1099 Hominem
637 1046 789 1099 constare
811 1054 854 1097 ex
874 1031 980 1096 anima
1000 1030 1151 1096 rationali
1180 1043 1212 1095 et
1243 1052 1398 1116 corpore,
1429 1053 1545 1098 omnes

343 1145 563 1219 consentione
586 1144 653 1209 imo
673 1145 707 1207 id
729 1145 769 1209 ad
785 1163 944 1228 expressa
964 1140 1039 1206 fidei
1062 1140 1248 1206 Catholicae
1270 1142 1423 1229 dogmata
1445 1142 1544 1227 perti-

342 1267 406 1321 net
429 1258 490 1320 Ast
505 1255 533 1319 si
549 1253 683 1319 ulterius
699 1253 878 1340 quaeritur,
909 1264 1017 1316 utrum
1032 1272 1075 1315 ex
1089 1250 1140 1315 bis
1156 1251 1236 1316 solis
1253 1252 1376 1315 duabus
1398 1252 1546 1337 partibus

343 1365 546 1451 compositus
562 1365 736 1440 sichomo,
760 1385 800 1428 an
816 1383 896 1427 vero
913 1361 1132 1447 expluribus:
1157 1361 1305 1426 diversae
1320 1362 1405 1426 inter
1427 1364 1546 1428 doctos

343 1496 445 1561 usque
461 1476 501 1540 ad
516 1474 743 1541 recentissima
762 1486 911 1559 tempora
931 1471 1085 1559 vigebant
1101 1471 1290 1537 sententiae.
1314 1471 1377 1537 Alii
1397 1472 1547 1539 videlicet

344 1584 572 1650 dichotomiam
593 1584 733 1649 bominis
765 1584 947 1648 statuebant
969 1593 1002 1646 et
1023 1593 1182 1657 statuunt,
1214 1583 1294 1647 duas
1323 1584 1393 1666 ejus
1420 1596 1547 1668 partes,

345 1716 444 1781 supra
466 1707 754 1769 commemoratas,
777 1693 982 1758 solummodo
999 1692 1217 1765 admittentem
1241 1692 1294 1756 alii
1314 1713 1393 1757 vero
1410 1692 1547 1757 animam

346 1804 555 1880 rationalem,
582 1806 634 1870 vel
663 1804 802 1869 animum
830 1824 890 1868 seu
910 1802 1059 1888 spiritum
1089 1802 1149 1883 (uti
1178 1802 1265 1888 loqui
1287 1803 1462 1878 malebant,
1493 1824 1546 1867 vo·

346 1916 493 1982 mulum
529 1914 703 1980 universali
745 1936 784 1980 ac
826 1912 975 1978 diuturno
1014 1911 1182 1977 Ecclesiae
1218 1934 1279 1977 usu
1323 1925 1548 1978 consecratum

347 2029 554 2111 respuentes)
584 2025 623 2088 ab
647 2023 752 2089 anima
774 2022 931 2097 sensuali,
969 2042 1048 2108 qrrae
1074 2043 1194 2107 corpus
1215 2022 1322 2092 vivum
1344 2024 1474 2098 reddat,
1504 2035 1547 2088 at·

346 2155 407 2220 que
435 2133 559 2199 animae
580 2133 757 2199 bestiarum
772 2154 910 2218 prorsus
926 2131 1040 2196 similis
1056 2131 1112 2207 sit,
1139 2132 1390 2220 distinguentes,
1407 2146 1476 2198 tres
1491 2134 1548 2198 bo·

347 2243 441 2309 minis
468 2256 596 2329 partes,
618 2243 767 2309 videlicet
789 2264 949 2328 corpus,
973 2241 1140 2307 animam
1161 2255 1194 2307 et
1216 2242 1381 2307 animum
1397 2264 1456 2307 seu
1472 2243 1549 2329 spi·

348 2352 481 2428 ritum,
509 2356 605 2432 σῶμα,
630 2350 738 2433 ψυχήν,
760 2356 884 2432 πνεῦμα,
914 2353 1060 2438 stirpat,
1077 2353 1189 2432 Ereta,
1208 2350 1313 2434 (beist,
1338 2353 1407 2418 sive
1428 2353 1548 2418 tricho-

346 2461 478 2527 tomiam
491 2465 705 2528 assumebant.
722 2461 999 2548 Quorumquidem
1015 2462 1067 2526 alii
1083 2463 1274 2537 statuebant,
1292 2462 1429 2527 animam
1436 2485 1549 2529 sensu·

349 2573 432 2638 alem
448 2572 495 2638 uti
514 2594 533 2637 a
548 2572 677 2659 spiritu,
692 2574 737 2638 ita
757 2595 776 2638 a
792 2594 932 2659 corpore
947 2593 985 2637 re
1000 2572 1072 2658 ipsa
1087 2571 1234 2646 differre,
1250 2584 1283 2636 et
1297 2572 1370 2636 ideo
1385 2573 1549 2638 bominem

348 2680 453 2747 tribus
486 2682 675 2748 substantiis
704 2696 856 2748 constare
888 2684 1062 2758 docebant,
1100 2681 1418 2747 tricbotomistae
1450 2704 1550 2748 sensu

350 2791 549 2858 strictiori
566 2804 598 2858 et
612 2793 777 2879 proprio
794 2792 885 2867 dicti;
907 2791 959 2857 alii
983 2815 1061 2858 vero
1088 2794 1272 2869 tradebant,
1301 2791 1449 2879 spiritum
1481 2791 1549 2879 qui·

350 2904 422 2967 dem
447 2901 588 2969 essentia
619 2924 687 2979 seu,
714 2916 749 2967 ut
775 2901 861 2989 loqui
893 2905 1058 2979 amabant,
1098 2903 1247 2989 qualitate
1274 2923 1454 2989 acorpore
1486 2902 1550 2967 dis·

350 3010 455 3087 cerni,
479 3010 609 3076 mndme
632 3012 840 3086 stammam,
868 3033 949 3098 quae
971 3012 1048 3077 nibil
1069 3012 1153 3076 aliud
1176 3012 1218 3077 sit
1240 3033 1334 3099 quarn
1356 3013 1405 3076 vis
1433 3033 1551 3097 corpo·

349 3120 411 3198 ris,
431 3142 494 3207 qua
507 3122 571 3186 hoc
585 3122 688 3196 vivat,
719 3122 837 3187 sentiat
852 3142 891 3187 ac
907 3121 1047 3209 cogitet,
1070 3122 1109 3186 ab
1130 3121 1204 3206 ipso
1221 3134 1381 3187 tamenne
1404 3123 1489 3186 baud
1505 3121 1551 3185 di·

350 3230 485 3307 stincta,
522 3233 607 3297 unde
623 3244 656 3296 et
671 3231 802 3296 nonnisi
817 3231 1153 3297 triobotomistae
1170 3253 1269 3298 sensu
1283 3231 1427 3297 latiori
1443 3232 1552 3317 appel·

351 3340 417 3417 lati,
433 3363 526 3428 aqua
542 3354 647 3408 tamen
665 3341 950 3430 cognominatione
966 3344 1098 3407 multum
1115 3343 1343 3418 abhorrebant,
1360 3341 1554 3406 sententiam

351 3451 730 3517 suamdichotomiam
744 3452 1046 3517 seudualismum
1062 3451 1339 3516 recentiorem
1356 3452 1550 3536 compellan-

351 3572 411 3625 tes.
428 3561 496 3624 lmo
512 3582 578 3625 non
593 3563 741 3636 deerant,
758 3562 812 3648 qui
828 3574 981 3647 quatuor,
998 3574 1030 3626 et
1043 3564 1152 3647 plures
1168 3563 1272 3627 adbuc
1287 3560 1427 3626 hominis
1442 3573 1555 3646 partes

353 3689 428 3735 esse
445 3669 653 3737 affirmarent.
680 3671 867 3737 Communis
882 3685 990 3737 tamen
1007 3672 1165 3738 sententia
1180 3694 1309 3757 semper
1325 3685 1357 3736 et
1363 3670 1480 3757 ubique
1487 3683 1557 3736 erat

353 3780 513 3846 sententia
528 3780 648 3866 prima,
664 3780 789 3846 scilicet
803 3781 967 3846 hominem
983 3803 1002 3846 e
1018 3803 1159 3868 corpore
1175 3794 1269 3868 atque
1285 3781 1390 3846 anima
1405 3779 1556 3846 rationali

354 3901 523 3964 constare;
549 3911 644 3976 quum
659 3890 711 3954 illa
726 3889 759 3953 in
776 3893 836 3955 SS.
853 3890 985 3956 Litteris
1002 3914 1068 3956 non
1086 3893 1224 3956 obscure
1241 3893 1400 3965 tradatur,
1417 3911 1436 3954 a
1450 3889 1555 3955 Patri·

354 4001 414 4065 bus
430 4001 543 4064 saltem
564 4001 662 4087 longe
678 3999 822 4086 pluribus
845 4001 1048 4077 defendatur,
1073 4013 1166 4087 atque
1181 4000 1349 4066 Ecclesiae
1371 3999 1557 4074 universali,

354 4129 415 4173 nec
431 4130 494 4174 non
511 4109 573 4195 ipsi
588 4109 705 4174 rationi
720 4109 852 4194 probari
868 4109 938 4175 visa
953 4110 1004 4175 sit.
1035 4111 1138 4176 Nemo
1170 4123 1276 4175 tamen
1299 4111 1413 4175 saltem
1441 4130 1485 4174 ex
1506 4131 1556 4174 re·

356 4218 553 4284 centioribus
571 4219 764 4307 Theologis,
789 4221 861 4284 solo
879 4219 1076 4285 Suaresio
1093 4231 1247 4303 excepto,
1264 4239 1363 4283 ausus
1380 4232 1431 4284 est
1447 4219 1556 4283 defen·

356 4328 449 4403 dere,
473 4328 663 4394 sententiam
685 4331 767 4395 hane
789 4331 828 4394 ad
860 4328 990 4394 definita
1011 4329 1179 4394 Ecclesiae
1197 4328 1381 4394 Catholicae
1404 4329 1560 4416 dogmata

356 4436 531 4524 pertinere,
563 4439 792 4526 quamvisjam
815 4438 944 4525 antiquo
968 4451 1115 4523 tempore
1134 4437 1168 4502 in
1192 4437 1375 4504 Concilio
1399 4437 1558 4503 Chalce-

357 4548 524 4613 donensi
541 4562 573 4614 et
588 4549 763 4635 praecipue
779 4548 1237 4633 Constantinopolitano
1254 4548 1318 4622 lv,
1335 4559 1368 4612 et
1382 4547 1561 4612 recentiori

356 4656 473 4723 iterum
493 4657 527 4723 in
544 4659 661 4726 Conc.
682 4657 901 4726 Viennensi
918 4671 1012 4744 atque
1034 4656 1299 4723 Lateranensi
1319 4658 1357 4722 V.
1381 4657 1562 4722 solenniter

357 4769 519 4832 enuntiata
534 4767 585 4834 sit.
609 4767 700 4833 Unde
711 4768 749 4832 ¹in
765 4769 1017 4833 demonstranda
1033 4767 1208 4843 sententia,
1224 4765 1388 4831 homiuem
1405 4780 1561 4832 constare

358 4897 401 4944 ex
431 4878 537 4943 anima
568 4878 717 4943 rationali
748 4891 781 4945 et
818 4899 959 4965 corpore
997 4877 1171 4967 organico,
1200 4877 1245 4941 ita
1271 4876 1492 4953 versabimur,
1528 4887 1564 4939 ut
