3775 5625
1467 444 1532 510 451

346 614 510 686 tionem,
530 617 562 670 et
577 615 949 689 cooperationem).
988 611 1106 692 Atque:
1141 610 1322 690 laetificati
1339 649 1373 657 —
1394 632 1455 691 per
1473 614 1534 672 all-

345 725 566 779 seractionem
582 721 812 779 mandatorum
828 719 903 795 Dei,
922 726 955 779 et
968 719 1158 797 Ecclesiae,
1181 726 1321 799 tuipsa
1342 725 1365 797 j
1372 728 1533 799 ustitia,

342 847 406 906 per
441 827 566 888 cornu
595 834 738 904 qratiam
765 835 916 907 accepta,
951 834 1145 906 cooperante
1165 830 1229 907 fide
1251 831 1345 891 bonis
1368 833 1534 909 operibus,

346 945 550 1019 crescunt,
566 944 683 1018 atque
698 941 1179 1015 ntaqicjristificuutufl).

452 1045 555 1107 Posse
578 1056 682 1107 autem
699 1044 835 1131 gratiam
850 1045 881 1106 in
899 1044 993 1108 nobis
1010 1044 1137 1132 augeri,
1160 1057 1191 1108 et
1211 1045 1283 1109 ideo
1308 1067 1408 1131 neque
1430 1046 1462 1109 in
1479 1070 1535 1110 no·

346 1152 400 1216 bis
417 1173 555 1237 semper,
572 1175 674 1239 neque
691 1153 723 1217 in
741 1154 887 1218 omnibus
899 1153 998 1238 justis
1015 1156 1176 1239 aequalem
1193 1176 1276 1229 esse,

454 1266 493 1325 A.
526 1261 647 1326 diserta
679 1263 824 1327 doctriua
852 1276 903 1327 est
935 1266 994 1328 SS.
1022 1263 1269 1329 Litterarum.
1294 1264 1398 1328 Docet
1420 1264 1451 1327 id
1475 1268 1536 1328 Sa·

346 1371 482 1455 pienS,
499 1371 551 1455 qui
568 1372 627 1436 ait:
668 1376 845 1436 laetorum
862 1382 978 1436 cerrita
996 1372 1074 1461 (vita
1091 1395 1148 1438 seu
1165 1373 1289 1437 vivendi
1306 1373 1421 1454 ratio),
1443 1382 1539 1457 quaet

344 1483 410 1543 luc
440 1484 631 1563 splendens,
662 1488 823 1564 procedit,
848 1494 881 1547 et
902 1492 1073 1564 crescit,
1093 1507 1225 1567 usque
1247 1488 1297 1545 ad
1312 1491 1540 1565 perfectam

345 1594 499 1665 dicim).
525 1592 615 1656 Sicut
637 1614 719 1679 ergo
742 1614 819 1656 vera
836 1594 891 1656 lux
907 1606 966 1668 est,
984 1615 1063 1679 quae
1080 1593 1182 1681 fulget
1197 1592 1229 1655 in
1246 1614 1378 1668 aurora,
1400 1606 1431 1656 et
1457 1613 1539 1657 sem-

348 1722 408 1784 per
440 1715 589 1790 augetur,
622 1714 654 1766 et
680 1703 798 1767 crescit
820 1725 920 1788 usque
944 1706 983 1767 ad
1005 1695 1236 1788 perfectionem
1253 1702 1475 1777 meridianam,
1493 1701 1541 1766 sic

343 1810 441 1874 etiam
458 1833 534 1876 vera
545 1812 671 1896 justitia
686 1813 717 1875 in
735 1812 916 1877 homiuibus
934 1825 985 1878 est
996 1812 1200 1897 justificatis,
1222 1826 1254 1876 et
1275 1834 1312 1877 ea
1335 1826 1440 1877 tamen
1458 1834 1540 1877 sem-

347 1940 408 2003 per
425 1921 529 2008 magis
546 1922 713 2009 magisque
730 1935 875 2008 augetur,
892 1925 996 1987 donee
1018 1925 1057 1988 ad
1078 1922 1310 2023 perfectionem
1326 1924 1493 1987 beatorum
1510 1921 1541 1985 in

346 2031 482 2095 coelesti
504 2031 698 2095 beatitudine
719 2032 890 2119 pertingat.
918 2033 1026 2096 Docet
1047 2032 1079 2095 id
1094 2031 1165 2117 ipse
1182 2032 1366 2098 Christus
1382 2032 1540 2096 Dominus

347 2137 379 2201 iu
413 2141 566 2223 parabola
589 2142 627 2203 de
650 2142 761 2204 decem
783 2142 903 2216 servis,
936 2164 1072 2226 quorum
1093 2140 1225 2227 quisque
1249 2162 1353 2205 mnam
1370 2163 1388 2205 a
1403 2142 1541 2204 Domino

348 2261 529 2333 acceperat,
548 2271 670 2334 quaque
686 2272 767 2314 unus
785 2252 910 2325 decern,
935 2252 1015 2315 alter
1032 2251 1167 2336 quinque
1185 2252 1263 2315 alias
1280 2272 1370 2315 mnas
1389 2250 1542 2336 acquisie-

346 2359 447 2435 rat⁴).
472 2360 545 2422 Mna
562 2359 644 2422 etnim
662 2360 737 2423 nihil
755 2360 837 2424 aliud
854 2360 1026 2447 significat,
1044 2383 1136 2445 quiam
1153 2360 1290 2447 gratiam
1301 2360 1543 2444 justificantem,

345 2489 427 2553 quae
456 2467 487 2530 in
511 2468 646 2532 diversis
664 2469 808 2553 dispares
826 2451 1038 2544 fruetus'fert,
1056 2493 1115 2554 pro
1133 2470 1252 2554 dispari
1284 2470 1457 2534 voluntatis
1482 2490 1543 2533 co·

348 2577 545 2661 operatione.
571 2579 674 2641 Porro
692 2601 786 2662 quum
804 2579 860 2641 ait:
904 2584 1036 2642 Omnem
1054 2583 1260 2661 (palantem)
1267 2627 1279 2660 ,
1305 2588 1360 2662 qui
1374 2585 1446 2659 sert
1458 2582 1543 2654 fru-

348 2696 454 2764 ctum,
470 2692 661 2768 perpetiit
675 2710 757 2750 eum
775 2692 908 2767 (Pater)
917 2736 929 2768 ,
949 2690 1096 2775 augendo
1120 2687 1244 2753 scilicet
1265 2689 1401 2777 gratiam
1425 2686 1541 2750 sancti-

346 2795 498 2860 ficantem
514 2796 545 2859 in
563 2819 613 2871 eo,
630 2806 668 2860 ut
680 2802 830 2877 fractam
842 2801 937 2880 ptris
956 2800 1117 2880 afferam).
1142 2800 1247 2863 Docet
1263 2800 1294 2862 id
1312 2819 1436 2884 quoque
1453 2798 1541 2861 Pau-

346 2906 425 2979 lus,
442 2905 494 2990 qui
511 2905 637 2970 scribit:
661 2910 839 2969 Veritatem
853 2913 1017 2987 facientes
1045 2917 1059 2983 (
1061 2910 1155 2992 juxta
1178 2907 1355 2971 doctrinam
1371 2906 1543 2993 religionis

348 3014 549 3079 Christianae
580 3015 675 3079 vitam
707 3014 925 3102 instituentes)
948 3026 988 3079 tu
1011 3025 1211 3080 clearitate
1234 3022 1306 3100 (per
1329 3014 1543 3094 charitatem),

348 3147 579 3188 crescamus
610 3133 645 3187 iu
676 3128 733 3186 illa
759 3131 830 3207 (per
855 3124 960 3198 illum,
983 3124 1002 3188 i.
1020 3147 1047 3189 e.
1064 3125 1181 3187 virtute
1198 3136 1229 3187 et
1245 3123 1366 3187 influxu
1382 3126 1469 3208 ejus,
1493 3125 1541 3186 vel

342 3236 438 3320 juxta
452 3246 575 3297 textum
594 3233 783 3320 originalem
798 3241 831 3296 in
849 3242 965 3315 ipsum,
982 3233 1001 3298 i.
1019 3256 1046 3298 e.
1065 3243 1169 3296 airum
1182 3240 1379 3316 perfectum,
1398 3242 1432 3296 iu
1449 3256 1541 3296 rnen·

346 3367 464 3407 curam
496 3351 616 3406 aetatis
634 3340 849 3425 plenitudinis
869 3345 994 3406 Curiati·
1002 3391 1013 3423 ,
1035 3356 1180 3428 utsupra
1197 3343 1339 3420 dixerat)
1357 3351 1542 3425 peremnia

347 3459 632 3538 (quaquaversum,
649 3452 668 3515 i.
686 3473 712 3515 e.
731 3451 870 3515 omnium
888 3451 1038 3515 virtutum
1056 3474 1193 3539 genere,
1211 3474 1291 3537 quae
1309 3464 1476 3516 crescente
1489 3454 1540 3535 ju·

348 3561 435 3625 stitia
451 3561 570 3646 pariter
588 3567 752 3641 crescunt)
765 3563 801 3642 ⁶).
827 3563 894 3626 Nec
911 3584 975 3625 non
992 3564 1180 3636 ioannes,
1199 3562 1250 3648 qui
1267 3563 1377 3626 habet:
1399 3562 1463 3637 Qui
1475 3567 1541 3640 Ja-

347 3679 422 3734 stas
438 3680 500 3750 cst,
509 3675 775 3748 justificetur
792 3676 932 3744 adorco,
950 3682 982 3734 et
996 3680 1146 3753 sanctas,
1166 3677 1461 3746 sanctificetur
1479 3675 1540 3732 od·

346 3789 421 3844 truc
433 3784 467 3861 ⁷).
492 3781 526 3843 lu
543 3781 655 3865 quibus
673 3781 753 3846 locis
771 3782 918 3845 orunilrus
929 3781 1096 3845 manifeste
1107 3780 1249 3855 traditur,
1262 3783 1371 3864 justos
1383 3779 1541 3864 justiores

351 3889 426 3954 fieri
442 3910 551 3974 posse,
568 3902 600 3953 et
616 3911 655 3952 eo
673 3889 745 3974 ipso
769 3890 922 3954 indirecte
940 3893 1089 3964 docetur,
1107 3891 1264 3974 justitiam
1281 3888 1311 3951 in
1331 3888 1467 3951 diversis
1483 3888 1540 3950 ho-

346 3999 503 4072 minibus,
525 4011 619 4082 prout
634 4012 666 4062 et
682 3999 713 4062 in
738 4001 852 4063 eodem
867 3999 995 4063 homine
1018 4001 1147 4063 diverso
1168 4012 1322 4082 tempore,
1340 4018 1414 4060 esse
1433 3993 1537 4059 diver-

346 4131 428 4175 sam.
453 4113 515 4172 Ast
531 4130 594 4172 non
611 4111 726 4173 desunt
742 4109 820 4183 loci,
838 4110 891 4172 ubi
907 4111 970 4174 hoc
987 4108 1116 4173 disertis
1137 4107 1317 4172 enuntietur
1339 4105 1457 4169 verbis.
1483 4105 1539 4168 sie

345 4218 391 4283 ait
410 4218 430 4280 J
436 4238 547 4281 esus:
571 4223 675 4281 Arnen
692 4223 763 4281 dico
780 4224 880 4294 vobis,
897 4242 964 4282 nou
979 4226 1133 4281 surremit
1146 4225 1232 4280 iuter
1254 4223 1351 4278 natos
1367 4218 1540 4277 mulierum

345 4333 482 4405 major
506 4330 640 4390 ‚Ioanne
661 4332 813 4409 Baptista
823 4326 860 4414 ⁹).
893 4330 935 4391 Et
957 4327 1087 4392 iterum:
1122 4330 1344 4390 Remittentur
1362 4333 1390 4386 ei
1404 4332 1540 4406 peccata

461 4599 487 4688 ¹)
506 4605 587 4665 Sese.
606 4608 634 4664 6.
652 4625 676 4664 c.
696 4607 722 4664 7.
741 4638 783 4646 -—
801 4607 829 4681 ²)
847 4603 929 4665 Sese.
951 4608 979 4662 o'.
998 4624 1021 4663 c.
1040 4606 1088 4662 10.
1107 4601 1152 4664 cf.
1169 4603 1244 4662 Oan.
1263 4603 1312 4660 24.
1333 4636 1377 4645 —-
1403 4600 1430 4673 ³)
1447 4599 1539 4659 Prov.

344 4693 650 4772 4,18.-⁴)Lu0.
672 4692 724 4764 19,
745 4689 1179 4774 lisa-uocantur.
1200 4686 1468 4770 -⁶)Ephes.4,
1489 4684 1538 4750 15.

345 4783 625 4943 [4⁷{0Ap0e22
646 4785 695 4848 11.
728 4823 771 4832 —-
806 4782 1159 4866 8)Μει111ι.11,11.(11.
1187 4781 1214 4844 1.
1247 4783 1324 4861 Reg.
1348 4777 1379 4852 9,
1397 4778 1426 4842 2.
1446 4779 1539 4845 Eccli.

393 4925 403 4966 ‚
470 4925 477 4940 .

1235 4978 1298 5047 29*
