3775 5625
1455 412 1522 492 563

345 579 464 669 operis,
487 579 809 668 utCajetauus1),
832 577 995 651 etiterum
1016 581 1078 661 alii,
1101 580 1153 672 qui
1177 595 1339 663 censeant,
1362 605 1426 653 nou
1451 605 1524 653 esse

344 692 509 758 meritoria
529 712 571 782 ax
592 692 752 780 cortdigno
776 690 899 757 ratione
924 694 1043 779 operis,
1068 697 1124 760 sed
1148 706 1268 761 tautum
1291 694 1414 762 ratione
1437 694 1522 781 pacti

344 816 378 869 et
393 799 623 889 acceptationis
639 802 774 877 divinae,
796 814 831 866 ut
854 805 997 868 scotus
1014 809 1041 883 ⁸)
1066 816 1099 869 et
1121 804 1234 871 Andr.
1259 805 1365 893 Vega
1379 810 1419 887 ⁸).
1457 805 1520 872 No·
1570 880 1575 891 ,

344 912 394 978 his
419 925 525 978 mmen
549 932 620 977 cum
651 911 743 977 Card.
766 912 999 977 Bellarmino
1024 913 1127 978 media
1149 914 1306 980 sententia
1330 914 1524 999 probabilior

345 1042 419 1087 esse
447 1022 586 1096 videtur,
616 1033 707 1106 atque
738 1020 902 1086 doctrinae
925 1022 1090 1086 Ecclesiae
1115 1022 1297 1087 Catholicae
1323 1024 1425 1110 magis
1451 1046 1525 1089 cou-

344 1152 435 1210 sona,
452 1152 531 1216 quae
547 1130 652 1204 tradit,
670 1150 767 1214 opera
784 1131 868 1194 hona
878 1131 1040 1213 justorum
1057 1131 1221 1197 meritoria
1237 1154 1309 1196 csse
1325 1133 1408 1198 vitae
1425 1145 1525 1199 aeter·

345 1260 404 1305 nae
420 1261 461 1303 ex
478 1239 639 1326 condigno
654 1238 779 1303 ratione
794 1238 879 1324 pacti
895 1251 926 1303 et
943 1238 1051 1324 operis
1069 1238 1177 1314 simul,
1201 1241 1244 1304 ita
1260 1253 1294 1304 ut
1309 1261 1390 1327 opus
1407 1242 1525 1309 honum

343 1350 460 1414 haheat
474 1349 600 1434 quidem
616 1347 857 1433 proportionem
873 1348 1024 1412 advitam
1041 1361 1211 1424 aeternam,
1235 1361 1373 1414 attamen
1390 1352 1525 1437 promia·

345 1480 417 1523 sum
434 1457 572 1521 divinum
589 1456 731 1541 ejusdem
747 1455 902 1520 accedere
918 1457 1042 1531 debeat,
1063 1458 1135 1542 quia
1149 1458 1236 1523 Deus
1252 1479 1316 1522 uon
1333 1471 1459 1524 tenetur
1476 1480 1526 1525 ao·

345 1579 474 1651 captare
498 1567 536 1629 ad
558 1565 642 1629 illam
663 1565 845 1629 mercedem
874 1585 956 1649 opus
981 1565 1112 1639 honum,
1136 1565 1198 1630 nisi
1219 1565 1411 1652 promiserit.
1454 1570 1523 1635 Non

344 1696 417 1740 esso
435 1696 533 1759 opera
548 1675 633 1738 hona
648 1672 811 1737 meritoria
825 1673 909 1737 vitae
925 1685 1074 1738 aeternae
1089 1694 1131 1738 ex
1141 1674 1266 1759 justitia
1281 1676 1314 1739 in
1329 1698 1366 1741 sc
1382 1690 1527 1761 spectata

345 1785 555 1857 solummodo,
580 1784 713 1847 docetiu
728 1781 847 1845 diserte
862 1782 894 1844 iu
920 1786 979 1846 SS.
996 1782 1142 1857 Litteris,
1164 1784 1197 1847 iu
1218 1784 1330 1868 quibua
1346 1786 1529 1873 ubicunque

346 1893 494 1967 traditur,
517 1892 619 1956 Deum
639 1891 764 1957 fidelem
780 1912 854 1955 esse
870 1902 902 1954 et
912 1893 1035 1975 justum
1051 1892 1082 1954 in
1099 1894 1261 1957 reddendo
1277 1896 1437 1979 praemio,
1460 1897 1528 1962 lere

345 2017 474 2088 semper
496 2001 688 2066 mentionem
710 2000 934 2086 promissionis
954 2001 1087 2075 iaciunt,
1115 2022 1175 2066 nec
1196 2023 1260 2066 non
1276 2024 1317 2067 ex
1332 2003 1403 2089 ipsa
1418 2016 1530 2070 natura

345 2113 422 2177 honi
444 2111 551 2196 operis
574 2133 633 2195 per
648 2131 684 2175 so
701 2110 895 2196 intelligitur.
926 2111 1011 2173 Esse
1028 2123 1133 2175 autem
1148 2113 1234 2176 hona
1249 2133 1349 2197 opera
1365 2114 1530 2181 meritoria

345 2221 439 2286 simul
460 2221 584 2285 ratione
606 2221 730 2304 operis,
756 2219 800 2283 ita
821 2232 856 2283 ut
871 2219 903 2282 in
918 2219 990 2303 ipso
1008 2241 1106 2304 opere
1123 2223 1209 2285 hono
1226 2221 1269 2285 sit
1283 2224 1436 2307 quaedam
1452 2245 1525 2309 pro·

343 2329 451 2415 portio
475 2331 513 2393 ad
537 2328 713 2413 praemium
736 2328 819 2391 vitae
843 2339 1002 2401 aeternae,
1028 2347 1126 2412 aeque
1151 2342 1273 2393 certum
1297 2351 1371 2394 esse
1396 2331 1529 2398 ridetur.

346 2440 427 2503 Nam
444 2437 558 2502 Conc.
576 2436 865 2509 Tridentium,
882 2456 977 2520 quum
993 2435 1045 2510 ait,
1062 2443 1141 2499 beree
1157 2444 1366 2517 operantibus
1380 2461 1482 2521 usque
1497 2449 1532 2507 iu

344 2554 442 2624 finem
457 2559 488 2610 et
503 2553 538 2609 in
552 2548 621 2608 Deo
638 2551 843 2622 sperantibus
855 2553 1097 2624 proponendum
1112 2567 1185 2608 ease
1201 2547 1300 2609 uitam
1315 2561 1479 2614 aeteruum
1493 2565 1535 2617 et

348 2669 535 2737 tamquam
555 2661 726 2734 qratiam
748 2658 828 2730 filiis
843 2657 905 2716 Dei
918 2675 979 2733 per
998 2655 1165 2717 Christum
1180 2658 1296 2719 Jeeum
1309 2664 1531 2725 misericordi-

346 2778 396 2830 ter
408 2771 614 2847 promiasum,
639 2777 677 2828 et
699 2777 891 2845 tamquam
914 2772 1123 2828 mercedem
1138 2786 1183 2827 ea·
1199 2771 1302 2846 ipsius
1315 2775 1532 2846 promissione

347 2882 440 2939 bouis
462 2881 605 2954 ipsorum
629 2880 780 2955 operibus
801 2887 832 2936 et
857 2879 1009 2937 meritis
1030 2876 1170 2949 fideliter
1192 2883 1381 2939 reddendam
1398 2884 1442 2957 ⁴),
1466 2901 1531 2945 non

347 2995 468 3047 tantum
488 2983 572 3047 inter
592 2983 688 3045 vitam
710 2996 871 3047 aeternam
893 2994 1051 3066 tamquam
1072 2982 1206 3069 gratiam
1230 2984 1423 3066 promissam
1438 3000 1531 3074 atque

347 3094 528 3156 mercedem
550 3091 730 3177 distinguit,
756 3092 813 3154 scd
830 3102 861 3154 et
886 3111 985 3174 opera
1009 3091 1041 3154 in
1074 3090 1278 3176 oppositione
1309 3095 1532 3178 promissionis

347 3199 497 3264 divinitus
529 3199 644 3274 factae,
675 3198 788 3263 merita
819 3199 969 3282 adpellat‚
1017 3211 1048 3262 et
1086 3199 1133 3263 sic
1169 3212 1220 3264 sat
1255 3200 1340 3266 clare
1371 3202 1533 3273 'internam

347 3309 480 3394 praemii
495 3309 577 3373 vitae
594 3320 743 3372 aeternae
759 3307 946 3394 dignitatem
962 3309 1055 3373 honis
1075 3308 1225 3393 operibus
1242 3309 1393 3375 attribuit.
1410 3312 1533 3380 Deinde

349 3440 410 3482 nos
435 3438 593 3481 meremur
612 3429 648 3479 ut
668 3417 811 3480 membra
830 3416 901 3480 viva
925 3417 1044 3482 Christi
1060 3429 1091 3480 et
1106 3438 1164 3500 per
1179 3417 1349 3493 inlluxum,
1378 3441 1471 3504 quem
1492 3426 1532 3488 ah

348 3528 402 3592 illo
425 3539 460 3589 ut
485 3524 587 3610 capite
613 3538 725 3589 nostro
749 3525 939 3609 recipimus,
962 3546 1020 3610 per
1046 3525 1231 3589 charitatem
1258 3531 1532 3610 supernaturalem

350 3635 517 3699 nobiscum
537 3633 816 3707 communicatam,
840 3633 884 3698 ita
904 3646 938 3697 ut
961 3633 1092 3719 operum
1113 3642 1154 3698 c'x
1174 3635 1234 3698 hac
1258 3634 1530 3719 proficiscentium

349 3743 516 3830 proportio
534 3764 605 3806 cum
622 3743 824 3817 heatitudine,
845 3764 939 3828 quum
956 3743 1021 3808 sint
1035 3744 1178 3826 ejusdem
1195 3743 1328 3819 ordinis,
1350 3748 1462 3833 negari
1477 3770 1530 3812 ne-

351 3865 454 3939 queat,
475 3866 506 3917 et
522 3854 560 3916 de
576 3853 679 3939 gloria
695 3853 814 3918 Christi
830 3855 1029 3927 detrahatur,
1053 3853 1081 3917 si
1098 3854 1261 3929 statuitur,
1286 3875 1384 3938 opera
1405 3857 1534 3923 nonnisi

321 3996 324 4003 ·
350 3962 382 4024 vi
399 3961 482 4046 pacti
497 3981 570 4024 esse
586 3960 752 4025 meritoria
769 3968 807 4043 ⁵).

358 4164 616 4180 ——ss-——n

462 4294 490 4367 ¹)
505 4293 546 4349 Iu
562 4294 591 4350 1.
608 4294 637 4355 2.
654 4311 682 4366 q.
699 4293 768 4353 114.
785 4299 841 4351 art.
859 4296 889 4352 3.
921 4328 965 4338 -
996 4287 1023 4376 ²)
1047 4296 1087 4351 Iu
1111 4295 1139 4354 1.
1163 4292 1243 4354 Ceut.
1265 4294 1294 4353 d.
1318 4295 1366 4354 17,
1384 4313 1412 4369 q.
1430 4298 1458 4353 2.
1492 4330 1533 4341 —

354 4387 381 4457 ³)
398 4383 446 4441 De
452 4380 561 4460 justif.
578 4401 606 4457 q.
623 4384 652 4441 5.
675 4416 716 4427 ——
742 4378 768 4465 ⁴)
785 4382 868 4443 Sese.
886 4385 913 4444 6.
930 4404 956 4444 c.
974 4386 1022 4443 16.
1048 4420 1089 4428 -
1113 4382 1533 4469 ⁵)0t.S.Th0m.1.2.yq.

354 4475 423 4534 114.
440 4478 497 4532 ort.
514 4475 544 4531 3.
570 4470 649 4563 Opp.
666 4472 708 4536 th.
725 4469 764 4535 Τ.
782 4470 835 4537 21.
851 4493 880 4568 p.
899 4469 975 4546 648,
