3775 5625
1414 436 1479 504 361

326 611 404 667 ‚aba
421 602 566 667 absoluta
582 614 641 666 est.
680 602 760 666 Nam
776 598 953 675 bominem,
975 621 1067 686 quem
1083 598 1182 665 libere
1200 601 1294 667 saluti
1310 622 1388 667 suae
1404 623 1479 687 ope-

326 733 359 775 m
375 713 454 777 dare
471 724 610 798 oportet,
626 710 719 786 viam,
736 732 816 797 quae
833 713 872 775 ad
888 711 974 775 illam
991 709 1086 785 ducit,
1103 713 1164 775 hoc
1181 723 1245 786 est,
1261 710 1413 776 veritates
1429 732 1479 776 re·

326 820 442 901 (iosus,
464 843 546 907 quae
570 819 789 909 cognitionem
813 833 957 886 nostram
978 833 1071 905 atque
1099 820 1197 886 vitam
1224 819 1378 909 dirigant,
1394 820 1479 886 scire

329 950 461 997 cessum
478 944 543 1004 est;
577 951 674 995 secus
691 931 789 1005 enim,
811 950 913 1017 neque
936 930 999 993 illis
1016 950 1185 994 assensum
1205 932 1361 1015 praebere
1378 951 1480 1016 neque

326 1051 379 1105 sta
396 1042 525 1105 easdem
542 1061 632 1104 suam
647 1039 774 1104 vivendi
790 1039 948 1104 rationem
966 1059 1160 1124 componere
1177 1052 1298 1124 posset.
1328 1040 1389 1104 Per
1405 1061 1478 1125 pec·

326 1161 396 1213 turn
427 1163 534 1214 autem
566 1150 745 1214 intellectus
778 1148 958 1214 debilitatus
990 1169 1028 1213 ac
1050 1149 1259 1224 obcaecatus,
1291 1148 1478 1214 veritatibus

327 1261 351 1323 s
366 1257 567 1324 inveniendis
584 1280 622 1323 ac
646 1258 821 1323 retinendis
842 1259 925 1323 haud
942 1269 993 1322 est
1008 1278 1082 1343 par,
1099 1255 1193 1344 idque
1209 1279 1249 1322 eo
1267 1257 1383 1333 minus,
1400 1280 1477 1345 quo·

326 1389 371 1433 uu
387 1370 447 1435 bae
463 1368 616 1433 veritates
633 1369 745 1434 saltem
762 1389 804 1433 ex
819 1365 910 1453 p'arte
927 1368 1190 1452 supernaturales
1208 1388 1294 1442 esse,
1315 1366 1334 1433 i.
1353 1389 1380 1433 e.
1398 1367 1476 1433 limi·

326 1500 332 1540 t
351 1477 487 1543 rationis
504 1491 645 1552 nostrae,
662 1479 703 1542 ob
720 1477 816 1542 linem
832 1490 978 1543 nostrum
991 1477 1274 1562 supernaturalem,
1292 1477 1477 1543 necessario

326 1590 446 1653 cedere
463 1588 589 1663 debent,
607 1607 686 1673 quae
702 1586 828 1673 quidem
844 1587 1127 1673 protoparentibus
1143 1577 1321 1672 patefactae
1338 1608 1474 1673 prorsus

326 1696 471 1781 perditae
488 1710 571 1772 surrt,
589 1696 717 1761 nonnisi
732 1699 823 1761 valde
841 1695 970 1783 exiguis
987 1695 1154 1785 vestigiis,
1170 1696 1275 1781 iisque
1292 1697 1475 1782 depravatis

327 1804 417 1872 ictis.
456 1807 546 1871 Unde
568 1807 731 1883 Christus,
756 1807 807 1893 qui
835 1819 982 1882 venerat,
1009 1819 1057 1882 ut,
1089 1808 1172 1892 quod
1205 1806 1414 1873 amiseramus
1444 1808 1477 1872 in

326 1919 406 2000 lam,
433 1916 560 2002 inipso
593 1938 836 2002 recuperemus,
867 1930 1027 2003 tamquam
1052 1918 1225 1981 Redemtor
1258 1939 1295 1982 ae
1327 1920 1476 1982 Salvator

326 2026 394 2089 uadi
410 2027 598 2092 necessario
616 2028 771 2115 magister
787 2049 825 2091 ae
842 2028 958 2091 doctor
974 2026 1138 2101 veritatiS,
1155 2048 1213 2091 seu
1229 2029 1404 2112 Propheta,
1421 2050 1474 2092 cu·

326 2146 407 2199 test
421 2134 627 2220 interpretari
643 2158 828 2201 sermonem
844 2157 882 2201 ae
899 2137 1092 2200 voluntatem
1109 2135 1183 2210 Dei,
1204 2157 1279 2201 esse
1296 2137 1410 2203 debuit.
1436 2142 1476 2201 In

326 2251 351 2307 ‘a
371 2252 473 2324 enirn,
499 2244 542 2308 ait
566 2245 743 2310 Clemens
760 2246 874 2320 Alex,
892 2255 1058 2331 tamquam
1074 2253 1108 2309 a‘n
1121 2250 1302 2328 profundis
1323 2258 1475 2311 errantes

326 2357 438 2434 nebris,
458 2361 577 2436 optimo
594 2364 627 2418 et
640 2362 695 2438 qui
711 2377 877 2438 nunquam
893 2359 1028 2421 aberret
1042 2380 1081 2419 ac
1097 2360 1256 2438 offendat,
1275 2362 1357 2422 duee
1371 2362 1474 2421 babe-

326 2480 357 2524 as
371 2486 454 2545 opus
466 2462 501 2551 ¹).

389 2574 431 2636 Et
447 2594 560 2638 revera
577 2575 658 2638 haec
674 2587 724 2639 est
740 2597 864 2660 quoque
882 2575 1143 2642 manifestissima
1160 2574 1308 2640 doctrina
1326 2574 1472 2640 sstit·

327 2698 465 2757 rarum,
483 2683 647 2748 Christum
663 2705 773 2748 verum
789 2685 1001 2770 Prophetam‚
1018 2685 1037 2751 i.
1054 2708 1082 2751 e.
1100 2687 1269 2751 doctorem
1290 2707 1328 2750 ae
1344 2683 1471 2774 legisla-

326 2805 386 2856 em
400 2792 532 2882 generis
549 2792 678 2857 humani
693 2792 869 2860 exstitisse.
910 2795 1103 2880 Prophetam
1126 2794 1210 2860 enim
1232 2794 1395 2860 Christum
1415 2816 1473 2860 seu

327 2901 430 2966 esiam
447 2904 604 2979 futurum,
631 2905 700 2989 jam
725 2906 764 2969 ab
786 2904 923 2992 anitiquis
944 2905 1079 2972 Vatibus
1104 2905 1243 2979 canitur,
1266 2926 1472 2992 superquam

326 3002 419 3075 'nitus
437 3016 471 3080 S.
488 3011 531 3077 sit
546 3012 766 3098 requieturus,
787 3027 819 3078 et
840 3013 893 3101 qui
917 3014 1022 3102 legem
1038 3027 1071 3080 et
1081 3015 1203 3099 judicia
1217 3014 1278 3079 Dei
1294 3014 1337 3080 sit
1353 3035 1472 3080 annun·

328 3135 424 3196 urus,
441 3137 650 3208 praeceptum
667 3126 737 3209 ejus
754 3124 1009 3210 praedicaturus,
1024 3125 1171 3192 homines
1187 3126 1255 3190 vias
1276 3127 1346 3211 ejus
1363 3127 1473 3191 doctu-

326 3265 353 3301 ·,
378 3252 417 3296 ac
455 3219 560 3297 lumen
591 3234 735 3299 veritatis
764 3237 803 3299 ab
824 3237 1005 3301 Jerusalem
1037 3236 1184 3302 omnibus
1215 3235 1341 3322 populis
1364 3237 1471 3300 allatu-

341 3386 355 3412 ,
378 3340 421 3405 ita
441 3355 475 3405 ut
493 3364 605 3408 omnes
637 3344 669 3408 in
702 3366 741 3409 eo
774 3346 980 3429 ambutem').
1027 3348 1117 3426 Quod
1149 3359 1254 3411 autem
1286 3346 1324 3408 de
1355 3345 1474 3411 Messia

326 3441 437 3514 {ciniis
470 3453 670 3535 praedictum
702 3467 785 3529 erat,
807 3456 870 3520 hoe
900 3455 933 3519 in
966 3455 1095 3520 Christo
1113 3456 1210 3522 etiam
1226 3476 1342 3520 revera
1358 3455 1473 3525 evenit.

327 3575 352 3620 e
376 3561 460 3624 enim
483 3584 577 3628 omne
600 3577 743 3650 ternpus,
768 3588 831 3651 quo
853 3565 978 3650 publice
1000 3567 1178 3651 prodierat,
1211 3566 1358 3631 docendo
1380 3577 1472 3652 atque

327 3668 424 3734 nines
455 3693 533 3736 vera
565 3673 733 3761 religionis
771 3675 955 3763 cognitione
994 3676 1166 3742 imbuendo
1203 3676 1405 3761 insumsit³)‚
1437 3697 1472 3740 se
1507 3665 1510 3670 ’

326 3792 382 3842 um
400 3780 589 3868 magistrum
605 3782 733 3847 terricum
750 3806 860 3849 verum
877 3785 1093 3874 prol'essus‘),
1110 3789 1149 3852 ab
1163 3786 1348 3873 aequalibus
1359 3786 1474 3849 doctor

351 3890 508 3977 magister
539 3892 668 3978 agnitus
677 3890 722 3979 ⁵),
754 3906 787 3957 et
808 3896 847 3958 ab
874 3896 1068 3962 adversariis
1092 3897 1166 3961 iden
1190 3899 1343 3962 seductor
1364 3894 1472 3980 populi

326 3998 478 4064 tuntiatus
487 4005 530 4082 ⁶).

386 4109 498 4195 Neque
519 4132 656 4196 unquam
674 4111 752 4187 luit,
775 4113 827 4197 qui
851 4113 883 4178 id
906 4116 1086 4202 tregaverit,
1102 4118 1174 4182 solo
1191 4116 1362 4181 Luthero
1380 4129 1472 4203 atque

326 4253 495 4276 Nau—..-

388 4346 415 4434 ¹)
432 4353 568 4427 Paedap.
586 4354 605 4409 l.
625 4355 652 4413 1.
670 4372 694 4414 e.
711 4357 741 4414 3.
760 4351 840 4432 Opp.
858 4353 896 4414 Τ.
917 4352 945 4415 1.
963 4376 993 4434 p.
1013 4354 1077 4418 102
1094 4378 1118 4417 s.
1145 4391 1187 4400 —
1212 4356 1239 4435 ²)
1259 4356 1303 4418 Cf.
1321 4356 1373 4417 Ps.
1390 4355 1422 4430 2,
1441 4355 1471 4424 6.

340 4437 373 4515 2,
390 4439 489 4504 2-5.
516 4441 573 4515 11,
595 4439 626 4503 2.
644 4440 697 4515 42,
717 4441 814 4507 1-7.
830 4442 891 4518 49,
910 4444 1007 4509 1--6.
1024 4444 1083 4520 55,
1098 4445 1132 4512 4.
1163 4446 1247 4510 Joel.
1264 4445 1295 4529 2,
1311 4444 1366 4509 23.
1383 4449 1471 4511 Mieb.

326 4523 361 4592 2.
380 4567 421 4580 -
440 4537 467 4616 ³)
480 4532 644 4598 Cf.Mattb.
660 4532 691 4608 4,
710 4534 762 4600 17.
780 4532 833 4596 23.
851 4532 882 4609 5,
902 4533 917 4596 1
937 4557 977 4598 ss.
997 4536 1026 4612 Ἰ,
1042 4536 1096 4600 29.
1114 4536 1143 4608 9,
1162 4534 1215 4599 35.
1235 4536 1286 4620 ll,
1306 4537 1335 4602 1.
1356 4537 1406 4611 13,
1418 4537 1472 4603 54.

327 4635 376 4687 re.
394 4623 424 4698 1,
443 4622 484 4684 14
501 4645 542 4684 ss.
559 4622 591 4698 2,
611 4622 662 4687 13.
681 4623 711 4700 4,
731 4625 759 4688 1.
777 4623 809 4699 5,
827 4624 880 4688 20.
898 4627 975 4688 Luc.
991 4626 1024 4702 4,
1044 4625 1095 4690 15.
1113 4626 1143 4703 5,
1161 4626 1191 4690 3.
1211 4627 1261 4691 ll.
1279 4627 1310 4703 6,
1327 4628 1357 4691 6.
1379 4629 1471 4696 Joau.

327 4707 385 4776 18.
404 4712 436 4783 6,
453 4711 507 4779 60.
527 4713 555 4789 7,
575 4713 626 4778 14.
659 4713 713 4778 28.
736 4715 766 4792 8,
790 4714 821 4779 2.
843 4715 896 4780 20.
919 4715 1062 4783 31-34.
1096 4753 1137 4764 -
1170 4719 1399 4800 ⁴)Manh.23,
1419 4721 1470 4788 10.

326 4819 375 4866 tan.
402 4801 464 4878 13,
484 4804 625 4868 13-14.
644 4807 689 4870 ef.
708 4806 739 4885 8,
759 4805 811 4871 12.Ι
842 4843 887 4856 -
919 4810 946 4888 ὅ)
965 4811 1069 4874 Matth.
1088 4807 1118 4885 8,
1138 4809 1190 4874 19.
1209 4809 1260 4887 12,
1277 4810 1330 4876 38.
1349 4810 1401 4888 19,
1420 4814 1472 4882 16.

326 4914 375 4961 ue.
393 4893 425 4973 9,
444 4893 495 4960 16.
513 4903 587 4962 Luc.
608 4898 637 4974 7,
656 4898 708 4964 40.
726 4901 818 4962 Joan.
840 4898 891 4986 ll,
907 4899 961 4965 28.
979 4940 1022 4949 -
1042 4903 1068 4984 ⁶)
1085 4904 1158 4967 Luc.
1177 4900 1232 4978 23,
1248 4900 1278 4970 5.
