<?xml version="1.0" encoding="UTF-8"?>
<!DOCTYPE html PUBLIC "-//W3C//DTD XHTML 1.0 Transitional//EN"
    "http://www.w3.org/TR/xhtml1/DTD/xhtml1-transitional.dtd">
<html xmlns="http://www.w3.org/1999/xhtml" xml:lang="en" lang="en">
 <head>
  <title>
</title>
<meta http-equiv="Content-Type" content="text/html;charset=utf-8" />
  <meta name='ocr-system' content='tesseract 3.04.00' />
  <meta name='ocr-capabilities' content='ocr_page ocr_carea ocr_par ocr_line ocrx_word'/>
</head>
<body>
  <div class='ocr_page' id='page_1' title='image "./theologiadogmat00schwgoog/theologiadogmat00schwgoog_0455.png"; bbox 0 0 3775 5625; ppageno 0'>
   <div class='ocr_carea' id='block_1_1' title="bbox 1482 393 1547 457">
    <p class='ocr_par' dir='ltr' id='par_1_1' title="bbox 1482 393 1547 457">
     <span class='ocr_line' id='line_1_1' title="bbox 1482 393 1547 457; baseline 0.015 -1"><span class='ocrx_word' id='word_1_1' title='bbox 1482 393 1547 457; x_wconf 80' lang='lat'><strong>439</strong></span> 
     </span>
    </p>
   </div>
   <div class='ocr_carea' id='block_1_2' title="bbox 343 554 1624 4355">
    <p class='ocr_par' dir='ltr' id='par_1_2' title="bbox 343 554 1624 1843">
     <span class='ocr_line' id='line_1_2' title="bbox 358 554 1546 644; baseline 0.002 -24"><span class='ocrx_word' id='word_1_2' title='bbox 358 556 542 621; x_wconf 80' lang='lat' dir='ltr'><strong>renovatio:</strong></span> <span class='ocrx_word' id='word_1_3' title='bbox 559 555 598 622; x_wconf 76' lang='lat' dir='ltr'><strong>ci</strong></span> <span class='ocrx_word' id='word_1_4' title='bbox 614 557 801 622; x_wconf 86' lang='lat' dir='ltr'><strong>necessario</strong></span> <span class='ocrx_word' id='word_1_5' title='bbox 818 578 929 621; x_wconf 89' lang='lat' dir='ltr'><strong>sumus</strong></span> <span class='ocrx_word' id='word_1_6' title='bbox 950 554 1043 620; x_wconf 87' lang='lat' dir='ltr'><strong>vcro</strong></span> <span class='ocrx_word' id='word_1_7' title='bbox 1055 556 1154 641; x_wconf 88' lang='lat' dir='ltr'><strong>justi</strong></span> <span class='ocrx_word' id='word_1_8' title='bbox 1172 578 1215 621; x_wconf 93' lang='lat' dir='ltr'><strong>ac</strong></span> <span class='ocrx_word' id='word_1_9' title='bbox 1237 554 1382 632; x_wconf 85' lang='lat' dir='ltr'><strong>sancti,</strong></span> <span class='ocrx_word' id='word_1_10' title='bbox 1400 561 1546 644; x_wconf 85' lang='lat' dir='ltr'><strong>quemad-</strong></span> 
     </span>
     <span class='ocr_line' id='line_1_3' title="bbox 358 666 1547 746; baseline 0.001 -15"><span class='ocrx_word' id='word_1_11' title='bbox 358 670 489 732; x_wconf 87' lang='lat' dir='ltr'><strong>modum</strong></span> <span class='ocrx_word' id='word_1_12' title='bbox 512 682 545 733; x_wconf 88' lang='lat' dir='ltr'><strong>et</strong></span> <span class='ocrx_word' id='word_1_13' title='bbox 566 668 702 733; x_wconf 87' lang='lat' dir='ltr'><strong>definitis</strong></span> <span class='ocrx_word' id='word_1_14' title='bbox 728 669 836 732; x_wconf 89' lang='lat' dir='ltr'><strong>verbis</strong></span> <span class='ocrx_word' id='word_1_15' title='bbox 860 668 1001 731; x_wconf 74' lang='lat' dir='ltr'>declarat</span> <span class='ocrx_word' id='word_1_16' title='bbox 1018 666 1195 732; x_wconf 84' lang='lat' dir='ltr'>Concilium</span> <span class='ocrx_word' id='word_1_17' title='bbox 1227 667 1547 746; x_wconf 84' lang='lat' dir='ltr'><strong>Tridentinum¹)‚</strong></span> 
     </span>
     <span class='ocr_line' id='line_1_4' title="bbox 359 777 1546 863; baseline -0.001 -22"><span class='ocrx_word' id='word_1_18' title='bbox 359 800 433 841; x_wconf 90' lang='lat' dir='ltr'><strong>cum</strong></span> <span class='ocrx_word' id='word_1_19' title='bbox 450 777 508 841; x_wconf 88' lang='lat' dir='ltr'><strong>ait:</strong></span> <span class='ocrx_word' id='word_1_20' title='bbox 536 780 610 853; x_wconf 79' lang='lat' dir='ltr'><strong>Quo</strong></span> <span class='ocrx_word' id='word_1_21' title='bbox 627 778 788 863; x_wconf 83' lang='lat' dir='ltr'><strong>(justitia)</strong></span> <span class='ocrx_word' id='word_1_22' title='bbox 810 781 850 841; x_wconf 83' lang='lat' dir='ltr'><strong>od</strong></span> <span class='ocrx_word' id='word_1_23' title='bbox 868 800 905 840; x_wconf 83' lang='lat' dir='ltr'><strong>eo</strong></span> <span class='ocrx_word' id='word_1_24' title='bbox 923 777 1026 856; x_wconf 82' lang='lat' dir='ltr'><strong>(Deo)</strong></span> <span class='ocrx_word' id='word_1_25' title='bbox 1052 782 1182 857; x_wconf 68' lang='lat' dir='ltr'><strong>deuon,</strong></span> <span class='ocrx_word' id='word_1_26' title='bbox 1202 817 1243 825; x_wconf 90' lang='lat'>-</span> <span class='ocrx_word' id='word_1_27' title='bbox 1262 800 1459 841; x_wconf 81' lang='lat' dir='ltr'><strong>renovamur</strong></span> <span class='ocrx_word' id='word_1_28' title='bbox 1475 788 1546 859; x_wconf 80' lang='lat' dir='ltr'><strong>rpi-</strong></span> 
     </span>
     <span class='ocr_line' id='line_1_5' title="bbox 357 891 1624 969; baseline 0.002 -20"><span class='ocrx_word' id='word_1_29' title='bbox 357 895 427 951; x_wconf 81' lang='lat' dir='ltr'><strong>ritu</strong></span> <span class='ocrx_word' id='word_1_30' title='bbox 443 895 559 950; x_wconf 78' lang='lat' dir='ltr'><strong>mentis</strong></span> <span class='ocrx_word' id='word_1_31' title='bbox 582 897 729 966; x_wconf 69' lang='lat' dir='ltr'><strong>nostrae,</strong></span> <span class='ocrx_word' id='word_1_32' title='bbox 749 896 782 949; x_wconf 85' lang='lat' dir='ltr'><strong>ct</strong></span> <span class='ocrx_word' id='word_1_33' title='bbox 795 909 861 950; x_wconf 91' lang='lat' dir='ltr'><strong>uou</strong></span> <span class='ocrx_word' id='word_1_34' title='bbox 877 891 971 949; x_wconf 86' lang='lat' dir='ltr'><strong>modo</strong></span> <span class='ocrx_word' id='word_1_35' title='bbox 990 897 1200 969; x_wconf 84' lang='lat' dir='ltr'><strong>reputamur,</strong></span> <span class='ocrx_word' id='word_1_36' title='bbox 1218 893 1280 951; x_wconf 79' lang='lat' dir='ltr'><strong>sed</strong></span> <span class='ocrx_word' id='word_1_37' title='bbox 1293 898 1325 951; x_wconf 83' lang='lat' dir='ltr'><strong>cl</strong></span> <span class='ocrx_word' id='word_1_38' title='bbox 1339 911 1427 951; x_wconf 81' lang='lat' dir='ltr'><strong>vere</strong></span> <span class='ocrx_word' id='word_1_39' title='bbox 1437 894 1548 967; x_wconf 81' lang='lat' dir='ltr'><strong>justi</strong></span> <span class='ocrx_word' id='word_1_40' title='bbox 1609 933 1624 962; x_wconf 69' lang='lat' dir='ltr'><strong>a</strong></span> 
     </span>
     <span class='ocr_line' id='line_1_6' title="bbox 356 996 1548 1082; baseline -0.002 -21"><span class='ocrx_word' id='word_1_41' title='bbox 356 1005 578 1076; x_wconf 78' lang='lat' dir='ltr'><strong><em>nominamur,</em></strong></span> <span class='ocrx_word' id='word_1_42' title='bbox 614 1007 645 1059; x_wconf 82' lang='lat' dir='ltr'><strong>ct</strong></span> <span class='ocrx_word' id='word_1_43' title='bbox 674 1019 823 1060; x_wconf 84' lang='lat' dir='ltr'><strong>sumus.</strong></span> <span class='ocrx_word' id='word_1_44' title='bbox 863 998 1064 1081; x_wconf 80' lang='lat' dir='ltr'><strong>Quapropter</strong></span> <span class='ocrx_word' id='word_1_45' title='bbox 1086 998 1302 1082; x_wconf 80' lang='lat' dir='ltr'><strong>Apostolus</strong></span> <span class='ocrx_word' id='word_1_46' title='bbox 1320 996 1379 1061; x_wconf 88' lang='lat' dir='ltr'><strong>ait:</strong></span> <span class='ocrx_word' id='word_1_47' title='bbox 1404 1000 1548 1061; x_wconf 77' lang='lat' dir='ltr'><strong>Etbaeo</strong></span> 
     </span>
     <span class='ocr_line' id='line_1_7' title="bbox 356 1109 1546 1192; baseline 0 -21"><span class='ocrx_word' id='word_1_48' title='bbox 356 1113 485 1192; x_wconf 74' lang='lat' dir='ltr'><strong>puidam</strong></span> <span class='ocrx_word' id='word_1_49' title='bbox 498 1113 633 1187; x_wconf 76' lang='lat' dir='ltr'><strong>fuistis:</strong></span> <span class='ocrx_word' id='word_1_50' title='bbox 649 1110 711 1168; x_wconf 81' lang='lat' dir='ltr'><strong>sed</strong></span> <span class='ocrx_word' id='word_1_51' title='bbox 725 1109 828 1169; x_wconf 80' lang='lat' dir='ltr'><strong>abluti</strong></span> <span class='ocrx_word' id='word_1_52' title='bbox 845 1114 936 1185; x_wconf 70' lang='lat' dir='ltr'><strong>eaba,</strong></span> <span class='ocrx_word' id='word_1_53' title='bbox 955 1111 1017 1168; x_wconf 80' lang='lat' dir='ltr'><strong>ced</strong></span> <span class='ocrx_word' id='word_1_54' title='bbox 1030 1114 1290 1188; x_wconf 79' lang='lat' dir='ltr'><strong>surtctificali</strong></span> <span class='ocrx_word' id='word_1_55' title='bbox 1306 1115 1399 1187; x_wconf 83' lang='lat' dir='ltr'><strong>estis,</strong></span> <span class='ocrx_word' id='word_1_56' title='bbox 1417 1112 1546 1185; x_wconf 76' lang='lat' dir='ltr'><strong>schu·</strong></span> 
     </span>
     <span class='ocr_line' id='line_1_8' title="bbox 356 1218 1543 1298; baseline 0 -19"><span class='ocrx_word' id='word_1_57' title='bbox 356 1223 537 1298; x_wconf 83' lang='lat' dir='ltr'><strong>stificoli</strong></span> <span class='ocrx_word' id='word_1_58' title='bbox 553 1225 633 1279; x_wconf 79' lang='lat' dir='ltr'><strong>cotis</strong></span> <span class='ocrx_word' id='word_1_59' title='bbox 649 1225 684 1279; x_wconf 79' lang='lat' dir='ltr'><strong>iu</strong></span> <span class='ocrx_word' id='word_1_60' title='bbox 699 1224 828 1280; x_wconf 83' lang='lat' dir='ltr'><strong>uomiue</strong></span> <span class='ocrx_word' id='word_1_61' title='bbox 836 1219 969 1279; x_wconf 84' lang='lat' dir='ltr'><strong>Domini</strong></span> <span class='ocrx_word' id='word_1_62' title='bbox 985 1224 1091 1279; x_wconf 77' lang='lat' dir='ltr'><strong>nostri</strong></span> <span class='ocrx_word' id='word_1_63' title='bbox 1109 1219 1196 1280; x_wconf 84' lang='lat' dir='ltr'><strong>Jesu</strong></span> <span class='ocrx_word' id='word_1_64' title='bbox 1208 1219 1345 1296; x_wconf 72' lang='lat' dir='ltr'><strong>onusti,</strong></span> <span class='ocrx_word' id='word_1_65' title='bbox 1364 1226 1397 1279; x_wconf 83' lang='lat' dir='ltr'><strong>et</strong></span> <span class='ocrx_word' id='word_1_66' title='bbox 1410 1225 1445 1279; x_wconf 81' lang='lat' dir='ltr'><strong>iu</strong></span> <span class='ocrx_word' id='word_1_67' title='bbox 1462 1218 1543 1298; x_wconf 78' lang='lat' dir='ltr'><strong>Spi-</strong></span> 
     </span>
     <span class='ocr_line' id='line_1_9' title="bbox 355 1327 1549 1405; baseline 0 -17"><span class='ocrx_word' id='word_1_68' title='bbox 355 1334 425 1388; x_wconf 86' lang='lat' dir='ltr'><strong>ritu</strong></span> <span class='ocrx_word' id='word_1_69' title='bbox 455 1328 517 1388; x_wconf 82' lang='lat' dir='ltr'><strong>Dei</strong></span> <span class='ocrx_word' id='word_1_70' title='bbox 547 1334 654 1388; x_wconf 81' lang='lat' dir='ltr'><strong>nostri</strong></span> <span class='ocrx_word' id='word_1_71' title='bbox 663 1334 702 1403; x_wconf 81' lang='lat'><strong>²).</strong></span> <span class='ocrx_word' id='word_1_72' title='bbox 742 1327 783 1388; x_wconf 87' lang='lat' dir='ltr'><strong>Et</strong></span> <span class='ocrx_word' id='word_1_73' title='bbox 803 1346 934 1389; x_wconf 88' lang='lat' dir='ltr'><strong>rursus:</strong></span> <span class='ocrx_word' id='word_1_74' title='bbox 963 1327 1117 1388; x_wconf 69' lang='lat' dir='ltr'><strong>Gloriatur</strong></span> <span class='ocrx_word' id='word_1_75' title='bbox 1139 1330 1256 1389; x_wconf 71' lang='lat' dir='ltr'><strong>dilexit</strong></span> <span class='ocrx_word' id='word_1_76' title='bbox 1276 1329 1481 1405; x_wconf 76' lang='lat' dir='ltr'><strong>Ecclesium,</strong></span> <span class='ocrx_word' id='word_1_77' title='bbox 1516 1335 1549 1388; x_wconf 80' lang='lat' dir='ltr'><strong>ct</strong></span> 
     </span>
     <span class='ocr_line' id='line_1_10' title="bbox 355 1437 1545 1517; baseline 0.001 -20"><span class='ocrx_word' id='word_1_78' title='bbox 355 1444 501 1517; x_wconf 78' lang='lat' dir='ltr'><strong>seipsum</strong></span> <span class='ocrx_word' id='word_1_79' title='bbox 518 1440 656 1498; x_wconf 73' lang='lat' dir='ltr'><strong>tradidit</strong></span> <span class='ocrx_word' id='word_1_80' title='bbox 665 1458 728 1516; x_wconf 87' lang='lat' dir='ltr'><strong>pro</strong></span> <span class='ocrx_word' id='word_1_81' title='bbox 745 1458 797 1514; x_wconf 83' lang='lat' dir='ltr'><strong>eu,</strong></span> <span class='ocrx_word' id='word_1_82' title='bbox 817 1444 855 1497; x_wconf 89' lang='lat' dir='ltr'><strong>ut</strong></span> <span class='ocrx_word' id='word_1_83' title='bbox 867 1437 962 1497; x_wconf 83' lang='lat' dir='ltr'><strong>iilum</strong></span> <span class='ocrx_word' id='word_1_84' title='bbox 978 1441 1284 1515; x_wconf 77' lang='lat' dir='ltr'><strong>sanctificaret,</strong></span> <span class='ocrx_word' id='word_1_85' title='bbox 1308 1440 1473 1499; x_wconf 81' lang='lat' dir='ltr'><strong>mundans</strong></span> <span class='ocrx_word' id='word_1_86' title='bbox 1490 1440 1545 1499; x_wconf 84' lang='lat' dir='ltr'><strong>lu-</strong></span> 
     </span>
     <span class='ocr_line' id='line_1_11' title="bbox 354 1547 1546 1627; baseline 0.001 -20"><span class='ocrx_word' id='word_1_87' title='bbox 354 1566 456 1607; x_wconf 79' lang='lat' dir='ltr'><strong>varro</strong></span> <span class='ocrx_word' id='word_1_88' title='bbox 489 1568 594 1627; x_wconf 77' lang='lat' dir='ltr'><strong>aquae</strong></span> <span class='ocrx_word' id='word_1_89' title='bbox 625 1553 659 1607; x_wconf 80' lang='lat' dir='ltr'><strong>iu</strong></span> <span class='ocrx_word' id='word_1_90' title='bbox 683 1548 780 1608; x_wconf 82' lang='lat' dir='ltr'><strong>verbo</strong></span> <span class='ocrx_word' id='word_1_91' title='bbox 801 1552 886 1607; x_wconf 84' lang='lat' dir='ltr'><strong>vitae</strong></span> <span class='ocrx_word' id='word_1_92' title='bbox 895 1591 907 1623; x_wconf 86' lang='lat'><em>,</em></span> <span class='ocrx_word' id='word_1_93' title='bbox 926 1554 965 1607; x_wconf 87' lang='lat' dir='ltr'><strong>ut</strong></span> <span class='ocrx_word' id='word_1_94' title='bbox 979 1547 1149 1608; x_wconf 80' lang='lat' dir='ltr'><strong>eubiberet</strong></span> <span class='ocrx_word' id='word_1_95' title='bbox 1163 1553 1232 1625; x_wconf 80' lang='lat' dir='ltr'><strong>ipse</strong></span> <span class='ocrx_word' id='word_1_96' title='bbox 1248 1549 1312 1607; x_wconf 78' lang='lat' dir='ltr'><strong>sibi</strong></span> <span class='ocrx_word' id='word_1_97' title='bbox 1325 1549 1546 1624; x_wconf 75' lang='lat' dir='ltr'><strong>pieriosam</strong></span> 
     </span>
     <span class='ocr_line' id='line_1_12' title="bbox 353 1657 1545 1738; baseline 0.002 -22"><span class='ocrx_word' id='word_1_98' title='bbox 353 1657 556 1734; x_wconf 79' lang='lat' dir='ltr'><strong>Ecclesium,</strong></span> <span class='ocrx_word' id='word_1_99' title='bbox 574 1678 640 1717; x_wconf 85' lang='lat' dir='ltr'><strong>uon</strong></span> <span class='ocrx_word' id='word_1_100' title='bbox 655 1658 824 1717; x_wconf 72' lang='lat' dir='ltr'><em>habentem</em></span> <span class='ocrx_word' id='word_1_101' title='bbox 840 1658 1023 1734; x_wconf 83' lang='lat' dir='ltr'><strong>maculam,</strong></span> <span class='ocrx_word' id='word_1_102' title='bbox 1041 1664 1101 1717; x_wconf 88' lang='lat' dir='ltr'><strong>uut</strong></span> <span class='ocrx_word' id='word_1_103' title='bbox 1116 1678 1244 1736; x_wconf 72' lang='lat' dir='ltr'><strong>rupem,</strong></span> <span class='ocrx_word' id='word_1_104' title='bbox 1265 1665 1324 1718; x_wconf 83' lang='lat' dir='ltr'><strong>oui</strong></span> <span class='ocrx_word' id='word_1_105' title='bbox 1340 1658 1468 1738; x_wconf 79' lang='lat' dir='ltr'><strong>aliquid</strong></span> <span class='ocrx_word' id='word_1_106' title='bbox 1480 1662 1545 1718; x_wconf 79' lang='lat' dir='ltr'><strong>bu-</strong></span> 
     </span>
     <span class='ocr_line' id='line_1_13' title="bbox 343 1767 1182 1843; baseline 0.001 -16"><span class='ocrx_word' id='word_1_107' title='bbox 343 1769 511 1843; x_wconf 72' lang='lat' dir='ltr'><strong>jusmodi,</strong></span> <span class='ocrx_word' id='word_1_108' title='bbox 530 1768 590 1826; x_wconf 84' lang='lat' dir='ltr'><strong>sed</strong></span> <span class='ocrx_word' id='word_1_109' title='bbox 603 1774 641 1827; x_wconf 88' lang='lat' dir='ltr'><strong>ut</strong></span> <span class='ocrx_word' id='word_1_110' title='bbox 655 1772 701 1826; x_wconf 80' lang='lat' dir='ltr'><strong>sil</strong></span> <span class='ocrx_word' id='word_1_111' title='bbox 714 1772 856 1828; x_wconf 77' lang='lat' dir='ltr'><strong>saucia</strong></span> <span class='ocrx_word' id='word_1_112' title='bbox 871 1774 905 1827; x_wconf 86' lang='lat' dir='ltr'><strong>el</strong></span> <span class='ocrx_word' id='word_1_113' title='bbox 918 1767 1133 1827; x_wconf 77' lang='lat' dir='ltr'><strong>immaculata</strong></span> <span class='ocrx_word' id='word_1_114' title='bbox 1144 1769 1182 1843; x_wconf 85' lang='lat'><strong>³).</strong></span> 
     </span>
    </p>

    <p class='ocr_par' dir='ltr' id='par_1_3' title="bbox 345 1872 1545 3709">
     <span class='ocr_line' id='line_1_14' title="bbox 461 1872 1544 1958; baseline 0.003 -24"><span class='ocrx_word' id='word_1_115' title='bbox 461 1873 491 1935; x_wconf 81' lang='lat'><strong>3.</strong></span> <span class='ocrx_word' id='word_1_116' title='bbox 510 1873 629 1950; x_wconf 81' lang='lat' dir='ltr'><strong>Quodsi</strong></span> <span class='ocrx_word' id='word_1_117' title='bbox 651 1886 756 1937; x_wconf 87' lang='lat' dir='ltr'><strong>autem</strong></span> <span class='ocrx_word' id='word_1_118' title='bbox 774 1872 1006 1957; x_wconf 87' lang='lat' dir='ltr'><strong>justificatione</strong></span> <span class='ocrx_word' id='word_1_119' title='bbox 1029 1872 1185 1937; x_wconf 85' lang='lat' dir='ltr'><strong>efficimur</strong></span> <span class='ocrx_word' id='word_1_120' title='bbox 1202 1874 1305 1937; x_wconf 89' lang='lat' dir='ltr'><strong>sancti</strong></span> <span class='ocrx_word' id='word_1_121' title='bbox 1323 1895 1361 1938; x_wconf 89' lang='lat' dir='ltr'><strong>ac</strong></span> <span class='ocrx_word' id='word_1_122' title='bbox 1372 1874 1467 1958; x_wconf 89' lang='lat' dir='ltr'><strong>justi:</strong></span> <span class='ocrx_word' id='word_1_123' title='bbox 1493 1894 1544 1937; x_wconf 90' lang='lat' dir='ltr'><strong>ca·</strong></span> 
     </span>
     <span class='ocr_line' id='line_1_15' title="bbox 354 1981 1545 2068; baseline 0.001 -22"><span class='ocrx_word' id='word_1_124' title='bbox 354 1985 427 2047; x_wconf 87' lang='lat' dir='ltr'><strong>dem</strong></span> <span class='ocrx_word' id='word_1_125' title='bbox 445 2002 569 2068; x_wconf 85' lang='lat' dir='ltr'><strong>quoque</strong></span> <span class='ocrx_word' id='word_1_126' title='bbox 585 1981 747 2045; x_wconf 86' lang='lat' dir='ltr'><strong>reddimur</strong></span> <span class='ocrx_word' id='word_1_127' title='bbox 764 2004 865 2065; x_wconf 89' lang='lat' dir='ltr'><strong>porro</strong></span> <span class='ocrx_word' id='word_1_128' title='bbox 897 1982 977 2045; x_wconf 90' lang='lat' dir='ltr'><strong>Dco</strong></span> <span class='ocrx_word' id='word_1_129' title='bbox 1009 1981 1115 2068; x_wconf 81' lang='lat' dir='ltr'><strong>grati</strong></span> <span class='ocrx_word' id='word_1_130' title='bbox 1147 2003 1191 2045; x_wconf 88' lang='lat' dir='ltr'><strong>ac</strong></span> <span class='ocrx_word' id='word_1_131' title='bbox 1216 1982 1346 2057; x_wconf 89' lang='lat' dir='ltr'><strong>amici,</strong></span> <span class='ocrx_word' id='word_1_132' title='bbox 1370 1984 1545 2067; x_wconf 82' lang='lat' dir='ltr'><strong>adoptivi</strong></span> 
     </span>
     <span class='ocr_line' id='line_1_16' title="bbox 353 2091 1544 2180; baseline 0.002 -24"><span class='ocrx_word' id='word_1_133' title='bbox 353 2094 440 2177; x_wconf 88' lang='lat' dir='ltr'><strong>cjus</strong></span> <span class='ocrx_word' id='word_1_134' title='bbox 457 2091 545 2180; x_wconf 78' lang='lat' dir='ltr'><strong>filii,</strong></span> <span class='ocrx_word' id='word_1_135' title='bbox 561 2105 654 2177; x_wconf 85' lang='lat' dir='ltr'><strong>atquc</strong></span> <span class='ocrx_word' id='word_1_136' title='bbox 671 2094 863 2156; x_wconf 87' lang='lat' dir='ltr'><strong>bacrcdes</strong></span> <span class='ocrx_word' id='word_1_137' title='bbox 878 2091 982 2155; x_wconf 84' lang='lat' dir='ltr'><strong>vitae</strong></span> <span class='ocrx_word' id='word_1_138' title='bbox 1000 2104 1201 2166; x_wconf 85' lang='lat' dir='ltr'><strong>aeternae,</strong></span> <span class='ocrx_word' id='word_1_139' title='bbox 1218 2104 1315 2175; x_wconf 90' lang='lat' dir='ltr'><strong>prout</strong></span> <span class='ocrx_word' id='word_1_140' title='bbox 1331 2091 1544 2177; x_wconf 81' lang='lat' dir='ltr'><strong>paritchon·</strong></span> 
     </span>
     <span class='ocr_line' id='line_1_17' title="bbox 354 2194 1545 2291; baseline 0.001 -24"><span class='ocrx_word' id='word_1_141' title='bbox 354 2203 462 2268; x_wconf 90' lang='lat' dir='ltr'><strong>cilium</strong></span> <span class='ocrx_word' id='word_1_142' title='bbox 480 2202 751 2266; x_wconf 87' lang='lat' dir='ltr'><strong>Tridentinum</strong></span> <span class='ocrx_word' id='word_1_143' title='bbox 773 2194 881 2265; x_wconf 88' lang='lat' dir='ltr'><strong>delinit</strong></span> <span class='ocrx_word' id='word_1_144' title='bbox 889 2202 930 2284; x_wconf 79' lang='lat'><strong>⁴);</strong></span> <span class='ocrx_word' id='word_1_145' title='bbox 952 2201 1057 2289; x_wconf 81' lang='lat' dir='ltr'><strong>gratia</strong></span> <span class='ocrx_word' id='word_1_146' title='bbox 1078 2200 1161 2265; x_wconf 87' lang='lat' dir='ltr'><strong>enim</strong></span> <span class='ocrx_word' id='word_1_147' title='bbox 1183 2201 1293 2265; x_wconf 89' lang='lat' dir='ltr'><strong>dividit</strong></span> <span class='ocrx_word' id='word_1_148' title='bbox 1315 2201 1399 2267; x_wconf 88' lang='lat' dir='ltr'><strong>lilios</strong></span> <span class='ocrx_word' id='word_1_149' title='bbox 1416 2204 1545 2291; x_wconf 82' lang='lat' dir='ltr'><strong>rcgnia</strong></span> 
     </span>
     <span class='ocr_line' id='line_1_18' title="bbox 352 2310 1545 2398; baseline 0.001 -21"><span class='ocrx_word' id='word_1_150' title='bbox 352 2313 428 2377; x_wconf 91' lang='lat' dir='ltr'><strong>liliis</strong></span> <span class='ocrx_word' id='word_1_151' title='bbox 460 2311 689 2397; x_wconf 78' lang='lat' dir='ltr'><strong>separationis,</strong></span> <span class='ocrx_word' id='word_1_152' title='bbox 722 2313 887 2396; x_wconf 85' lang='lat' dir='ltr'><strong>nullusque</strong></span> <span class='ocrx_word' id='word_1_153' title='bbox 914 2333 986 2376; x_wconf 90' lang='lat' dir='ltr'><strong>cum</strong></span> <span class='ocrx_word' id='word_1_154' title='bbox 1009 2311 1113 2398; x_wconf 79' lang='lat' dir='ltr'><strong>gratia</strong></span> <span class='ocrx_word' id='word_1_155' title='bbox 1133 2310 1232 2396; x_wconf 89' lang='lat' dir='ltr'><strong>perit,</strong></span> <span class='ocrx_word' id='word_1_156' title='bbox 1254 2311 1338 2376; x_wconf 89' lang='lat' dir='ltr'><strong>sicut</strong></span> <span class='ocrx_word' id='word_1_157' title='bbox 1353 2314 1457 2377; x_wconf 88' lang='lat' dir='ltr'><strong>nullus</strong></span> <span class='ocrx_word' id='word_1_158' title='bbox 1474 2313 1545 2378; x_wconf 89' lang='lat' dir='ltr'><strong>sinc</strong></span> 
     </span>
     <span class='ocr_line' id='line_1_19' title="bbox 352 2419 1544 2509; baseline 0 -24"><span class='ocrx_word' id='word_1_159' title='bbox 352 2422 459 2509; x_wconf 80' lang='lat' dir='ltr'><strong>gratia</strong></span> <span class='ocrx_word' id='word_1_160' title='bbox 490 2424 638 2486; x_wconf 86' lang='lat' dir='ltr'><strong>salvatur.</strong></span> <span class='ocrx_word' id='word_1_161' title='bbox 678 2420 772 2484; x_wconf 88' lang='lat' dir='ltr'><strong>Hinc·</strong></span> <span class='ocrx_word' id='word_1_162' title='bbox 791 2419 905 2485; x_wconf 87' lang='lat' dir='ltr'><strong>scribit</strong></span> <span class='ocrx_word' id='word_1_163' title='bbox 934 2422 1090 2485; x_wconf 88' lang='lat' dir='ltr'><strong>Paulus:</strong></span> <span class='ocrx_word' id='word_1_164' title='bbox 1118 2423 1237 2485; x_wconf 79' lang='lat' dir='ltr'><strong>Omnes</strong></span> <span class='ocrx_word' id='word_1_165' title='bbox 1259 2430 1344 2484; x_wconf 83' lang='lat' dir='ltr'><strong>euim</strong></span> <span class='ocrx_word' id='word_1_166' title='bbox 1362 2425 1452 2502; x_wconf 81' lang='lat' dir='ltr'><strong>filii</strong></span> <span class='ocrx_word' id='word_1_167' title='bbox 1473 2425 1544 2485; x_wconf 81' lang='lat' dir='ltr'><strong>Dei</strong></span> 
     </span>
     <span class='ocr_line' id='line_1_20' title="bbox 352 2533 1545 2614; baseline 0 -19"><span class='ocrx_word' id='word_1_168' title='bbox 352 2541 435 2595; x_wconf 75' lang='lat' dir='ltr'><strong>cotia</strong></span> <span class='ocrx_word' id='word_1_169' title='bbox 457 2555 517 2613; x_wconf 84' lang='lat' dir='ltr'><strong>per</strong></span> <span class='ocrx_word' id='word_1_170' title='bbox 535 2536 648 2613; x_wconf 70' lang='lat' dir='ltr'><strong>sidem,</strong></span> <span class='ocrx_word' id='word_1_171' title='bbox 672 2555 756 2614; x_wconf 80' lang='lat' dir='ltr'><strong>puae</strong></span> <span class='ocrx_word' id='word_1_172' title='bbox 777 2541 830 2594; x_wconf 82' lang='lat' dir='ltr'><strong>est</strong></span> <span class='ocrx_word' id='word_1_173' title='bbox 846 2540 881 2607; x_wconf 83' lang='lat' dir='ltr'><strong>iu</strong></span> <span class='ocrx_word' id='word_1_174' title='bbox 900 2534 1033 2594; x_wconf 78' lang='lat' dir='ltr'><strong>Odrioto</strong></span> <span class='ocrx_word' id='word_1_175' title='bbox 1052 2534 1147 2595; x_wconf 83' lang='lat' dir='ltr'><strong>Jesu.</strong></span> <span class='ocrx_word' id='word_1_176' title='bbox 1191 2533 1383 2614; x_wconf 72' lang='lat' dir='ltr'><strong>Quicunque</strong></span> <span class='ocrx_word' id='word_1_177' title='bbox 1410 2540 1545 2595; x_wconf 82' lang='lat' dir='ltr'><strong>enimin</strong></span> 
     </span>
     <span class='ocr_line' id='line_1_21' title="bbox 354 2641 1542 2727; baseline 0 -21"><span class='ocrx_word' id='word_1_178' title='bbox 354 2646 489 2706; x_wconf 72' lang='lat' dir='ltr'><strong>Christo</strong></span> <span class='ocrx_word' id='word_1_179' title='bbox 523 2645 680 2723; x_wconf 77' lang='lat' dir='ltr'><strong>baptizati</strong></span> <span class='ocrx_word' id='word_1_180' title='bbox 710 2649 807 2715; x_wconf 81' lang='lat' dir='ltr'><strong>estis,</strong></span> <span class='ocrx_word' id='word_1_181' title='bbox 833 2644 1036 2705; x_wconf 75' lang='lat' dir='ltr'><strong>Christum</strong></span> <span class='ocrx_word' id='word_1_182' title='bbox 1058 2642 1295 2720; x_wconf 79' lang='lat' dir='ltr'><strong>induistis⁵).</strong></span> <span class='ocrx_word' id='word_1_183' title='bbox 1320 2642 1390 2705; x_wconf 83' lang='lat' dir='ltr'><strong>Hoc</strong></span> <span class='ocrx_word' id='word_1_184' title='bbox 1408 2654 1458 2706; x_wconf 87' lang='lat' dir='ltr'><strong>est</strong></span> <span class='ocrx_word' id='word_1_185' title='bbox 1475 2641 1542 2727; x_wconf 88' lang='lat' dir='ltr'><strong>qui·</strong></span> 
     </span>
     <span class='ocr_line' id='line_1_22' title="bbox 352 2750 1542 2839; baseline -0.001 -21"><span class='ocrx_word' id='word_1_186' title='bbox 352 2774 477 2839; x_wconf 88' lang='lat' dir='ltr'><strong>cunque</strong></span> <span class='ocrx_word' id='word_1_187' title='bbox 509 2774 567 2837; x_wconf 86' lang='lat' dir='ltr'><strong>per</strong></span> <span class='ocrx_word' id='word_1_188' title='bbox 598 2751 792 2836; x_wconf 78' lang='lat' dir='ltr'><strong>baptismum</strong></span> <span class='ocrx_word' id='word_1_189' title='bbox 817 2750 954 2839; x_wconf 79' lang='lat' dir='ltr'><strong>gratiam</strong></span> <span class='ocrx_word' id='word_1_190' title='bbox 970 2750 1212 2836; x_wconf 86' lang='lat' dir='ltr'><strong>justificationis</strong></span> <span class='ocrx_word' id='word_1_191' title='bbox 1239 2765 1486 2839; x_wconf 78' lang='lat' dir='ltr'><strong>regenerantem</strong></span> <span class='ocrx_word' id='word_1_192' title='bbox 1504 2773 1542 2817; x_wconf 90' lang='lat' dir='ltr'><strong>ac</strong></span> 
     </span>
     <span class='ocr_line' id='line_1_23' title="bbox 350 2860 1541 2946; baseline 0 -20"><span class='ocrx_word' id='word_1_193' title='bbox 350 2863 555 2927; x_wconf 88' lang='lat' dir='ltr'><strong>innovantem</strong></span> <span class='ocrx_word' id='word_1_194' title='bbox 586 2860 772 2945; x_wconf 87' lang='lat' dir='ltr'><strong>recepistis,</strong></span> <span class='ocrx_word' id='word_1_195' title='bbox 804 2861 938 2924; x_wconf 85' lang='lat' dir='ltr'><strong>sormam</strong></span> <span class='ocrx_word' id='word_1_196' title='bbox 957 2860 1074 2925; x_wconf 81' lang='lat' dir='ltr'><strong>Christi</strong></span> <span class='ocrx_word' id='word_1_197' title='bbox 1097 2861 1256 2935; x_wconf 90' lang='lat' dir='ltr'><strong>induistis,</strong></span> <span class='ocrx_word' id='word_1_198' title='bbox 1275 2862 1345 2944; x_wconf 88' lang='lat' dir='ltr'><strong>ejus</strong></span> <span class='ocrx_word' id='word_1_199' title='bbox 1362 2862 1475 2946; x_wconf 88' lang='lat' dir='ltr'><strong>spiritu</strong></span> <span class='ocrx_word' id='word_1_200' title='bbox 1491 2883 1541 2926; x_wconf 91' lang='lat' dir='ltr'><strong>rc·</strong></span> 
     </span>
     <span class='ocr_line' id='line_1_24' title="bbox 349 2970 1540 3057; baseline -0.001 -22"><span class='ocrx_word' id='word_1_201' title='bbox 349 2973 428 3057; x_wconf 90' lang='lat' dir='ltr'><strong>pleti</strong></span> <span class='ocrx_word' id='word_1_202' title='bbox 444 2993 482 3036; x_wconf 89' lang='lat' dir='ltr'><strong>ac</strong></span> <span class='ocrx_word' id='word_1_203' title='bbox 499 2971 636 3047; x_wconf 88' lang='lat' dir='ltr'><strong>animati,</strong></span> <span class='ocrx_word' id='word_1_204' title='bbox 653 2984 685 3036; x_wconf 91' lang='lat' dir='ltr'><strong>et</strong></span> <span class='ocrx_word' id='word_1_205' title='bbox 700 2972 772 3035; x_wconf 88' lang='lat' dir='ltr'><strong>ideo</strong></span> <span class='ocrx_word' id='word_1_206' title='bbox 789 2970 844 3035; x_wconf 84' lang='lat' dir='ltr'><strong>filii</strong></span> <span class='ocrx_word' id='word_1_207' title='bbox 860 2971 920 3035; x_wconf 87' lang='lat' dir='ltr'><strong>Dei</strong></span> <span class='ocrx_word' id='word_1_208' title='bbox 936 2970 1043 3035; x_wconf 83' lang='lat' dir='ltr'><strong>effecti</strong></span> <span class='ocrx_word' id='word_1_209' title='bbox 1059 2971 1148 3036; x_wconf 87' lang='lat' dir='ltr'><strong>estis.</strong></span> <span class='ocrx_word' id='word_1_210' title='bbox 1164 2973 1207 3034; x_wconf 85' lang='lat' dir='ltr'><strong>Et</strong></span> <span class='ocrx_word' id='word_1_211' title='bbox 1222 2974 1241 3036; x_wconf 83' lang='lat' dir='ltr'><strong>i</strong></span> <span class='ocrx_word' id='word_1_212' title='bbox 1248 2994 1411 3037; x_wconf 88' lang='lat' dir='ltr'><strong>oannes:</strong></span> <span class='ocrx_word' id='word_1_213' title='bbox 1432 2975 1540 3048; x_wconf 78' lang='lat' dir='ltr'><strong>Quot-</strong></span> 
     </span>
     <span class='ocr_line' id='line_1_25' title="bbox 349 3082 1541 3166; baseline 0.001 -19"><span class='ocrx_word' id='word_1_214' title='bbox 349 3093 431 3166; x_wconf 78' lang='lat' dir='ltr'><strong>quot</strong></span> <span class='ocrx_word' id='word_1_215' title='bbox 451 3091 577 3157; x_wconf 82' lang='lat' dir='ltr'><strong>autem,</strong></span> <span class='ocrx_word' id='word_1_216' title='bbox 611 3082 672 3156; x_wconf 85' lang='lat' dir='ltr'><strong>ait,</strong></span> <span class='ocrx_word' id='word_1_217' title='bbox 704 3090 898 3162; x_wconf 80' lang='lat' dir='ltr'><strong>receperunt</strong></span> <span class='ocrx_word' id='word_1_218' title='bbox 916 3104 1007 3159; x_wconf 84' lang='lat' dir='ltr'><strong>eum,</strong></span> <span class='ocrx_word' id='word_1_219' title='bbox 1035 3086 1123 3144; x_wconf 80' lang='lat' dir='ltr'><strong>dedit</strong></span> <span class='ocrx_word' id='word_1_220' title='bbox 1142 3090 1403 3164; x_wconf 59' lang='lat' dir='ltr'><strong>eupolectatem</strong></span> <span class='ocrx_word' id='word_1_221' title='bbox 1417 3088 1541 3165; x_wconf 81' lang='lat' dir='ltr'><strong>filios</strong></span> 
     </span>
     <span class='ocr_line' id='line_1_26' title="bbox 348 3192 1538 3275; baseline 0.002 -19"><span class='ocrx_word' id='word_1_222' title='bbox 348 3198 421 3256; x_wconf 83' lang='lat' dir='ltr'><strong>Dei</strong></span> <span class='ocrx_word' id='word_1_223' title='bbox 448 3197 568 3271; x_wconf 79' lang='lat' dir='ltr'><strong>ficri,</strong></span> <span class='ocrx_word' id='word_1_224' title='bbox 591 3200 642 3254; x_wconf 77' lang='lat' dir='ltr'><strong>dis·</strong></span> <span class='ocrx_word' id='word_1_225' title='bbox 663 3199 717 3275; x_wconf 79' lang='lat' dir='ltr'><strong>put</strong></span> <span class='ocrx_word' id='word_1_226' title='bbox 734 3195 874 3254; x_wconf 85' lang='lat' dir='ltr'><strong>creduut</strong></span> <span class='ocrx_word' id='word_1_227' title='bbox 895 3198 930 3253; x_wconf 87' lang='lat' dir='ltr'><strong>iu</strong></span> <span class='ocrx_word' id='word_1_228' title='bbox 945 3198 1074 3254; x_wconf 79' lang='lat' dir='ltr'><strong>nomine</strong></span> <span class='ocrx_word' id='word_1_229' title='bbox 1090 3197 1208 3270; x_wconf 71' lang='lat' dir='ltr'><strong>ejmt).</strong></span> <span class='ocrx_word' id='word_1_230' title='bbox 1264 3192 1346 3256; x_wconf 80' lang='lat' dir='ltr'><strong>Alibi</strong></span> <span class='ocrx_word' id='word_1_231' title='bbox 1363 3207 1468 3258; x_wconf 88' lang='lat' dir='ltr'><strong>autem</strong></span> <span class='ocrx_word' id='word_1_232' title='bbox 1485 3196 1538 3259; x_wconf 87' lang='lat' dir='ltr'><strong>ha·</strong></span> 
     </span>
     <span class='ocr_line' id='line_1_27' title="bbox 348 3301 1540 3389; baseline -0.001 -21"><span class='ocrx_word' id='word_1_233' title='bbox 348 3305 404 3368; x_wconf 88' lang='lat' dir='ltr'><strong>bet</strong></span> <span class='ocrx_word' id='word_1_234' title='bbox 419 3304 568 3366; x_wconf 90' lang='lat' dir='ltr'><strong>Doctor</strong></span> <span class='ocrx_word' id='word_1_235' title='bbox 584 3301 775 3389; x_wconf 80' lang='lat' dir='ltr'><strong>gentium:</strong></span> <span class='ocrx_word' id='word_1_236' title='bbox 802 3302 1054 3382; x_wconf 66' lang='lat' dir='ltr'><strong>denotemur,</strong></span> <span class='ocrx_word' id='word_1_237' title='bbox 1074 3311 1107 3364; x_wconf 84' lang='lat' dir='ltr'><strong>et</strong></span> <span class='ocrx_word' id='word_1_238' title='bbox 1120 3307 1331 3365; x_wconf 71' lang='lat' dir='ltr'><strong>haeredes:</strong></span> <span class='ocrx_word' id='word_1_239' title='bbox 1348 3310 1540 3367; x_wconf 81' lang='lat' dir='ltr'><strong>bueredec</strong></span> 
     </span>
     <span class='ocr_line' id='line_1_28' title="bbox 348 3411 1539 3498; baseline -0.001 -21"><span class='ocrx_word' id='word_1_240' title='bbox 348 3418 477 3498; x_wconf 80' lang='lat' dir='ltr'><strong>quidem</strong></span> <span class='ocrx_word' id='word_1_241' title='bbox 493 3415 564 3485; x_wconf 84' lang='lat' dir='ltr'><strong>Dei,</strong></span> <span class='ocrx_word' id='word_1_242' title='bbox 582 3415 830 3478; x_wconf 76' lang='lat' dir='ltr'><strong>cohaeredes</strong></span> <span class='ocrx_word' id='word_1_243' title='bbox 847 3421 955 3474; x_wconf 82' lang='lat' dir='ltr'><strong>autem</strong></span> <span class='ocrx_word' id='word_1_244' title='bbox 975 3413 1143 3491; x_wconf 69' lang='lat' dir='ltr'><strong>Otr-teter).</strong></span> <span class='ocrx_word' id='word_1_245' title='bbox 1159 3413 1203 3474; x_wconf 86' lang='lat' dir='ltr'><strong>Et</strong></span> <span class='ocrx_word' id='word_1_246' title='bbox 1217 3411 1346 3477; x_wconf 84' lang='lat' dir='ltr'><strong>iterum:</strong></span> <span class='ocrx_word' id='word_1_247' title='bbox 1374 3416 1420 3476; x_wconf 78' lang='lat' dir='ltr'><strong>Ut</strong></span> <span class='ocrx_word' id='word_1_248' title='bbox 1428 3420 1539 3493; x_wconf 78' lang='lat' dir='ltr'><strong>justi-</strong></span> 
     </span>
     <span class='ocr_line' id='line_1_29' title="bbox 345 3526 1540 3607; baseline 0.003 -22"><span class='ocrx_word' id='word_1_249' title='bbox 345 3531 439 3607; x_wconf 72' lang='lat' dir='ltr'><strong>ficati</strong></span> <span class='ocrx_word' id='word_1_250' title='bbox 466 3532 577 3602; x_wconf 74' lang='lat' dir='ltr'><strong>pratia</strong></span> <span class='ocrx_word' id='word_1_251' title='bbox 608 3529 733 3602; x_wconf 76' lang='lat' dir='ltr'><strong>ipsius,</strong></span> <span class='ocrx_word' id='word_1_252' title='bbox 767 3526 959 3585; x_wconf 74' lang='lat' dir='ltr'><strong>haeredes</strong></span> <span class='ocrx_word' id='word_1_253' title='bbox 990 3530 1095 3584; x_wconf 77' lang='lat' dir='ltr'><strong>simun</strong></span> <span class='ocrx_word' id='word_1_254' title='bbox 1125 3527 1304 3586; x_wconf 80' lang='lat' dir='ltr'><strong>secuudum</strong></span> <span class='ocrx_word' id='word_1_255' title='bbox 1335 3547 1425 3605; x_wconf 82' lang='lat' dir='ltr'><strong>spem</strong></span> <span class='ocrx_word' id='word_1_256' title='bbox 1455 3533 1540 3588; x_wconf 82' lang='lat' dir='ltr'><strong>vitae</strong></span> 
     </span>
     <span class='ocr_line' id='line_1_30' title="bbox 348 3633 719 3709; baseline -0.011 -11"><span class='ocrx_word' id='word_1_257' title='bbox 348 3644 504 3697; x_wconf 78' lang='lat' dir='ltr'><strong>aeternae</strong></span> <span class='ocrx_word' id='word_1_258' title='bbox 512 3633 550 3709; x_wconf 83' lang='lat'><strong>⁸).</strong></span> <span class='ocrx_word' id='word_1_259' title='bbox 577 3633 719 3695; x_wconf 82' lang='lat' dir='ltr'><strong>Tandem</strong></span> 
     </span>
    </p>

    <p class='ocr_par' dir='ltr' id='par_1_4' title="bbox 345 3740 1584 4355">
     <span class='ocr_line' id='line_1_31' title="bbox 454 3740 1584 3828; baseline 0.003 -22"><span class='ocrx_word' id='word_1_260' title='bbox 454 3741 485 3806; x_wconf 90' lang='grc'><strong>4.</strong></span> <span class='ocrx_word' id='word_1_261' title='bbox 511 3742 539 3806; x_wconf 90' lang='lat' dir='ltr'><strong>si</strong></span> <span class='ocrx_word' id='word_1_262' title='bbox 554 3764 612 3826; x_wconf 90' lang='lat' dir='ltr'><strong>per</strong></span> <span class='ocrx_word' id='word_1_263' title='bbox 628 3741 765 3828; x_wconf 84' lang='lat' dir='ltr'><strong>gratiam</strong></span> <span class='ocrx_word' id='word_1_264' title='bbox 778 3740 1008 3826; x_wconf 85' lang='lat' dir='ltr'><strong>justificantem</strong></span> <span class='ocrx_word' id='word_1_265' title='bbox 1033 3741 1064 3805; x_wconf 92' lang='lat' dir='ltr'><strong>in</strong></span> <span class='ocrx_word' id='word_1_266' title='bbox 1088 3742 1287 3807; x_wconf 87' lang='lat' dir='ltr'><strong>consortium</strong></span> <span class='ocrx_word' id='word_1_267' title='bbox 1307 3757 1437 3809; x_wconf 86' lang='lat' dir='ltr'><strong>naturae</strong></span> <span class='ocrx_word' id='word_1_268' title='bbox 1461 3743 1537 3808; x_wconf 91' lang='lat' dir='ltr'><strong>divi·</strong></span> <span class='ocrx_word' id='word_1_269' title='bbox 1583 3755 1584 3759; x_wconf 77' lang='grc'>’</span> 
     </span>
     <span class='ocr_line' id='line_1_32' title="bbox 348 3851 1562 3939; baseline 0 -21"><span class='ocrx_word' id='word_1_270' title='bbox 348 3875 408 3918; x_wconf 80' lang='lat' dir='ltr'><strong>nae</strong></span> <span class='ocrx_word' id='word_1_271' title='bbox 435 3851 507 3916; x_wconf 85' lang='lat' dir='ltr'><strong>elati</strong></span> <span class='ocrx_word' id='word_1_272' title='bbox 531 3864 623 3938; x_wconf 88' lang='lat' dir='ltr'><strong>atque</strong></span> <span class='ocrx_word' id='word_1_273' title='bbox 650 3865 810 3937; x_wconf 88' lang='lat' dir='ltr'><strong>tamquam</strong></span> <span class='ocrx_word' id='word_1_274' title='bbox 836 3854 980 3917; x_wconf 88' lang='lat' dir='ltr'><strong>membra</strong></span> <span class='ocrx_word' id='word_1_275' title='bbox 1001 3852 1130 3917; x_wconf 76' lang='lat' dir='ltr'><strong>Christo</strong></span> <span class='ocrx_word' id='word_1_276' title='bbox 1154 3853 1249 3938; x_wconf 88' lang='lat' dir='ltr'><strong>capiti</strong></span> <span class='ocrx_word' id='word_1_277' title='bbox 1265 3854 1437 3939; x_wconf 87' lang='lat' dir='ltr'><strong>conjuncti,</strong></span> <span class='ocrx_word' id='word_1_278' title='bbox 1453 3856 1562 3938; x_wconf 72' lang='lat' dir='ltr'><strong>ejus-v</strong></span> 
     </span>
     <span class='ocr_line' id='line_1_33' title="bbox 347 3959 1538 4049; baseline 0.001 -23"><span class='ocrx_word' id='word_1_279' title='bbox 347 3964 420 4026; x_wconf 89' lang='lat' dir='ltr'><strong>dem</strong></span> <span class='ocrx_word' id='word_1_280' title='bbox 452 3960 565 4045; x_wconf 89' lang='lat' dir='ltr'><strong>spiritu</strong></span> <span class='ocrx_word' id='word_1_281' title='bbox 597 3959 734 4024; x_wconf 88' lang='lat' dir='ltr'><strong>vivimus</strong></span> <span class='ocrx_word' id='word_1_282' title='bbox 766 3973 798 4023; x_wconf 91' lang='lat' dir='ltr'><strong>et</strong></span> <span class='ocrx_word' id='word_1_283' title='bbox 829 3961 1021 4026; x_wconf 86' lang='lat' dir='ltr'><strong>animamur:</strong></span> <span class='ocrx_word' id='word_1_284' title='bbox 1045 3983 1144 4046; x_wconf 86' lang='lat' dir='ltr'><strong>opera</strong></span> <span class='ocrx_word' id='word_1_285' title='bbox 1168 3974 1279 4027; x_wconf 89' lang='lat' dir='ltr'><strong>nostra</strong></span> <span class='ocrx_word' id='word_1_286' title='bbox 1301 3964 1400 4037; x_wconf 89' lang='lat' dir='ltr'><strong>bona,</strong></span> <span class='ocrx_word' id='word_1_287' title='bbox 1421 3984 1538 4049; x_wconf 88' lang='lat' dir='ltr'><strong>quaec</strong></span> 
     </span>
     <span class='ocr_line' id='line_1_34' title="bbox 347 4069 1536 4157; baseline 0 -21"><span class='ocrx_word' id='word_1_288' title='bbox 347 4073 447 4136; x_wconf 86' lang='lat' dir='ltr'><strong>corde</strong></span> <span class='ocrx_word' id='word_1_289' title='bbox 459 4069 635 4155; x_wconf 86' lang='lat' dir='ltr'><strong>justificato</strong></span> <span class='ocrx_word' id='word_1_290' title='bbox 653 4071 841 4154; x_wconf 86' lang='lat' dir='ltr'><strong>procedunt,</strong></span> <span class='ocrx_word' id='word_1_291' title='bbox 857 4070 995 4154; x_wconf 79' lang='lat' dir='ltr'><strong>pretium</strong></span> <span class='ocrx_word' id='word_1_292' title='bbox 1007 4074 1246 4157; x_wconf 85' lang='lat' dir='ltr'><strong>supernaturale</strong></span> <span class='ocrx_word' id='word_1_293' title='bbox 1264 4092 1302 4136; x_wconf 88' lang='lat' dir='ltr'><strong>ac</strong></span> <span class='ocrx_word' id='word_1_294' title='bbox 1319 4071 1467 4136; x_wconf 87' lang='lat' dir='ltr'><strong>meritum</strong></span> <span class='ocrx_word' id='word_1_295' title='bbox 1483 4073 1536 4136; x_wconf 91' lang='lat' dir='ltr'><strong>ha·</strong></span> 
     </span>
     <span class='ocr_line' id='line_1_35' title="bbox 345 4179 1537 4260; baseline 0 -16"><span class='ocrx_word' id='word_1_296' title='bbox 345 4182 443 4245; x_wconf 88' lang='lat' dir='ltr'><strong>beant</strong></span> <span class='ocrx_word' id='word_1_297' title='bbox 457 4201 594 4244; x_wconf 88' lang='lat' dir='ltr'><strong>neccsse</strong></span> <span class='ocrx_word' id='word_1_298' title='bbox 611 4191 671 4253; x_wconf 87' lang='lat' dir='ltr'><strong>est,</strong></span> <span class='ocrx_word' id='word_1_299' title='bbox 687 4191 722 4242; x_wconf 89' lang='lat' dir='ltr'><strong>ut</strong></span> <span class='ocrx_word' id='word_1_300' title='bbox 736 4179 853 4243; x_wconf 88' lang='lat' dir='ltr'><strong>iterum</strong></span> <span class='ocrx_word' id='word_1_301' title='bbox 864 4180 1042 4245; x_wconf 82' lang='lat' dir='ltr'><strong>Concilium</strong></span> <span class='ocrx_word' id='word_1_302' title='bbox 1060 4180 1332 4246; x_wconf 81' lang='lat' dir='ltr'><strong>Tridentinum</strong></span> <span class='ocrx_word' id='word_1_303' title='bbox 1350 4183 1491 4246; x_wconf 86' lang='lat' dir='ltr'><strong>declarat</strong></span> <span class='ocrx_word' id='word_1_304' title='bbox 1500 4186 1537 4260; x_wconf 78' lang='lat'><strong>⁹),</strong></span> 
     </span>
     <span class='ocr_line' id='line_1_36' title="bbox 346 4287 972 4355; baseline 0 0"><span class='ocrx_word' id='word_1_305' title='bbox 346 4303 378 4355; x_wconf 87' lang='lat' dir='ltr'><strong>et</strong></span> <span class='ocrx_word' id='word_1_306' title='bbox 393 4289 527 4354; x_wconf 85' lang='lat' dir='ltr'><strong>inferius</strong></span> <span class='ocrx_word' id='word_1_307' title='bbox 544 4287 815 4353; x_wconf 86' lang='lat' dir='ltr'><strong>demonstrabitur</strong></span> <span class='ocrx_word' id='word_1_308' title='bbox 831 4289 972 4355; x_wconf 83' lang='lat' dir='ltr'><strong>uberius.</strong></span> 
     </span>
    </p>
   </div>
   <div class='ocr_carea' id='block_1_3' title="bbox 343 4491 1536 4933">
    <p class='ocr_par' dir='ltr' id='par_1_5' title="bbox 343 4491 1536 4933">
     <span class='ocr_line' id='line_1_37' title="bbox 453 4491 1536 4574; baseline 0.003 -23"><span class='ocrx_word' id='word_1_309' title='bbox 453 4493 479 4571; x_wconf 90' lang='lat'><strong>¹)</strong></span> <span class='ocrx_word' id='word_1_310' title='bbox 498 4491 580 4554; x_wconf 70' lang='lat' dir='ltr'><strong>seso.</strong></span> <span class='ocrx_word' id='word_1_311' title='bbox 598 4496 667 4554; x_wconf 74' lang='lat' dir='ltr'><strong>oc.</strong></span> <span class='ocrx_word' id='word_1_312' title='bbox 688 4495 822 4570; x_wconf 79' lang='lat' dir='ltr'><strong>t.-²)</strong></span> <span class='ocrx_word' id='word_1_313' title='bbox 842 4491 871 4554; x_wconf 92' lang='lat'><strong>1.</strong></span> <span class='ocrx_word' id='word_1_314' title='bbox 889 4492 1008 4568; x_wconf 75' lang='lat' dir='ltr'><strong>Cocb,</strong></span> <span class='ocrx_word' id='word_1_315' title='bbox 1028 4492 1078 4557; x_wconf 93' lang='grc'><strong>11.</strong></span> <span class='ocrx_word' id='word_1_316' title='bbox 1099 4498 1183 4572; x_wconf 84' lang='lat'><strong>-³)</strong></span> <span class='ocrx_word' id='word_1_317' title='bbox 1201 4491 1370 4574; x_wconf 75' lang='lat' dir='ltr'><strong>Ephes.5‚</strong></span> <span class='ocrx_word' id='word_1_318' title='bbox 1392 4491 1536 4556; x_wconf 74' lang='lat' dir='ltr'><strong>25-2t</strong></span> 
     </span>
     <span class='ocr_line' id='line_1_38' title="bbox 344 4581 1535 4666; baseline 0.003 -24"><span class='ocrx_word' id='word_1_319' title='bbox 344 4584 432 4661; x_wconf 83' lang='lat'><strong>-⁴)</strong></span> <span class='ocrx_word' id='word_1_320' title='bbox 448 4584 486 4643; x_wconf 89' lang='lat' dir='ltr'><strong>L.</strong></span> <span class='ocrx_word' id='word_1_321' title='bbox 504 4605 528 4642; x_wconf 89' lang='lat' dir='ltr'><strong>c.</strong></span> <span class='ocrx_word' id='word_1_322' title='bbox 563 4620 604 4628; x_wconf 90' lang='lat'><em>-</em></span> <span class='ocrx_word' id='word_1_323' title='bbox 638 4584 663 4662; x_wconf 76' lang='lat'><strong>5)</strong></span> <span class='ocrx_word' id='word_1_324' title='bbox 681 4583 748 4644; x_wconf 83' lang='lat' dir='ltr'><strong>Gal.</strong></span> <span class='ocrx_word' id='word_1_325' title='bbox 766 4581 797 4656; x_wconf 89' lang='lat'><strong>3,</strong></span> <span class='ocrx_word' id='word_1_326' title='bbox 815 4582 959 4647; x_wconf 79' lang='lat'><strong>26-27.</strong></span> <span class='ocrx_word' id='word_1_327' title='bbox 985 4623 1028 4632; x_wconf 92' lang='lat'><strong>--</strong></span> <span class='ocrx_word' id='word_1_328' title='bbox 1053 4587 1081 4666; x_wconf 59' lang='lat'><strong>⁶)</strong></span> <span class='ocrx_word' id='word_1_329' title='bbox 1099 4586 1195 4650; x_wconf 80' lang='lat' dir='ltr'><strong>Joan.</strong></span> <span class='ocrx_word' id='word_1_330' title='bbox 1213 4584 1242 4654; x_wconf 89' lang='lat' dir='ltr'><strong>l,</strong></span> <span class='ocrx_word' id='word_1_331' title='bbox 1262 4583 1313 4648; x_wconf 73' lang='grc'><strong>12.</strong></span> <span class='ocrx_word' id='word_1_332' title='bbox 1337 4623 1380 4632; x_wconf 91' lang='lat'><em>-</em></span> <span class='ocrx_word' id='word_1_333' title='bbox 1409 4587 1430 4664; x_wconf 84' lang='lat'><strong>⁷)</strong></span> <span class='ocrx_word' id='word_1_334' title='bbox 1447 4587 1535 4646; x_wconf 88' lang='lat' dir='ltr'><strong>Rom.</strong></span> 
     </span>
     <span class='ocr_line' id='line_1_39' title="bbox 344 4671 1534 4756; baseline 0.001 -20"><span class='ocrx_word' id='word_1_335' title='bbox 344 4671 1090 4756; x_wconf 69' lang='lat' dir='ltr'><strong>8,17.-⁸)Tit.3,t.—⁹)Seu.6.Deo.</strong></span> <span class='ocrx_word' id='word_1_336' title='bbox 1117 4680 1152 4736; x_wconf 83' lang='lat' dir='ltr'><strong>de</strong></span> <span class='ocrx_word' id='word_1_337' title='bbox 1164 4677 1273 4756; x_wconf 76' lang='lat' dir='ltr'><strong>justif.</strong></span> <span class='ocrx_word' id='word_1_338' title='bbox 1292 4700 1316 4739; x_wconf 90' lang='lat' dir='ltr'><strong>c.</strong></span> <span class='ocrx_word' id='word_1_339' title='bbox 1334 4681 1383 4738; x_wconf 85' lang='lat'><strong>16.</strong></span> <span class='ocrx_word' id='word_1_340' title='bbox 1402 4697 1468 4736; x_wconf 85' lang='lat' dir='ltr'><strong>cau.</strong></span> <span class='ocrx_word' id='word_1_341' title='bbox 1485 4679 1534 4737; x_wconf 88' lang='lat'><strong>32.</strong></span> 
     </span>
     <span class='ocr_line' id='line_1_40' title="bbox 344 4763 1534 4848; baseline 0.005 -22"><span class='ocrx_word' id='word_1_342' title='bbox 344 4765 390 4828; x_wconf 83' lang='lat' dir='ltr'><strong>cf.</strong></span> <span class='ocrx_word' id='word_1_343' title='bbox 404 4765 514 4826; x_wconf 84' lang='lat' dir='ltr'><strong>Mattb.</strong></span> <span class='ocrx_word' id='word_1_344' title='bbox 533 4763 585 4839; x_wconf 89' lang='grc'><strong>16,</strong></span> <span class='ocrx_word' id='word_1_345' title='bbox 601 4763 655 4827; x_wconf 79' lang='grc'><strong>27.</strong></span> <span class='ocrx_word' id='word_1_346' title='bbox 673 4767 764 4825; x_wconf 83' lang='lat' dir='ltr'><strong>Marc.</strong></span> <span class='ocrx_word' id='word_1_347' title='bbox 783 4763 813 4838; x_wconf 87' lang='lat'><strong>9,</strong></span> <span class='ocrx_word' id='word_1_348' title='bbox 829 4764 882 4828; x_wconf 85' lang='lat'><strong>40.</strong></span> <span class='ocrx_word' id='word_1_349' title='bbox 921 4770 1010 4832; x_wconf 79' lang='lat' dir='ltr'><strong>Rom.</strong></span> <span class='ocrx_word' id='word_1_350' title='bbox 1028 4767 1059 4841; x_wconf 81' lang='grc'><strong>2,</strong></span> <span class='ocrx_word' id='word_1_351' title='bbox 1077 4767 1106 4831; x_wconf 88' lang='grc'><strong>6.</strong></span> <span class='ocrx_word' id='word_1_352' title='bbox 1142 4766 1169 4830; x_wconf 89' lang='grc'><strong>1.</strong></span> <span class='ocrx_word' id='word_1_353' title='bbox 1188 4767 1257 4828; x_wconf 84' lang='lat' dir='ltr'><strong>Oor.</strong></span> <span class='ocrx_word' id='word_1_354' title='bbox 1279 4765 1329 4848; x_wconf 81' lang='lat'><strong>15,</strong></span> <span class='ocrx_word' id='word_1_355' title='bbox 1346 4764 1399 4830; x_wconf 88' lang='lat'><strong>58.</strong></span> <span class='ocrx_word' id='word_1_356' title='bbox 1417 4765 1447 4830; x_wconf 83' lang='lat'><strong>2.</strong></span> <span class='ocrx_word' id='word_1_357' title='bbox 1466 4767 1534 4832; x_wconf 83' lang='lat' dir='ltr'><strong>Oor.</strong></span> 
     </span>
     <span class='ocr_line' id='line_1_41' title="bbox 343 4853 917 4933; baseline -0.003 -13"><span class='ocrx_word' id='word_1_358' title='bbox 343 4855 374 4929; x_wconf 89' lang='grc'><strong>4,</strong></span> <span class='ocrx_word' id='word_1_359' title='bbox 394 4853 445 4918; x_wconf 81' lang='lat' dir='ltr'><strong>ll.</strong></span> <span class='ocrx_word' id='word_1_360' title='bbox 463 4856 493 4919; x_wconf 79' lang='lat'><strong>2.</strong></span> <span class='ocrx_word' id='word_1_361' title='bbox 510 4857 590 4922; x_wconf 77' lang='lat' dir='ltr'><strong>Tim.</strong></span> <span class='ocrx_word' id='word_1_362' title='bbox 607 4854 638 4932; x_wconf 88' lang='grc'><strong>4,</strong></span> <span class='ocrx_word' id='word_1_363' title='bbox 656 4855 685 4920; x_wconf 90' lang='lat'><strong>8.</strong></span> <span class='ocrx_word' id='word_1_364' title='bbox 702 4857 799 4918; x_wconf 86' lang='lat' dir='ltr'><strong>Habr.</strong></span> <span class='ocrx_word' id='word_1_365' title='bbox 817 4860 847 4933; x_wconf 82' lang='lat'><strong>6,</strong></span> <span class='ocrx_word' id='word_1_366' title='bbox 866 4855 917 4923; x_wconf 84' lang='lat'><strong>10.</strong></span> 
     </span>
    </p>
   </div>
   <div class='ocr_carea' id='block_1_4' title="bbox 0 0 1892 5625">
    <p class='ocr_par' dir='ltr' id='par_1_6' title="bbox 0 0 1892 5625">
     <span class='ocr_line' id='line_1_42' title="bbox 0 0 1892 5625; baseline 0 6"><span class='ocrx_word' id='word_1_367' title='bbox 0 0 1892 5625; x_wconf 95' lang='lat' dir='ltr'><strong> </strong></span> 
     </span>
    </p>
   </div>
  </div>
 </body>
</html>
