3775 5625
1472 438 1538 504 333

349 600 603 666 communicavit.
628 600 782 681 Quoniam
799 624 879 689 ergo
897 604 993 666 horno
1010 603 1137 666 solebat
1157 623 1231 667 esse
1248 604 1350 675 Deus,
1371 615 1464 687 atque
1481 623 1538 687 per

348 727 383 771 se
404 711 564 776 exsistere
586 709 735 795 cupiens,
756 733 791 775 se
815 711 876 796 ipsi
896 713 1099 775 subtrahere:
1123 710 1222 775 Filius
1246 711 1306 776 Dei
1323 712 1419 775 homo
1436 711 1539 775 iaetus

349 832 413 894 cst,
434 832 527 906 atque
548 832 651 883 semet
682 819 768 884 Patri
790 820 917 894 obtulit,
940 832 974 883 ut
994 820 1042 883 sic
1063 840 1200 904 poenam
1216 840 1254 883 ae
1270 833 1422 894 mortem,
1446 839 1539 905 mam

350 941 404 1003 lter
425 927 673 993 inobedientiam
697 928 975 1002 consciveramuS,
1000 950 1057 1012 per
1079 928 1263 1013 passionem
1286 949 1377 992 suam
1398 949 1436 992 ac
1452 950 1537 992 mor·

353 1041 420 1114 lem,
436 1060 530 1124 quam
546 1060 589 1103 ex
604 1037 787 1102 obedientia
803 1037 960 1111 subierat,
977 1059 996 1101 a
1012 1037 1105 1101 nobis
1122 1043 1327 1116 averterem),
1344 1050 1376 1101 et
1391 1037 1538 1125 gratiam,

347 1160 439 1225 quam
470 1148 695 1221 amiseramuS,
727 1147 820 1210 nobis
843 1147 959 1211 iterum
981 1159 1192 1231 conopararet.
1217 1149 1328 1220 Mors,
1346 1147 1389 1211 ait
1410 1151 1536 1235 Augu·

340 1256 493 1331 sitinus,
515 1264 582 1321 asiai
596 1280 617 1320 a
633 1270 736 1320 morte
757 1264 908 1336 superari
927 1280 994 1320 non
1016 1270 1161 1338 poterat;
1184 1264 1254 1320 ideo
1275 1259 1429 1322 Claterna
1444 1279 1537 1322 mor·

327 1375 407 1429 cena
422 1374 593 1442 sustinuit,
614 1380 650 1430 nt
666 1372 790 1445 injusta
804 1388 893 1429 mors
900 1372 1028 1446 justam
1045 1374 1350 1440 lineamentarem,
1367 1380 1398 1431 et
1415 1374 1537 1431 libers·

313 1490 391 1539 ret
416 1500 492 1539 reor
505 1483 612 1557 jutole,
634 1484 708 1540 dum
727 1500 788 1557 pro
816 1483 864 1539 eia
887 1482 1091 1540 occidebatur
1122 1482 1241 1557 injuste
1254 1479 1289 1555 ²).
1323 1477 1537 1542 Richardus

316 1584 376 1647 t'r'
387 1598 506 1650 ctam:
532 1590 583 1649 Ad
601 1593 833 1666 plenitudinem
856 1590 1097 1661 satisfactionis
1119 1593 1275 1668 oportuit,
1298 1600 1336 1651 at
1349 1600 1439 1651 taneta
1455 1600 1539 1651 emt

295 1696 526 1759 humiliatio
551 1702 586 1758 in
606 1702 808 1777 expiatione,
831 1708 953 1774 quatita
967 1699 1037 1770 fuit
1055 1703 1254 1775 praesumtio
1273 1702 1307 1759 in
1320 1704 1535 1776 praevarica-

293 1810 479 1885 aiom).
511 1806 553 1868 Et
575 1805 849 1870 catechismus
871 1806 989 1869 Rom:
1026 1808 1107 1869 Oum
1130 1812 1232 1885 ipitar
1247 1828 1292 1868 erc
1308 1812 1465 1869 aldosinto
1482 1813 1536 1869 di·

284 1920 477 1986 quitatis
505 1926 612 1995 prada
644 1922 835 1979 concidisset
856 1929 1004 1979 nostram
1027 1937 1147 1995 penna,
1180 1922 1343 1978 sullecari
1367 1922 1441 1978 inde
1456 1928 1487 1980 et
1502 1922 1537 1979 in

283 2029 515 2094 pristinum
532 2032 636 2088 locam
652 2032 782 2089 restitui
801 2034 893 2088 nullo
918 2033 1010 2088 modo
1026 2038 1154 2105 poterat
1169 2030 1335 2088 danninum
1351 2040 1410 2089 ant
1424 2028 1535 2105 Λημ-

288 2133 449 2197 lorum
465 2142 607 2210 viribus:
624 2158 726 2215 quare
742 2138 904 2216 reliquum
919 2148 991 2199 erat
1007 2141 1091 2197 illud
1104 2141 1221 2197 minae
1237 2143 1441 2198 etmalorum
1456 2142 1536 2199 aad·

287 2242 474 2317 Sidicini,
491 2257 529 2307 nt
543 2246 607 2306 Dei
622 2246 707 2306 Filii
723 2249 852 2321 infinita
869 2251 985 2317 virtus,
1003 2254 1144 2307 assumto
1160 2250 1271 2307 carnia
1286 2258 1418 2307 nostrae
1434 2250 1534 2306 imbe-

288 2350 492 2426 cilcitore,
514 2358 673 2430 infinitam
693 2361 823 2417 tolleret
840 2361 965 2432 peccati
986 2360 1064 2426 nint,
1088 2368 1120 2418 et
1140 2376 1200 2417 nos
1223 2360 1451 2417 reconciliaret
1465 2355 1535 2418 neo

287 2453 338 2511 ¹⁸⁹³
373 2468 552 2541 sanquine
567 2484 626 2525 ano
640 2462 678 2543 ⁴).

448 2576 565 2634 Contra
581 2576 732 2634 sacrificii
754 2577 858 2635 erucis
880 2577 1087 2652 propitiatorii
1104 2595 1160 2635 seu
1177 2576 1401 2636 satisfactionis
1419 2584 1531 2650 myste-

288 2670 417 2743 Pium
435 2686 531 2743 muita
548 2685 695 2759 objiciunt
712 2685 902 2755 adversarii,
928 2696 959 2744 et
976 2687 1111 2763 quidem:

448 2792 476 2856 1.
495 2794 750 2855 Satisfactionem
766 2796 913 2856 vicariam
934 2816 1040 2857 seeum
1057 2799 1123 2874 ipsa
1140 2816 1290 2876 pugnare,
1310 2806 1340 2855 et
1357 2796 1424 2854 ideo
1442 2814 1531 2872 pror·

290 2903 375 2954 ⁸¹¹⁸
418 2907 519 2965 laeum
548 2905 663 2964 hahere
684 2924 743 2964 non
766 2924 868 2982 posse.
902 2908 1023 2964 Etenim
1049 2908 1149 2982 ajunt,
1167 2916 1393 2983 peceatum,et
1410 2924 1479 2964 eum
1496 2924 1532 2963 eo

290 3012 533 3085 ⁰⁰njunetum
556 3025 675 3073 reatum
698 3017 805 3091 eulpae
821 3017 864 3073 ite
882 3035 957 3074 esse·
978 3017 1091 3074 homini
1113 3017 1287 3092 proprium,
1310 3025 1343 3074 ut
1365 3013 1532 3072 transferri

290 3101 333 3164 5¹¹
365 3126 516 3184 alterum
534 3124 612 3184 haud
631 3124 744 3203 possit3
771 3135 801 3182 et
811 3124 882 3185 hine
900 3126 993 3184 etiam
1010 3125 1173 3195 hominem,
1192 3126 1242 3202 qui
1259 3144 1331 3183 reus
1349 3135 1397 3182 eat
1414 3125 1532 3200 culpae,

289 3226 518 3293 necessaria
545 3254 632 3294 reum
655 3252 726 3293 esse
750 3253 882 3310 poenae,
906 3246 998 3313 atque
1022 3235 1101 3295 hanc
1124 3246 1185 3293 tarn
1210 3254 1316 3311 parum
1336 3235 1372 3292 ab
1394 3234 1460 3310 ipso
1479 3252 1531 3291 au·

289 3318 414 3402 ferri
434 3363 544 3421 posse,
571 3362 659 3421 quam
675 3344 774 3420 ipsam
792 3345 911 3419 eulpam
925 3342 963 3416 ⁵).
981 3378 1023 3388 -—
1040 3347 1098 3402 Ast
1114 3363 1221 3402 verum
1239 3344 1357 3420 quidam
1375 3353 1438 3412 est,
1462 3362 1530 3401 rea·

291 3435 390 3506 “¹¹11
425 3457 536 3531 culpae
557 3454 588 3511 in
614 3456 745 3513 alterum
768 3454 936 3512 transferri
960 3473 1018 3511 non
1040 3472 1148 3530 posse,
1172 3464 1261 3531 atque
1284 3454 1376 3511 etiam
1409 3462 1530 3511 reatum

290 3555 450 3623 {menae
473 3566 510 3623 ab
533 3563 654 3622 homine
676 3565 808 3635 auferri,
834 3564 975 3640 quamdiu
1000 3564 1028 3621 ei
1055 3564 1224 3622 condonata
1243 3582 1300 3621 non
1318 3565 1413 3622 fuerit
1430 3563 1528 3638 eulpa,

292 3644 378 3723 ¹¹³¹!
386 3693 473 3752 equo
492 3674 674 3742 condonari,
692 3674 834 3750 quamdiu
850 3674 917 3749 ipse
934 3691 993 3730 non
1011 3673 1195 3750 resipuerit,
1213 3692 1268 3731 seu
1286 3674 1321 3732 ad
1338 3675 1438 3732 Deum
1456 3691 1527 3732 oon·

292 3773 447 3843 velmus
464 3785 569 3842 fuerit.
594 3788 738 3842 Attamen
756 3801 853 3860 neque
870 3784 961 3850 iliud,
984 3801 1081 3859 neque
1098 3783 1195 3842 hocca
1213 3783 1353 3842 doctrini
1370 3782 1530 3842 Catholici

297 3881 493 3963 Minuitur,
512 3904 565 3952 aut
582 3913 620 3952 ex
637 3914 674 3952 ea
690 3893 829 3972 legitime
854 3893 1024 3951 deducitur.
1057 3893 1179 3950 Etenim
1197 3911 1235 3949 ex
1252 3893 1395 3970 dogmate
1414 3891 1527 3950 Catho-

299 3973 385 4052 ¹i⁰0
412 4003 633 4073 Deus-homo,
654 4005 751 4062 lesus
776 4002 937 4071 christus,
961 4020 1089 4078 poenam
1112 4012 1309 4078 peecatorum
1327 4002 1455 4080 generis
1472 4001 1526 4060 hu·

234 4140 237 4153 ·
303 4102 430 4184 mani,
458 4114 489 4171 in
506 4132 541 4172 se
558 4114 711 4189 suscepit,
737 4113 815 4190 quod
833 4123 919 4171 certe
937 4131 996 4169 non
1014 4122 1183 4190 repugnat,
1210 4130 1299 4188 quum
1322 4111 1358 4169 ad
1375 4111 1448 4169 iilud
1471 4130 1527 4187 pro

306 4210 447 4282 natura
469 4242 526 4281 sua
548 4222 680 4282 humana
711 4222 913 4299 pertinuerit,
938 4231 969 4279 et
992 4222 1066 4279 iliud
1089 4239 1201 4297 eorpus
1227 4239 1316 4279 unum
1349 4221 1525 4290 constituat,

236 4396 238 4401 ,
298 4315 381 4381 ’ΜΠ
412 4343 512 4393 autem
529 4344 648 4392 reatum
666 4335 790 4409 culpae,
816 4341 905 4410 atque
922 4331 1065 4408 patiendo
1083 4341 1114 4389 et
1130 4330 1286 4390 moriendo
1304 4348 1359 4406 pro
1375 4332 1464 4390 nabis
1481 4339 1527 4389 tot

309 4461 553 4505 &-

234 4646 243 4669 .-
262 4670 264 4677 ,
441 4598 466 4678 ¹)
484 4598 530 4660 Cf·
553 4608 640 4667 Rom.
661 4603 692 4679 6,
709 4602 761 4666 23.
797 4603 824 4666 1.
842 4603 912 4665 Cor.
933 4599 990 4683 15,
1002 4601 1055 4666 56.
1079 4605 1174 4667 Hebr.
1193 4602 1227 4680 9,
1243 4594 1287 4668 22
1304 4628 1343 4669 sa.
1362 4643 1403 4651 -
1421 4606 1447 4686 ²)
1463 4604 1524 4683 Ap-

240 4714 247 4767 ².
315 4677 423 4790 {estol
440 4689 536 4755 Serra.
553 4701 604 4759 32.
622 4700 678 4777 (al.
696 4699 928 4775 diremptor.)
945 4717 976 4754 n.
994 4700 1023 4756 1.
1041 4694 1120 4777 Opp.
1138 4699 1175 4756 T.
1193 4694 1224 4757 5.
1243 4698 1371 4780 append.
1381 4719 1405 4760 c.
1416 4695 1469 4762 64.
1481 4734 1523 4746 -

234 4772 252 4870 3,
334 4755 347 4834 t
368 4772 429 4839 De
444 4784 603 4851 ratariae.
622 4811 645 4848 ο.
662 4792 693 4849 e.
712 4784 799 4878 -.⁴)
815 4787 874 4849 na.
891 4788 979 4850 vnn.
998 4785 1094 4850 1833.
1111 4810 1140 4869 p.
1157 4786 1200 4852 no
1214 4810 1238 4850 s.
1256 4827 1298 4836 -
1320 4786 1344 4877 ⁵)
1361 4789 1405 4853 or.
1422 4791 1523 4873 weg-

324 4857 518 4952 ⁸0heraer,
535 4885 613 4941 riost.
631 4883 716 4942 neor.
735 4884 797 4943 etr.
816 4883 911 4960 eope.
930 4881 966 4941 u.
986 4876 1082 4946 1844.
1100 4901 1129 4963 p.
1148 4875 1224 4946 528.
