3775 5625
418 406 487 483 480

421 575 569 668 operari,
589 578 647 646 sed
669 597 830 668 nunquam
845 587 1019 666 operatur,
1034 571 1097 647 nisi
1112 598 1230 647 novum
1246 596 1395 667 exparte
1412 573 1475 649 Dei
1491 586 1612 651 accedat

424 691 543 759 efficax
574 704 606 756 et
636 691 769 777 physice
791 713 1006 776 praemovens
1021 692 1188 767 auxilium,
1221 705 1315 779 atque
1331 693 1439 782 gratia
1456 693 1575 760 efficax
1585 708 1612 759 'et

423 801 588 868 sufficiens
602 801 710 866 indole
727 822 746 866 a
761 822 798 866 se
813 801 951 866 invicem
966 800 1117 866 differunt
1126 805 1161 886 ¹).

529 912 621 991 Quod
646 914 715 996 jam
737 912 777 975 ad
798 924 941 996 systema
965 912 1029 975 hoc
1050 910 1179 976 attinet:
1212 913 1351 997 explicat
1383 913 1513 999 quidem
1538 913 1611 988 iliud,

422 1024 583 1107 quomodo
599 1021 705 1109 gratia
721 1042 763 1085 ex
779 1042 815 1085 se
826 1020 944 1085 efficax
961 1020 1098 1109 cogitari
1109 1020 1224 1105 possit,
1242 1022 1317 1107 quin
1333 1022 1493 1087 voluntati
1509 1043 1610 1088 neces·

422 1129 501 1196 sitas
517 1130 709 1215 imponatur,
726 1151 822 1215 quum
837 1130 926 1194 Deus
944 1142 1064 1193 tantum
1081 1129 1166 1194 illam
1187 1131 1381 1195 voluntatem
1406 1133 1448 1196 ad
1465 1153 1549 1217 opus
1565 1133 1609 1195 bo·

422 1261 498 1303 uum
513 1238 743 1323 perficiendum
760 1238 893 1322 physice
909 1251 1126 1323 praemoveat,
1142 1261 1222 1325 quae
1237 1240 1370 1304 induxui
1386 1240 1515 1329 gratiae
1530 1262 1609 1326 prae·

423 1345 592 1422 venientis,
610 1347 650 1410 ad
666 1358 772 1410 actum
788 1347 964 1409 secundum
981 1344 1140 1421 allicienti,
1158 1369 1222 1411 non
1232 1347 1367 1424 resistit,
1384 1351 1532 1435 adeoque
1549 1372 1611 1414 cun

421 1477 510 1520 novo
533 1454 652 1520 auxilio
674 1455 781 1519 divino
804 1454 975 1540 cooperari
1001 1456 1068 1519 vult
1089 1467 1182 1542 atque
1199 1469 1415 1541 cooperatura
1431 1472 1492 1524 est.
1518 1461 1610 1523 Porro

424 1564 563 1650 explicat
594 1586 739 1652 quoqne,
772 1566 947 1649 quomodo,
980 1564 1124 1651 quamvis
1146 1565 1253 1653 gratia
1273 1565 1441 1633 sufficiens
1462 1589 1612 1654 nunquam

425 1696 498 1739 cum
529 1672 645 1739 effectu
677 1675 906 1761 conjungatur,
936 1672 1002 1737 imo
1022 1673 1055 1737 in
1081 1696 1118 1739 se
1141 1674 1346 1741 considerata
1374 1678 1533 1765 conjungi
1555 1698 1611 1740 non

424 1783 546 1869 possit,
563 1781 698 1847 omissio
715 1783 792 1847 boni
809 1782 917 1868 operis
934 1783 1054 1847 homiui
1068 1783 1146 1848 vitio
1162 1784 1245 1849 verti
1262 1798 1372 1870 queat,
1389 1786 1510 1871 etipse
1526 1785 1611 1851 etiam

423 1914 548 1979 poenae
564 1914 640 1957 reus
657 1893 713 1968 sit3
736 1914 809 1957 nam
831 1892 959 1957 nonnisi
983 1892 1046 1978 ipsi
1061 1905 1236 1978 propterea
1250 1894 1356 1981 gratia
1371 1894 1509 1959 ulterior
1527 1896 1608 1959 dena·

423 2015 529 2091 gatar,
546 2002 619 2089 quia
633 2002 736 2087 prima
752 2002 797 2066 uti
813 2002 924 2077 noluit,
940 2014 973 2066 et
988 2002 1018 2066 ei
1032 2003 1214 2068 resistendo
1226 2003 1490 2089 impedimentum
1504 2003 1609 2089 posuit,

424 2128 465 2177 ne
480 2113 569 2177 Deus
585 2114 855 2199 progrederetur,
880 2111 1013 2178 ulterius
1029 2133 1103 2177 enm
1118 2114 1312 2198 adJuvando,
1328 2126 1363 2178 ut
1378 2126 1489 2179 actum
1506 2135 1607 2179 secun-

426 2224 501 2286 dum
514 2219 695 2306 perficerot.
719 2259 761 2269 —
793 2223 948 2286 Putamus
964 2234 1081 2297 tameo,
1098 2222 1204 2287 varias
1220 2235 1371 2308 systema
1379 2224 1609 2288 Thomistarum

424 2352 573 2416 premere
590 2329 804 2396 difficultates.
828 2330 957 2395 Etenim
974 2330 1077 2416 primo
1094 2332 1255 2397 sententia
1271 2332 1333 2408 illa,
1349 2332 1401 2397 cui
1416 2332 1526 2418 ipsum
1541 2332 1609 2396 inni·

426 2441 513 2515 titur,
529 2452 562 2505 et
576 2461 637 2524 pro
654 2461 715 2525 qua
731 2440 981 2505 concursusDei
998 2440 1147 2526 specialis
1164 2442 1203 2505 ad
1220 2462 1333 2506 omnes
1347 2441 1494 2507 actiones
1511 2443 1608 2507 volun·

426 2550 501 2615 tatis
518 2562 678 2635 tamquam
693 2550 895 2615 immediatus
912 2550 1102 2636 concipitur,
1118 2551 1221 2615 Deum
1238 2563 1403 2615 auctorem
1425 2551 1530 2636 ipsius
1545 2571 1609 2636 pcc·

427 2660 491 2725 cati
506 2660 642 2724 reddere
657 2658 791 2724 videtur.
816 2659 949 2735 Deinde,
966 2659 1062 2725 etiam
1078 2661 1141 2724 hoc
1157 2659 1291 2735 omisso,
1308 2672 1453 2745 systema
1468 2660 1545 2724 illud
1555 2658 1610 2732 fini,

428 2771 469 2836 ob
492 2788 585 2856 quem
607 2764 824 2857 excogitatum
848 2782 915 2846 est,
939 2770 979 2833 ad
1000 2768 1223 2854 explicandum
1249 2771 1413 2835 decretum
1440 2770 1611 2836 absolutum

427 2894 522 2966 atque
553 2879 732 2944 libertatem
752 2878 877 2943 arbitrii
898 2901 970 2944 cum
987 2900 1025 2943 eo
1043 2881 1313 2963 componendam,
1344 2879 1429 2942 haud
1451 2877 1609 2944 satisfacit.

427 2991 508 3057 Nam
523 2990 652 3065 nodum,
667 2987 699 3052 in
716 3010 778 3074 quo
795 2987 925 3073 proprie
941 2989 1034 3073 hujus
1051 2989 1246 3074 quaestionis
1257 2989 1354 3053 cardo
1372 2989 1519 3065 vertitur,
1534 2988 1610 3052 iuso·

427 3103 526 3165 lutum
542 3098 704 3185 relinquit,
723 3120 820 3184 quare
837 3097 963 3162 scilicet
979 3118 1035 3182 per
1051 3099 1189 3186 gratiam
1205 3097 1398 3162 excitantem
1416 3098 1472 3162 uni
1489 3099 1610 3164 suadea-

427 3224 490 3285 tur,
506 3221 540 3274 ut
555 3209 797 3293 persuadeatur,
814 3207 906 3272 alteri
922 3228 987 3270 non
1003 3207 1089 3273 item.
1113 3209 1155 3271 Et
1170 3227 1294 3281 revera,
1310 3227 1352 3270 ex
1367 3208 1431 3270 hoc
1447 3219 1610 3293 systemate

427 3321 532 3384 nodus
547 3318 600 3382 iiie
616 3317 698 3383 solvi
713 3318 796 3382 haud
812 3337 911 3402 posse
929 3315 1062 3381 videtur.
1086 3315 1214 3380 Etenim
1231 3316 1260 3380 si
1276 3316 1466 3392 assumitur,
1483 3317 1612 3391 illudat

428 3429 553 3495 scilicet
571 3428 677 3515 gratia
699 3429 895 3491 voluntatem
911 3427 951 3490 ad
968 3446 1163 3491 consensum
1179 3427 1299 3502 trahat,
1322 3425 1354 3488 vi
1378 3425 1484 3511 ipsius
1499 3425 1610 3515 gratiae

428 3538 509 3612 fieri,
525 3536 656 3601 libertas
673 3535 794 3601 arbitrii
812 3537 935 3601 sublata
950 3535 1090 3608 videtur3
1108 3534 1136 3600 si
1151 3557 1230 3600 vero
1248 3534 1407 3610 statuitur,
1424 3557 1443 3600 e
1460 3537 1611 3600 voluntate

430 3647 501 3711 sola
522 3647 678 3730 pendere,
700 3657 734 3708 ut
755 3644 880 3733 gratiae
897 3647 937 3709 ad
953 3665 1122 3709 assensum
1139 3644 1288 3737 adicieuti
1304 3645 1389 3708 haud
1404 3645 1552 3721 resistat,
1567 3646 1611 3708 de·

430 3767 552 3821 cretum
569 3755 750 3818 absolutum
767 3753 1069 3838 praedestinationis
1086 3766 1174 3818 stare
1191 3776 1255 3818 non
1272 3766 1397 3839 potest,
1414 3756 1502 3841 quod
1519 3768 1611 3820 tamea

429 3864 556 3952 patroni
579 3864 673 3949 hujus
690 3862 868 3928 sententiae
883 3885 961 3949 prae
978 3863 1125 3942 omnihus
1141 3864 1225 3929 tueri
1240 3865 1358 3929 volunt.

536 3972 738 4040 Contrariam
759 3972 841 4038 viam
868 3973 1011 4061 ingressi
1028 3985 1102 4037 sunt
1125 3973 1366 4038 Molinistae.
1405 3974 1536 4039 Etenim
1550 3977 1612 4038 dum

433 4086 618 4150 Thomistac
635 4082 811 4148 efficaciam
828 4079 944 4141 ἔσωθεν
959 4095 1121 4167 repetunt,
1153 4082 1332 4147 Molinistae
1349 4104 1419 4147 eam
1438 4079 1566 4160 ἔξωθεν,
1579 4103 1612 4148 ex

431 4214 565 4259 assensu
600 4192 747 4258 videlicet
779 4192 950 4256 voluntatis
967 4205 1099 4257 nostrae
1115 4191 1216 4256 libero
1233 4190 1392 4268 derivant,
1409 4193 1455 4259 ita
1471 4208 1506 4259 ut
1521 4193 1613 4282 graia

430 4304 525 4370 nobis
543 4303 816 4368 consentientibus
834 4303 952 4368 efficax
967 4302 1037 4376 fiat,
1059 4288 1284 4367 antineffieax
1305 4302 1347 4368 sit
1363 4303 1460 4368 nobis
1477 4301 1612 4369 dissenti-

432 4415 568 4482 entibus.
599 4414 753 4479 Ceterum
775 4415 869 4478 etiam
885 4414 1066 4479 Moiinistae
1087 4413 1169 4477 inter
1186 4425 1290 4494 actum
1308 4412 1447 4497 primum
1464 4427 1496 4478 et
1512 4433 1612 4480 secun·

432 4528 519 4601 dum,
551 4524 772 4610 imperfectum
794 4536 827 4589 et
848 4525 975 4609 plenum
999 4521 1207 4611 distinguunt.
1231 4525 1336 4587 Porro
1358 4522 1483 4608 pariter
1499 4526 1612 4594 doceat,

430 4676 647 4696 *—

538 4773 565 4849 ¹)
583 4768 628 4830 of.
645 4766 839 4831 Tournell.
870 4769 917 4825 De
940 4784 988 4841 qr.
1007 4762 1079 4826 C'dr.
1097 4784 1125 4842 q.
1145 4766 1171 4829 t.
1188 4771 1246 4829 ert.
1265 4765 1294 4827 1.
1329 4766 1422 4830 Oura.
1441 4765 1528 4828 tdeol.
1558 4759 1611 4826 cot

432 4856 562 4948 Agripp.
581 4856 678 4928 1752.
695 4860 733 4924 Τ.
749 4857 780 4926 2.
796 4857 833 4924 P.
849 4854 881 4927 2.
896 4878 928 4941 p.
945 4853 1010 4923 367
1029 4878 1053 4921 a.
