3775 5625
1478 458 1538 523 lli

338 629 427 686 111111
443 628 495 687 dle
510 628 689 686 comederis
703 642 747 683 ec
762 641 814 702 eo,
831 624 1138 699 mortemorterw).
1156 620 1226 700 Quo
1243 623 1391 686 mandato
1408 636 1542 709 accepto

338 730 530 797 necessario
547 730 669 817 primus
686 731 783 795 bomo
800 732 902 795 Deum
919 730 1350 817 tamqnamrerumomniom
1361 732 1543 805 Dominam,

338 862 435 906 suum
451 842 692 907 benefactorem
708 861 746 905 ac
762 842 889 905 Patrem
904 839 1185 927 benignissimum,
1200 860 1300 925 porro
1317 841 1541 927 1111111111-

338 949 532 1037 gislatorem
552 949 808 1025 sanctissimum,
833 971 981 1015 necnon
1004 950 1149 1015 ludiccm
1172 950 1363 1015 omniscium
1385 964 1478 1037 atque
1490 954 1541 1037 ju·

339 1058 520 1124 stissirnum
536 1080 717 1148 agnoscere
734 1061 879 1135 debebat,
896 1081 933 1124 se
949 1059 1054 1144 ipsum
1071 1073 1176 1124 autem
1194 1072 1354 1145 tamquam
1371 1061 1411 1124 ab
1425 1081 1468 1124 eo
1484 1082 1542 1145 per

339 1169 449 1233 omnia
470 1170 717 1255 dependentem,
740 1168 832 1255 eique
854 1170 1046 1254 subjectum,
1063 1168 1115 1254 qui
1131 1181 1237 1234 tamen
1258 1169 1352 1233 simul
1370 1169 1419 1234 sui
1439 1170 1541 1233 domi·

339 1300 398 1343 nus
417 1290 522 1353 esset,
546 1291 657 1363 utpote
672 1279 822 1343 facultate
839 1278 1017 1343 instructus
1040 1300 1097 1363 per
1117 1278 1342 1364 semetipsum,
1357 1278 1377 1344 i.
1394 1299 1422 1343 e.
1440 1277 1542 1343 libero

339 1389 473 1453 decreto
491 1388 665 1453 voluntatis
682 1408 760 1452 suae
777 1408 814 1453 se
832 1409 905 1452 cum
920 1387 1007 1462 Deo,
1025 1389 1273 1464 summobono,
1290 1386 1418 1452 uniendi
1434 1405 1494 1452 seu
1510 1387 1541 1451 id

339 1496 510 1572 evadendi,
533 1499 618 1582 qnod
635 1518 798 1562 comesse
817 1498 998 1582 oportebat.
1025 1496 1095 1561 Una
1116 1509 1222 1562 autem
1239 1499 1388 1562 mandato
1405 1496 1459 1562 illo
1478 1495 1539 1581 pri·

339 1628 390 1671 mo
408 1606 531 1672 homini
547 1606 728 1672 necessitas
745 1606 898 1692 imposita
912 1619 996 1681 erat,
1019 1607 1101 1671 11111
1116 1605 1177 1678 Dei
1197 1618 1230 1671 et
1249 1606 1299 1670 sui
1322 1606 1541 1693 cognitionem

339 1736 394 1801 per
411 1728 520 1780 actmn
537 1715 752 1790 obedientiae,
773 1737 816 1781 ex
836 1714 1019 1780 reverentia
1034 1728 1128 1801 atquc
1146 1714 1300 1779 charitate
1321 1714 1540 1800 procedentis,

339 1836 474 1889 externe
492 1824 709 1902 contestandi,
733 1838 827 1911 atque
850 1824 1000 1890 unionem
1023 1845 1096 1888 cum
1119 1824 1189 1889 Deo
1207 1823 1247 1887 ad
1269 1822 1480 1888 voluntariam
1497 1823 1538 1889 si·

337 1934 399 1997 mul
428 1933 598 2009 evellendi,
631 1946 685 1999 aut
704 1956 784 2000 vero
806 1956 864 2019 per
885 1947 993 2000 actum
1015 1932 1251 1998 inobedientiae
1268 1953 1304 1998 so
1321 1933 1392 1998 Deo
1416 1934 1539 2018 praele-

337 2044 441 2127 rendo
458 2042 719 2126 conjunctionem
734 2042 819 2108 illam
836 2042 1055 2128 abrumpendi.

443 2151 566 2216 Deinde
582 2153 736 2218 sanctitas
752 2165 784 2217 et
794 2152 937 2238 justitia,
953 2152 987 2216 in
1004 2173 1066 2238 qua
1081 2151 1203 2237 primus
1227 2152 1323 2215 bomo
1346 2150 1540 2216 constitutus

337 2272 421 2336 erat,
439 2273 474 2325 ut
489 2282 531 2326 ex
547 2283 604 2337 eo,
620 2263 706 2347 qnod
723 2284 807 2326 nunc
824 2263 929 2348 quoad
945 2273 1113 2347 peccatum
1130 2260 1237 2325 locum
1253 2260 1358 2335 babet,
1376 2259 1539 2343 conjicere

336 2369 384 2435 las
400 2381 463 2444 est,
479 2390 522 2434 cx
536 2371 699 2435 voluntate
715 2369 786 2446 Dei,
803 2363 855 2456 qui
870 2392 936 2436 non
953 2370 1057 2435 minus
1075 2370 1238 2433 liberalem
1254 2390 1334 2457 erga
1343 2367 1428 2433 lilios
1445 2389 1539 2454 qnam

337 2499 417 2568 erga
433 2492 586 2564 parentes
603 2501 639 2546 se
656 2480 809 2545 exhibere
821 2479 934 2555 voluit,
945 2481 985 2545 ad
995 2482 1082 2545 Adae
1096 2492 1250 2564 posteros
1266 2478 1358 2565 quasi
1369 2480 1444 2563 jure
1465 2478 1538 2542 bae·

336 2587 492 2654 reditario
508 2588 580 2673 ipsa
596 2590 831 2677 propagatione
848 2610 907 2654 seu
923 2588 1086 2654 nativitate
1104 2588 1244 2663 traduci,
1269 2600 1302 2652 et
1317 2587 1390 2651 lrinc
1407 2587 1539 2672 propria

336 2712 469 2765 naturae
485 2701 641 2765 humanae
658 2698 742 2765 effici
759 2700 903 2764 debebat.
928 2699 1064 2783 Propria
1080 2710 1185 2762 autem
1202 2697 1358 2762 sauctitas
1374 2696 1538 2781 etjnstitis

336 2807 506 2901 originalis
528 2823 660 2875 natiuae
676 2812 850 2886 humanae,
875 2831 933 2875 seu
955 2809 1040 2896 quod
1061 2807 1145 2873 idern
1161 2821 1226 2882 est,
1256 2805 1388 2895 generis
1408 2806 1537 2870 hnmani

336 2917 423 2984 effici
439 2919 522 2985 baud
537 2932 676 3005 poterat,
693 2919 755 2984 nisi
771 2921 874 2985 bocce
892 2922 1022 2995 donum,
1037 2920 1123 3004 quod
1138 2930 1270 2982 naturae
1291 2917 1445 2981 humanae
1455 2917 1537 2981 band

336 3028 589 3113 debebatur,per
599 3028 824 3105 obedientiam,
836 3050 969 3115 eamque
979 3028 1101 3115 pariter
1111 3027 1385 3112 supernaturalem
1408 3048 1535 3111 prome·

335 3137 625 3222 ruisset,jusillius
635 3137 697 3203 sibi
713 3137 948 3224 acquisivisset.
967 3138 1057 3217 Quod
1074 3158 1189 3202 rursus
1201 3137 1292 3201 aliter
1308 3135 1379 3200 lieri
1389 3157 1453 3200 non
1465 3148 1535 3220 pot·

336 3259 420 3322 crat,
443 3266 537 3333 quam
561 3259 596 3310 ut
618 3246 855 3332 protoparenti,
872 3258 1028 3332 quatenus
1045 3259 1205 3331 tamquam
1222 3257 1319 3329 caput
1332 3243 1463 3332 generis
1479 3245 1535 3308 hu·

337 3355 421 3421 mani
439 3356 649 3430 constitutus,
667 3355 765 3420 totins
782 3355 915 3444 generis
925 3355 1054 3419 humani
1070 3355 1243 3439 personam
1255 3373 1332 3438 prae
1349 3374 1385 3417 se
1402 3353 1536 3427 ferebat,

338 3464 390 3528 lex
402 3464 459 3528 illa
479 3463 747 3548 supernaturalis,
765 3465 857 3549 cujus
873 3462 1032 3528 rationem
1062 3462 1220 3543 internam
1241 3473 1445 3546 perspectam
1473 3483 1536 3526 non

340 3570 481 3647 baberet,
497 3571 730 3660 injungeretur,
747 3585 859 3637 uteam
869 3592 934 3636 non
948 3592 1007 3636 suo
1019 3582 1151 3646 tantum,
1171 3573 1230 3636 sed
1241 3568 1441 3656 posteritatis
1457 3591 1537 3636 suae

344 3701 396 3746 seu
424 3694 558 3746 naturae
584 3682 739 3746 1111111111
763 3681 890 3747 nominc
918 3682 1122 3754 observaret,
1158 3693 1251 3765 atque
1284 3679 1421 3766 gratiam
1452 3678 1537 3743 illam

347 3802 562 3856 commoreret.
593 3792 637 3855 Et
651 3792 732 3856 lraec
747 3791 873 3877 quidem
890 3810 987 3855 causa
1005 3788 1191 3874 principalis
1212 3789 1295 3876 legis
1318 3789 1538 3874 protoparenti

350 3899 532 3965 constitutas
548 3898 616 3964 fuit.

444 4009 517 4073 Lex
531 4008 585 4073 illa
599 4030 700 4094 porro
717 4007 856 4095 positiva
870 4030 910 4074 ac
925 4007 1178 4093 supernaturalis
1195 4006 1263 4083 luit,
1280 4009 1371 4092 cujus
1380 4006 1536 4072 internam

354 4115 495 4183 rationem
516 4131 766 4204 protoparentes
786 4119 991 4206 ignorarent,
1017 4117 1150 4202 partim,
1172 4116 1245 4202 quia
1260 4128 1382 4182 tantum
1400 4118 1459 4181 sub
1477 4119 1537 4181 lrac

355 4217 524 4314 lormaapta
539 4240 619 4303 erat,
636 4229 675 4291 ad
692 4227 788 4291 vitam
804 4227 1001 4312 spiritualem
1012 4225 1149 4290 bominis
1165 4224 1404 4311 perficiendam,
1421 4226 1537 4311 partim

356 4332 413 4412 quia
431 4336 554 4421 primus
570 4337 667 4401 bomo
683 4336 879 4425 generatim,
896 4338 935 4400 ad
952 4335 1048 4402 [incrn
1064 4337 1338 4421 supernaturalem
1354 4336 1474 4411 factae,
1498 4339 1536 4401 ad

356 4435 520 4512 felicitatem
542 4449 817 4532 supernaturalem
837 4448 1098 4531 promerendam,
1130 4458 1162 4511 et
1184 4444 1352 4531 speciatim
1377 4459 1537 4532 tamquam

358 4563 435 4635 capnt
448 4555 580 4644 generis
597 4557 739 4632 brunoni,
756 4558 841 4643 quod
858 4578 878 4621 a
893 4557 963 4621 Deo
986 4555 1178 4621 constitutus
1195 4568 1278 4630 erat,
1295 4556 1334 4619 ad
1351 4555 1536 4620 merendum

358 4671 469 4730 tatnae
485 4666 641 4733 1111111111
658 4669 776 4732 donum
797 4664 977 4732 sanctitatis
994 4679 1026 4731 ct
1037 4665 1196 4751 justitiae,
1217 4678 1366 4752 utsupra
1382 4663 1536 4741 diximus,

355 4780 571 4821 *ῆι-...-

347 4889 351 4898 “
393 4823 395 4827 ·
447 4867 615 4959 1)(111.2,
635 4870 718 4936 161.
