3775 5625
356 422 420 486 102

404 619 407 624 -
460 584 491 648 4.
511 585 654 648 Tandem
673 581 701 645 si
723 580 940 646 sensualitatis
957 581 1096 666 impetus
1112 579 1233 645 bomini
1250 594 1397 646 enatura
1416 581 1552 659 inesset,

351 697 391 761 ad
411 707 579 781 peceatum
596 685 756 759 alliciens:
783 690 999 756 difficillimum
1022 691 1083 756 erit
1108 692 1226 767 Deum,
1247 694 1340 779 eujus
1357 706 1464 760 tamen
1480 717 1551 782 per·

352 806 435 871 lecta
452 816 527 869 sunt
544 806 689 889 opera¹),
711 822 883 875 excusare,
905 821 945 865 ne
963 799 1075 865 iecerit
1095 800 1257 866 bominem
1277 804 1318 867 sd
1342 802 1441 869 linem
1457 827 1561 871 suum,

352 916 527 980 naturalem
543 914 625 978 baud
642 913 802 987 idoneum,
820 923 929 996 utpote
945 911 998 997 qui
1015 910 1084 976 sine
1102 912 1234 997 speciali
1250 914 1375 1000 gratiae
1396 935 1551 1001 superna·

353 1025 445 1092 turali
480 1045 579 1110 opera
606 1023 760 1111 graviora
782 1021 877 1087 etiam
898 1021 1054 1086 naturalia
1080 1021 1251 1107 perlicere,
1283 1035 1316 1087 et
1345 1023 1553 1111 gravioribus

352 1133 580 1201 tentationibus
596 1133 751 1199 resistere
768 1154 832 1195 non
848 1133 968 1206 valeat,
985 1143 1018 1195 et
1027 1152 1067 1195 ne
1085 1131 1128 1196 sit
1145 1131 1196 1196 tuli
1212 1133 1336 1199 ratione
1352 1147 1552 1220 auctorpee·

351 1244 429 1322 eati,
453 1243 507 1329 qui
521 1243 674 1327 impetum
689 1255 755 1307 tam
770 1243 922 1306 rebellem
932 1254 964 1305 et
978 1240 1129 1325 iniquum,
1153 1241 1289 1329 ideoque
1297 1244 1416 1309 malum
1431 1244 1554 1310 bomini

351 1366 424 1419 ante
441 1354 557 1418 malum
575 1354 646 1437 ejus
663 1351 812 1416 meritum
833 1349 992 1414 indiderit.
1017 1350 1106 1415 Unde
1117 1362 1149 1415 et
1160 1352 1343 1438 philosophi
1358 1353 1479 1420 ethnici
1499 1375 1552 1420 ns·

351 1476 456 1529 turam
473 1474 636 1536 accusant,
652 1481 784 1547 esrnque
801 1458 895 1524 nobis
912 1481 976 1523 non
993 1472 1168 1544 parentem,
1185 1463 1243 1525 sed
1260 1483 1436 1528 novercam
1451 1463 1552 1531 fuisse

351 1571 525 1644 affirmarim
544 1572 629 1656 quod
645 1582 836 1657 argumento
853 1580 918 1643 est,
929 1569 998 1653 jam
1013 1568 1172 1633 rationem
1187 1572 1365 1636 naturalem
1381 1572 1553 1658 suspicari,

351 1694 496 1747 naturam
512 1682 694 1755 humanam,
712 1677 812 1765 qualis
829 1700 914 1743 nurrc
930 1690 992 1752 est,
1008 1680 1102 1743 telem
1118 1701 1185 1743 non
1201 1701 1287 1755 esse,
1303 1679 1349 1745 uti
1365 1680 1553 1747 naturaliter

352 1812 427 1858 esse
444 1792 585 1855 deberet.
1511 1799 1514 1805 ’

460 1900 662 1984 Quapropter
697 1899 768 1983 ipse
799 1896 1070 1973 Bellarminus‚
1108 1898 1163 1983 qui
1198 1899 1390 1966 sententiam
1418 1901 1554 1985 primam

351 2022 470 2105 tuetur,
507 2007 634 2075 scribit:
673 2011 762 2072 Nam
794 2013 918 2071 tametsi
940 2014 1141 2073 calamitates
1165 2013 1301 2074 lantani
1318 2017 1454 2090 panem
1481 2017 1556 2089 fere
1643 2035 1662 2051 ·

353 2143 463 2186 amnes
476 2127 644 2202 potuerint
658 2140 728 2181 esse
743 2124 927 2198 naturales,
947 2125 1034 2196 quod
1044 2124 1226 2199 aroldisset,
1245 2126 1275 2182 si
1290 2121 1382 2184 Dana
1394 2124 1556 2188 amm
1643 2145 1662 2181 .·

352 2237 424 2295 sine
440 2235 597 2309 oripinoli
604 2234 740 2309 justitia
756 2232 792 2289 in
805 2232 901 2307 puris
915 2233 1126 2290 naturalibus
1150 2236 1288 2291 condere
1303 2235 1486 2311 voluissem
1512 2255 1556 2297 ear
1634 2252 1663 2270 ⁴

354 2362 425 2422 pao.
439 2347 608 2422 seqnitur,
638 2351 676 2402 at
701 2349 825 2400 remota
853 2341 1053 2399 revelatione
1081 2342 1209 2412 noina,
1240 2360 1309 2402 non
1330 2346 1443 2420 possit
1468 2356 1555 2407 certo
1630 2359 1663 2396 ⁴

353 2456 473 2531 statui,
492 2455 733 2529 corruptionem
755 2451 929 2509 humanam
948 2467 1086 2525 poenam
1107 2467 1177 2509 esse
1202 2454 1345 2525 pernati:
1370 2462 1482 2516 tamen
1497 2455 1557 2516 aaa
1613 2467 1664 2506 ‘⁴

354 2565 553 2624 revelatione
566 2563 639 2638 jam
661 2562 792 2638 latita,
816 2568 848 2619 et
860 2558 924 2632 fide
940 2560 975 2618 in
991 2560 1110 2618 animis
1130 2577 1266 2620 aceensa
1286 2563 1466 2644 domitas,
1490 2583 1557 2626 nos
1603 2576 1665 2618 .-

352 2666 557 2735 rnadiorriter
581 2673 667 2731 ratio
696 2670 866 2729 nataralia
892 2668 987 2742 fidem
1010 2671 1114 2746 ipsam
1144 2673 1346 2732 corroborat.
1387 2669 1555 2735 Omnino
1616 2685 1662 2722 ⁴

352 2785 457 2845 enias·
481 2783 718 2844 verisimile.
746 2789 821 2852 est,
859 2796 937 2840 non
972 2779 1106 2851 faisse
1134 2777 1257 2841 Deam
1288 2783 1479 2861 optimam
1522 2792 1559 2846 et
1585 2783 1665 2841 Ξ

352 2895 491 2957 nostri.
510 2893 684 2968 penaria
713 2892 1033 2951 amantissimam
1070 2892 1324 2954 condituram
1358 2892 1557 2956 nominent
1598 2902 1661 2947 «1

353 2988 663 3081 tam'mlseram,
704 3019 819 3078 paam
853 3017 958 3060 naar
990 3010 1065 3079 est,
1106 3005 1187 3061 nisi
1223 3006 1382 3080 peceati
1421 3007 1558 3065 nostrl
1587 2996 1661 3053 ὅ

355 3112 1219 3189 mapnitadatalesuppliciammeraisseffl).
1553 3132 1617 3151 ·-’
1655 3127 1660 3139 ·

463 3223 595 3282 Adnot.
618 3222 801 3281 Naturale
823 3220 937 3296 aliquid
961 3220 1065 3279 multis
1087 3221 1186 3280 modis
1209 3221 1270 3283 diei
1289 3231 1404 3298 potest.
1430 3219 1558 3285 llaml.
1579 3257 1658 3277 --

355 3332 528 3393 naturale
546 3349 635 3389 omne
652 3330 839 3406 adpellatur,
869 3329 990 3406 quirum
1008 3329 1072 3388 nati
1094 3348 1216 3401 sumus;
1242 3350 1300 3408 qua
1323 3332 1556 3410 significatione
1604 3338 1654 3377 ἐ

353 3442 486 3502 ‹lioimur
503 3443 539 3499 ab
554 3440 702 3516 Apostolo
719 3448 839 3499 natura
858 3439 922 3513 stlta·
942 3442 1022 3500 irae.
1047 3439 1115 3499 ilos
1134 3441 1222 3499 modo
1238 3441 1394 3516 justitiam
1417 3443 1557 3522 origina-
1601 3458 1653 3477 ⁶·

353 3553 413 3611 lem
430 3552 491 3611 diei
509 3570 599 3627 posse
617 3551 804 3619 naturalem,
828 3550 971 3610 latemur.
998 3551 1061 3610 Sed
1077 3551 1136 3611 hae
1153 3552 1385 3630 significatione
1408 3554 1448 3613 ad
1464 3570 1557 3631 quse·
1610 3568 1651 3587 ··

353 3661 486 3720 stiunam
503 3670 642 3718 nostram
659 3667 826 3734 propterea
841 3678 900 3718 non
918 3661 1043 3730 attinet,
1070 3661 1140 3738 quia
1162 3663 1318 3730 naturale,
1351 3663 1396 3724 ita
1423 3667 1556 3723 sumtum
1612 3667 1649 3710 ³

354 3788 413 3829 non
431 3769 595 3846 opponitur
618 3769 862 3843 supernaturali,
887 3769 1036 3846 siquidem
1058 3770 1147 3829 homo
1171 3780 1231 3830 tam
1254 3790 1323 3831 eum
1350 3773 1556 3843 naturalibus,
1612 3786 1646 3816 ’Δ

354 3897 444 3956 quam
469 3878 758 3954 supernaturalibus
780 3879 868 3937 donis
890 3889 981 3938 natus
1004 3899 1075 3939 esse
1102 3890 1214 3955 potest.
1237 3914 1279 3925 -
1306 3877 1337 3942 2.
1370 3884 1557 3943 Naturale
1617 3890 1643 3920 ⁶⁶

355 3988 415 4048 diei
432 3997 550 4064 potest,
576 3989 655 4064 quod
673 3999 802 4047 naturae
820 3989 983 4067 congruit,
1001 3992 1079 4067 quod
1097 4009 1163 4049 eam
1181 4009 1240 4050 non
1258 3992 1410 4062 destruit,
1436 3992 1492 4052 sed
1508 4010 1557 4051 or.-

354 4106 407 4156 nat
428 4115 464 4155 ae
485 4098 617 4173 perlicit.
646 4101 694 4157 De
716 4099 863 4179 naturali,
888 4100 979 4158 etiam
1006 4101 1065 4160 hoo
1101 4102 1188 4160 modo
1217 4111 1362 4177 arrepto,
1397 4104 1483 4162 nulla
1511 4111 1558 4161 est

354 4207 510 4283 quaestio,
528 4225 618 4283 quum
641 4208 791 4283 ejusmodi
807 4211 949 4267 naturale
966 4211 1085 4285 pariter
1106 4228 1163 4268 non
1183 4211 1429 4286 supernaturali,
1446 4213 1503 4272 sed
1518 4211 1556 4280 ei,

354 4316 433 4393 quod
451 4326 500 4375 est
517 4327 649 4377 eontra
665 4327 829 4376 naturam
862 4315 1079 4398 (uuuatirllrb,
1102 4316 1350 4401 miltruattlrlitb)
1376 4331 1556 4399 opponatur.

464 4571 489 4649 ¹)
506 4570 589 4633 Hist.
608 4571 699 4633 Oona.
721 4570 804 4634 Tricl.
823 4572 842 4635 l.
859 4575 889 4635 8.
907 4592 931 4634 o.
950 4575 998 4635 13.
1016 4593 1046 4636 n.
1065 4575 1091 4636 7.
1110 4571 1203 4635 Antv.
1224 4570 1320 4638 1673.
1337 4575 1374 4638 Ρ.
1392 4573 1424 4636 2.
1443 4597 1469 4640 e.
1481 4572 1553 4638 297.

355 4698 398 4709 -
416 4657 444 4745 ²)
460 4666 509 4723 De
525 4659 631 4723 omiss.
646 4668 725 4736 prot.
749 4669 777 4720 et
791 4669 859 4725 stat.
879 4682 962 4736 peae.
980 4665 999 4727 l.
1018 4665 1046 4727 6.
1064 4683 1089 4726 a.
1107 4665 1156 4728 15.
1173 4684 1203 4728 n.
1222 4667 1271 4728 12.
1289 4664 1463 4740 Dianam
1483 4672 1556 4728 conl.

356 4751 471 4817 Christ.
480 4752 540 4830 fid.
553 4749 603 4814 ed.
619 4751 712 4830 Prag.
732 4749 828 4816 1721.
846 4754 883 4812 T.
902 4750 933 4818 4.
949 4775 980 4833 p.
997 4751 1073 4816 213.
1092 4755 1152 4817 ool.
1168 4752 1199 4819 2.
1224 4753 1270 4820 Of.
1287 4754 1411 4821 Thom.
1436 4760 1466 4822 1.
1482 4761 1511 4818 2.
1528 4777 1556 4832 q.

354 4846 405 4909 82.
422 4851 481 4911 art.
496 4848 527 4911 3.
544 4841 625 4927 Opp.
642 4841 684 4903 tt.
701 4845 739 4905 Τ.
757 4840 809 4907 21.
827 4865 857 4928 p.
874 4840 951 4908 427.
969 4853 996 4904 at
1011 4848 1039 4911 1.
1057 4849 1086 4909 2.
1105 4867 1133 4926 q.
1150 4848 1202 4911 86.
1218 4853 1277 4910 art.
1296 4850 1325 4913 1.
1342 4854 1371 4909 et
1385 4850 1417 4912 2.
1434 4869 1466 4932 p.
1482 4843 1564 4913 437,
