3775 5625
1419 430 1485 498 319

326 602 461 657 secato
479 577 610 709 (ῡζίζξ)
633 598 799 656 animam
821 615 932 656 sesam
954 592 997 674 (si
1017 591 1140 677 ipsese
1158 593 1484 660 leceritsacrilicium

326 793 352 835 ·o
370 769 515 850 delicto),
531 772 651 832 videbit
665 790 774 831 serum
790 771 981 848 lenpaevum
999 768 1098 852 (filios
1115 770 1296 856 spirituales
1320 771 1484 837 nancisce-

326 901 344 942 r
360 879 543 967 plurimos).
561 916 604 927 —
621 880 662 941 In
677 885 814 941 seientia
830 899 894 940 sam
911 884 985 962 (per
1001 878 1201 967 religionem,
1220 900 1313 967 quam
1329 881 1484 960 docebit.)

326 993 568 1071 tsttflcabtte'pse
589 993 711 1065 justus
742 1008 860 1049 servus
891 1008 983 1049 meus
1015 990 1149 1068 rnultos,
1183 997 1216 1050 et
1245 996 1485 1072 iniquitates

326 1120 427 1162 rrum
457 1107 544 1180 ipse
571 1099 755 1178 portattt
785 1093 818 1176 (i.
851 1115 878 1159 e.
910 1116 1033 1180 poenas
1054 1096 1197 1181 peccatis
1223 1118 1336 1162 eorum
1358 1097 1482 1164 debitas

326 1219 361 1271 et
370 1210 402 1288 ¹).
442 1210 520 1269 Ideo
543 1211 733 1287 dispertiam
754 1213 783 1267 et
801 1207 984 1285 plurimos:
1017 1215 1050 1269 et
1061 1212 1202 1286 fortium
1220 1211 1339 1271 diridet
1361 1212 1483 1290 spolio,

332 1329 457 1380 etentes
475 1315 631 1379 obtinebit
646 1315 824 1400 praedam),
837 1337 900 1395 pro
919 1337 956 1377 eo
974 1320 1063 1399 quod
1077 1320 1249 1379 tradidit
1266 1325 1307 1380 tm
1323 1327 1485 1381 mortem

326 1435 463 1490 ntmam
480 1448 608 1503 suom,
627 1433 666 1486 et
681 1448 764 1487 curn
780 1427 998 1488 sceleratis
1019 1435 1234 1508 reputatus
1255 1436 1317 1490 est
1332 1435 1485 1508 (mortem

336 1548 409 1599 oute
441 1533 520 1599 obiit
543 1534 630 1598 velut
655 1535 694 1598 ad
716 1535 855 1597 classem
876 1536 1108 1599 sceleratorum
1131 1535 1311 1619 pertinens)
1344 1546 1486 1620 etipse

326 1654 458 1708 rosata
490 1647 707 1707 multorum
739 1630 982 1761 ταὶἑέθζζῖᾆ),
1006 1654 1044 1708 et
1057 1667 1130 1728 pro
1153 1654 1481 1726 transpressort-

326 1830 538 1902 tsroqaott
566 1822 615 1904 (et
646 1843 705 1906 pro
727 1822 953 1907 peccatoribus
979 1822 1227 1904 intercessit)⁸).
1259 1824 1296 1887 ln¹
1315 1845 1378 1909 quo
1399 1825 1483 1901 loco,

326 1947 387 1996 em
419 1932 458 1995 ad
488 1932 643 1997 Messiam
673 1931 807 2006 referri,
839 1931 915 1996 alibi
946 1931 1210 2007 monstravimus,
1230 1945 1295 1997 tam
1318 1935 1401 1999 clare
1427 1935 1482 1998 do·

326 2061 370 2105 na
398 2054 545 2105 nostrum
576 2041 775 2116 enuntiatur,
808 2054 842 2105 ut
872 2042 1034 2107 caecutire
1066 2041 1099 2105 in
1132 2041 1307 2107 meridiana
1338 2045 1408 2108 luce
1437 2044 1482 2108 di-

326 2152 413 2215 ndus
437 2163 535 2225 esset,
557 2150 657 2235 quiid
673 2171 793 2239 negare
817 2152 921 2215 vellet.
961 2152 1042 2215 Nam
1073 2150 1220 2215 omnihus
1235 2150 1298 2215 illis'
1314 2153 1483 2218 sententiis

326 2260 369 2323 mil
397 2262 481 2326 aliud
513 2260 735 2349 significatur,
771 2281 866 2345 quam
903 2261 1005 2325 istud:
1042 2261 1181 2326 Messias
1217 2274 1372 2326 venturus
1397 2253 1482 2349 'pec-

327 2377 366 2434 ta
393 2369 557 2435 hominum
588 2370 745 2455 expianda
775 2370 807 2433 in
839 2390 875 2434 se
903 2370 1072 2454 suscipiet,
1104 2391 1227 2455 poenas
1265 2370 1327 2435 illis
1359 2371 1483 2437 debitas

327 2495 354 2540 ι·
372 2478 557 2564 passionem
580 2492 612 2543 et
631 2491 769 2542 mortem
786 2499 877 2543 suam
893 2478 1020 2543 illorum
1036 2478 1109 2542 loco
1126 2480 1258 2564 pendet,
1280 2478 1392 2565 sicque
1413 2478 1481 2544 effi·

326 2601 371 2664 et,
387 2601 420 2653 ut
435 2589 553 2653 iterum
570 2609 588 2652 a
603 2588 745 2674 peccatis
766 2588 892 2653 liberati
913 2587 1082 2652 sanitatem
1099 2588 1268 2681 consequi,
1284 2590 1482 2676 salutemque

326 2715 383 2761 am
398 2719 456 2783 per
471 2698 674 2785 religionem,
691 2718 784 2783 quam
801 2718 860 2762 eos
876 2700 1052 2762 edocturus
1069 2710 1137 2773 est,
1156 2698 1285 2785 operari
1300 2712 1424 2784 queant.
1442 2738 1485 2748 --

326 2828 394 2872 uro
409 2807 442 2872 iu
459 2808 601 2872 enuntiat
616 2811 791 2873 loannes
807 2809 853 2884 tt,
870 2831 932 2894 quo
956 2811 1061 2894 major
1083 2830 1147 2872 non
1170 2807 1313 2873 surrexit
1327 2807 1411 2874 inter
1428 2832 1481 2875 na·

326 2919 582 2997 silentiumne),
614 2919 667 2982 uhi
699 2919 875 3004 discipulos
897 2940 976 2983 suos
1008 2921 1047 2983 acl
1069 2918 1231 2984 Christum
1248 2920 1402 3008 ablegans
1423 2919 1482 2984 ait:

326 3047 382 3090 ree
414 3051 539 3108 aymus
569 3032 664 3108 Det,
699 3051 772 3090 ecce
792 3036 857 3113 qut
880 3032 1214 3110 totlitpeccatum
1238 3033 1392 3109 rnumda',
1416 3029 1481 3094 ie.

326 3132 409 3212 lete,
432 3138 484 3201 hic
501 3149 551 3201 est
566 3137 618 3201 ille
633 3158 731 3201 verus
749 3158 852 3224 agnus
869 3137 1073 3212 sacrificalis,
1094 3140 1191 3222 jussu
1206 3138 1266 3202 Dei
1292 3138 1353 3223 ipsi
1370 3137 1481 3201 immo·

326 3247 412 3322 relus,
429 3266 448 3310 a
464 3246 633 3330 Prophetis
651 3247 746 3310 toties
763 3247 967 3332 praedictus,
991 3245 1160 3311 sacrificiis
1183 3247 1282 3335 Legis
1304 3245 1481 3334 praesigni·

326 3366 415 3430 ntus,
447 3356 499 3440 qui
530 3376 594 3419 non
625 3356 740 3420 delicta
757 3355 874 3431 civilia,
908 3357 965 3420 sed
997 3367 1130 3440 peccata
1151 3355 1250 3420 totius
1271 3355 1394 3429 mundi,
1417 3378 1482 3419 non

326 3469 428 3540 τικῶς,
445 3467 502 3529 sed
518 3486 634 3530 revera
652 3465 813 3530 ablaturus
830 3478 880 3530 est
887 3471 924 3546 ⁴).
950 3504 989 3514 —-
1018 3467 1104 3530 ldem
1121 3464 1283 3554 significat
1300 3465 1484 3530 Christus

326 3590 374 3651 te,
389 3595 461 3640 cum
484 3575 616 3640 calicem
637 3575 669 3638 in
690 3575 799 3639 ultima
820 3596 923 3640 coena
943 3575 1109 3661 Apostolis
1131 3574 1306 3662 porrigens
1327 3574 1386 3639 ait:
1419 3577 1484 3638 Hic

326 3688 341 3739 l
366 3694 448 3748 enim
469 3694 606 3765 sompnis
626 3708 719 3749 meus
740 3694 815 3749 novi
839 3694 1041 3767 testamenti,
1064 3685 1083 3750 i.
1105 3707 1133 3750 e.
1155 3707 1217 3772 quo
1235 3706 1352 3749 novum
1369 3686 1483 3749 foedus

326 3808 377 3857 'ser
390 3796 493 3859 Deum
509 3808 542 3859 et
554 3795 700 3860 homines
717 3796 860 3860 sancitur
876 3818 915 3862 ac
932 3795 1161 3871 confirmatur,
1177 3804 1244 3880 qut
1256 3819 1329 3878 pro
1346 3798 1485 3858 rnuttts

326 3886 533 3979 'fundetur
566 3901 779 3989 (ἐκχυνόμενον,
803 3912 952 3989 effusus)
974 3915 1013 3971 tn
1039 3914 1315 3970 remissionem
1336 3928 1483 3987 peeca-

330 4030 438 4096 rsm,
465 4016 484 4080 i.
506 4038 534 4081 e.
557 4018 609 4102 qui
631 4018 724 4082 nobis
757 4017 926 4081 exhibetur
942 4029 1102 4102 tamquam
1118 4015 1149 4079 in
1166 4014 1391 4079 remissionem
1408 4034 1481 4102 pec-

326 4126 438 4189 torum
454 4148 514 4211 pro
531 4147 653 4215 genere
669 4129 807 4191 humano
824 4126 960 4202 effusus,
982 4148 1039 4191 seu
1063 4139 1096 4190 ut
1116 4124 1310 4192 sacrificium
1332 4147 1392 4209 pro
1408 4144 1481 4210 pec·

326 4230 374 4296 tis
390 4235 515 4299 oblatus
523 4241 560 4315 ⁵).
585 4239 627 4300 Et
643 4237 704 4301 alia
720 4237 911 4301 occasione:
944 4239 1055 4299 Filius
1077 4240 1216 4298 hominis
1236 4257 1303 4298 mon
1317 4243 1405 4299 venit
1418 4245 1482 4297 mt-

326 4352 447 4425 strare,
480 4350 541 4408 sed
569 4355 775 4427 ministrare,
810 4356 843 4410 et
873 4351 969 4409 dere
1008 4353 1173 4408 animum
1213 4344 1338 4425 (vitam)
1371 4365 1483 4409 suam

326 4535 561 4560 μμ...-

400 4642 426 4723 ¹)
446 4639 490 4700 cf.
507 4641 584 4702 Lev.
601 4637 632 4722 5,
652 4639 680 4701 1.
700 4639 751 4711 19,
769 4639 802 4703 8.
818 4636 872 4715 20,
892 4637 943 4703 17.
961 4638 1015 4715 24,
1035 4637 1077 4702 14
1093 4661 1132 4702 se.
1164 4638 1279 4701 Ezech.
1299 4637 1349 4713 18,
1367 4637 1420 4703 20.
1438 4677 1482 4689 --

327 4757 328 4762 ’
358 4729 656 4812 ¹)ts.53,4-12.
692 4769 732 4777 —
768 4730 917 4815 ³)Matth.
938 4730 990 4806 11,
1011 4730 1060 4794 11.
1089 4766 1133 4778 -
1159 4733 1187 4812 ⁴)
1203 4731 1294 4802 Joan.
1315 4728 1481 4806 1,29.-

338 4818 450 4887 Matth.
468 4820 521 4896 26,
539 4820 592 4886 28.
609 4824 703 4884 Marc.
723 4819 775 4895 14,
792 4821 846 4888 24,
863 4822 909 4886 cf.
929 4821 959 4887 1.
976 4822 1048 4886 (lor.
1067 4819 1120 4924 ll,
1138 4819 1192 4889 24.
