3775 5625
1216 399 1220 406 ’
1259 459 1299 558 g
1461 417 1524 483 561

351 626 391 633 -
407 585 529 650 Deinde
546 586 574 650 si
590 586 728 650 charitas
741 606 839 651 causa
849 584 992 649 formalis
1003 582 1242 669 justificationis
1258 595 1318 659 est,
1333 582 1378 648 ita
1393 596 1427 646 ut
1442 582 1526 666 prin·

349 694 493 779 cipaliter
503 693 628 778 justitia
642 714 719 759 vera
734 706 766 759 et
782 693 962 759 Christiana
976 691 1009 756 in
1026 692 1177 758 charitate
1194 691 1365 766 consistat,
1382 691 1528 755 meritum

348 825 406 867 seu
421 824 504 886 opus
515 804 639 886 justum
656 823 779 888 quoque
795 801 1020 886 principaliter*
1038 822 1079 866 ex
1101 799 1254 864 charitate
1269 801 1409 885 pendere
1426 801 1529 872 dehet,

347 910 600 996 quandoquidem
616 909 790 995 praemium
809 910 891 973 vitae
914 920 1061 973 aeternae
1082 905 1157 971 nihil
1173 908 1322 973 est.alind
1338 929 1431 993 quam
1447 928 1528 971 mer·

348 1041 403 1083 ces
420 1032 452 1083 et
467 1040 589 1084 corona
599 1018 752 1103 justitiae.
768 1019 811 1081 Et
826 1039 903 1082 sane
924 1038 1023 1120 opqa
1033 1018 1205 1101 justorum,
1222 1039 1302 1103 quae
1318 1039 1360 1081 ex
1377 1017 1528 1082 charitate

348 1149 411 1191 non
430 1126 524 1203 liunt,
545 1149 564 1192 a
585 1126 740 1191 similibus
762 1126 912 1212 operibus
929 1148 993 1190 non
1010 1127 1173 1210 justorum
1188 1124 1527 1212 haudquaquanuliffe·

346 1248 428 1309 runt,
460 1248 493 1299 ct
523 1235 600 1299 ideo'
620 1247 683 1299 tam
708 1257 821 1319 parurn
844 1256 937 1320 qnam
959 1235 1041 1298 haec
1062 1255 1137 1298 vere
1160 1255 1199 1299 ae
1219 1233 1348 1318 proprie
1365 1232 1530 1298 meritoria

346 1365 420 1407 esse
436 1356 582 1427 possunt.

454 1451 484 1513 5.
509 1451 651 1515 Tandem
682 1450 894 1535 promissio
925 1451 1029 1516 vitae
1053 1462 1233 1515 aeternae
1265 1450 1456 1518 divinitus
1481 1450 1528 1513 sa·

347 1574 416 1624 cta.
440 1558 567 1622 Etenim
582 1571 619 1622 ut
633 1580 652 1623 a
668 1559 737 1623 Deo
754 1560 935 1623 mercedem
952 1558 1040 1645 qnasi
1051 1560 1126 1643 jure
1143 1558 1275 1645 exigere
1291 1558 1464 1643 possimus,
1479 1579 1528 1622 re·

312 1649 314 1652 ⁵
346 1668 481 1753 quiritur
498 1688 539 1732 ex
554 1680 644 1752 parte
660 1668 720 1732 Dei
738 1667 841 1753 aliqua
856 1668 894 1730 ad
910 1667 996 1732 illam
1011 1668 1204 1732 reddendam
1220 1666 1381 1754 obligatio.
1412 1669 1531 1731 Verum

345 1777 432 1840 Dens
454 1777 492 1840 ad
513 1774 689 1861 praemium
705 1775 798 1862 nohis
814 1775 1053 1840 retribuendum
1069 1775 1205 1862 obligari
1224 1776 1391 1840 manifeste
1414 1777 1531 1862 nequit,

346 1884 407 1949 nisi
423 1885 617 1969 promissum
632 1884 716 1949 illius
732 1884 859 1957 lecerit3
876 1906 972 1969 quum
987 1883 1058 1967 ipse
1075 1905 1116 1949 cx
1132 1883 1226 1948 honis
1242 1883 1394 1969 operibus
1410 1885 1531 1949 nostris

332 1985 463 2057 ¹nullum
495 1994 697 2057 commodum
728 1992 883 2077 percipiat
893 1995 928 2073 ¹),
960 2004 992 2057 et
1012 1992 1145 2077 insuper
1164 1993 1244 2057 haee
1265 1992 1307 2056 sit
1327 1994 1403 2057 honi
1424 1994 1532 2078 operis

344 2102 478 2177 indoles,
495 2114 529 2164 nt
539 2102 595 2185 jus
611 2102 723 2165 saltem
738 2102 915 2185 perfectum
932 2103 1115 2165 mercedem
1137 2101 1286 2188 exigendi
1307 2101 1399 2166 nohis
1416 2124 1530 2189 nequa·

345 2232 438 2296 quam
448 2210 574 2275 tribuat.
592 2213 791 2294 Quapropter
809 2223 841 2274 et
852 2185 1069 2275 Concilium
1085 2210 1364 2275 Tridentinum
1381 2212 1532 2286 declarat,

335 2325 532 2401 Jaatificatr's
550 2323 796 2401 proponendam
818 2340 890 2381 eoae
912 2326 1011 2381 eitam
1033 2329 1201 2382 aeternam
1217 2328 1251 2382 et
1264 2304 1429 2401 tamqnam
1448 2343 1532 2399 pra·

346 2437 425 2491 tiam
438 2432 518 2509 filiis
533 2430 595 2490 Ilei
607 2450 668 2510 per
688 2428 855 2491 Christum
873 2429 991 2489 Jeeam
1008 2432 1263 2491 misericorditer
1276 2436 1489 2510 promissam,
1504 2439 1537 2492 et

346 2548 512 2620 tamqnam
528 2540 706 2600 mercedem
723 2559 774 2600 ea
789 2544 921 2619 ipeiae
942 2540 1014 2601 lter
1032 2545 1304 2617 promicetone
1326 2541 1419 2599 bonta
1439 2545 1533 2619 ipso·

344 2669 419 2708 ram
436 2649 589 2727 operibus
603 2655 638 2709 et
650 2653 776 2708 meritis
785 2649 925 2726 fideliter
946 2648 1154 2711 reddendam.
1183 2646 1225 2708 Et
1245 2644 1336 2709 Pius
1351 2646 1389 2708 V.
1406 2646 1532 2709 damna·

347 2754 395 2818 vit
410 2752 589 2839 oppositam
604 2753 673 2838 Baji
688 2752 893 2818 sententiam:
926 2752 1024 2817 Siout
1038 2775 1120 2836 opas
1135 2756 1258 2816 malam
1274 2775 1396 2817 ecana
1411 2763 1534 2818 natura

350 2873 402 2927 eat
430 2870 545 2925 mortis
577 2871 731 2926 aeternae
756 2870 976 2941 meritorium,
1001 2870 1051 2924 sic
1074 2866 1193 2925 bonam
1216 2884 1299 2943 opas
1320 2885 1368 2924 ea
1390 2872 1535 2924 natura

350 2995 424 3035 ena
440 2980 492 3034 eet
504 2979 589 3033 ritae
605 2950 757 3033 aeternae
772 2977 975 3032 meritoriam
985 2966 1021 3054 ²).

431 3127 434 3133 ·
458 3080 507 3144 Ad
524 3099 605 3162 opus
621 3077 818 3142 meritorium
834 3079 873 3141 de
889 3098 1035 3164 congruo
1052 3100 1116 3142 non
1131 3076 1260 3163 requiri,
1275 3078 1400 3141 utillud
1416 3099 1458 3143 cx
1469 3101 1534 3143 mo·

350 3188 416 3252 tivo
433 3169 597 3252 charitatis
613 3188 776 3272 procedat,
793 3209 894 3273 neque
909 3185 1159 3272 promissionem
1175 3185 1312 3250 divinam
1334 3199 1405 3252 csse
1423 3209 1533 3252 neces·

351 3295 484 3371 sariam,
507 3296 645 3380 reliquas
668 3307 773 3360 autem
798 3295 999 3361 conditiones
1020 3295 1128 3380 operis
1144 3293 1299 3359 meritorii
1319 3296 1357 3359 de
1374 3296 1534 3383 condigno

352 3417 386 3468 ct
399 3404 431 3468 in
446 3405 509 3468 hoc
525 3405 630 3467 locum
646 3403 799 3478 obtinere,
816 3425 874 3489 per
890 3425 925 3468 se
942 3403 1033 3469 facile
1050 3402 1245 3490 intelligitur.

463 3681 489 3754 ¹)
508 3674 719 3750 0110135,
743 3674 772 3738 l.
803 3680 890 3738 Rom.
910 3675 961 3750 11,
979 3674 1031 3738 35.
1065 3713 1107 3721 -
1141 3673 1166 3759 ²)
1188 3680 1283 3755 Prop.
1302 3682 1331 3737 2.
1366 3676 1534 3739 cellach.

351 3763 406 3849 20,
423 3764 454 3829 2.
472 3766 540 3829 Jac.
559 3766 587 3841 1,
606 3764 657 3829 12.
688 3767 889 3847 Augustin.
920 3768 1017 3829 Serm.
1035 3770 1104 3830 158.
1120 3788 1150 3830 n.
1167 3772 1196 3830 2.
1213 3765 1293 3848 Opp.
1311 3765 1350 3829 Τ.
1368 3765 1399 3829 5.
1417 3789 1441 3830 c.
1460 3766 1534 3830 761.

352 3868 384 3917 et
399 3858 439 3918 al.
456 3857 502 3918 Of.
518 3859 689 3918 Bellarm.
707 3858 894 3937 Dejastific.
912 3860 931 3923 l.
948 3861 975 3919 5.
995 3879 1018 3918 c.
1037 3861 1170 3919 10-15.
1202 3861 1252 3917 De
1268 3865 1398 3918 controv.
1418 3859 1534 3918 Christ.

344 3948 404 4024 fid.
421 3949 514 4025 Prag.
532 3945 627 4009 1721.
644 3949 681 4010 Τ.
698 3949 728 4009 4.
746 3971 775 4028 p.
791 3946 857 4011 568
874 3970 914 4009 se.

785 4257 834 4323 θ.
849 4254 900 4322 Δ.
915 4257 972 4324 Μ.
987 4256 1041 4322 1).
1058 4254 1105 4322 G.
