3775 5625
343 393 411 459 440

447 558 499 621 Ex
515 556 608 622 dictis
624 570 727 621 autem
745 577 807 620 nna
823 554 993 643 colligitur,
1009 576 1068 639 per
1085 554 1264 621 doctrinam
1283 557 1480 623 Catholicam
1493 558 1528 621 de

342 680 455 732 nostra
466 665 695 750 justificatione
713 664 828 729 mortis
845 664 964 730 Christi
987 664 1122 748 pretium
1147 686 1185 729 ac
1205 665 1358 732 virtutem
1374 668 1455 731 adeo
1471 688 1528 730 non

347 775 517 842 obscurari
541 787 595 838 ant
621 774 780 847 imminui,
807 786 839 837 nt
855 773 962 857 potius
978 795 1037 857 per
1053 774 1155 859 ipsam
1173 789 1329 863 augeatur
1347 789 1380 839 et
1399 775 1529 839 illustre·

270 941 279 960 ,
343 900 403 952 tur.
429 883 629 971 Insigniores
645 884 729 947 enim
746 896 856 967 aperte
873 896 949 947 snm
965 881 1110 957 affectus,
1127 906 1208 969 qnos
1226 884 1375 968 passioni
1392 883 1529 948 Domini·

344 1016 400 1061 cae
418 991 560 1058 attribuit
576 991 721 1056 doctrina
739 991 911 1067 Catholica,
929 1013 1021 1077 qnam
1039 1014 1120 1078 quos
1134 992 1239 1056 eidem
1256 993 1414 1058 adscribit
1424 996 1530 1057 Prote-

290 1129 292 1132 ·
344 1102 495 1167 stantium
525 1100 680 1165 doctrina.
710 1102 799 1165 Unde
825 1122 902 1164 vere
919 1099 950 1163 hi
967 1122 1031 1164 non
1048 1102 1264 1185 perpendunt,
1286 1101 1362 1187 quid
1379 1115 1532 1177 asserant,

344 1214 470 1298 quando
488 1212 698 1284 contendunt,
719 1209 866 1293 injuriam
888 1208 1060 1302 meritiset
1070 1210 1216 1295 justitiae
1233 1210 1354 1276 Christi
1370 1211 1495 1286 inferri,
1509 1211 1532 1276 si

344 1323 507 1394 doceatur,
539 1318 698 1382 hominem
731 1340 788 1402 per
808 1318 1026 1381 inhaerentem
1044 1318 1200 1403 justitiam
1217 1318 1413 1403 justificari3
1447 1332 1534 1405 atquc

342 1428 524 1493 hominibus
541 1426 746 1492 occasionem
763 1427 967 1511 superbiendi
983 1428 1141 1511 praeberi,
1159 1428 1186 1492 si
1204 1430 1357 1503 tradatur,
1373 1430 1534 1514 propriam

343 1544 435 1623 ipsos
457 1550 550 1622 atque
573 1536 791 1600 inhaerentem
807 1536 965 1621 justitiam
982 1521 1110 1601 hahere
1149 1538 1230 1602 Nam
1248 1537 1323 1601 nihil
1341 1538 1535 1603 detrahimus

345 1646 464 1713 Christi
496 1645 635 1719 meritis,
668 1668 740 1711 cum
766 1667 808 1709 ex
833 1645 959 1709 illorum
981 1646 1097 1710 virtute
1114 1660 1146 1710 et
1162 1646 1307 1712 efficacia
1324 1646 1535 1712 confiteamur
1571 1637 1574 1644 ¹

339 1755 496 1841 justitiam
513 1767 657 1819 nostram
675 1754 805 1818 omnino
823 1758 972 1839 pendere.
1009 1758 1074 1820 Sed
1090 1756 1267 1820 adversarii
1283 1757 1420 1821 multum
1437 1759 1534 1821 detra·

344 1868 422 1930 hunt
437 1867 476 1929 de
494 1864 612 1930 Christi
628 1864 749 1953 gloria,
772 1886 843 1928 curn
860 1864 1035 1939 affirmant,
1053 1887 1124 1929 eum
1142 1887 1205 1928 non
1222 1865 1369 1950 potuisse
1387 1863 1450 1931 suri
1466 1868 1534 1930 ohe·

345 1972 517 2039 atentiam
533 1986 637 2038 morte
654 1974 837 2058 impetrare,
854 1986 888 2037 ut
902 1988 1037 2059 peccata
1054 1986 1167 2039 nostra
1181 1996 1258 2039 vere
1275 1976 1399 2049 deleat,
1417 1996 1536 2060 nosque

344 2085 384 2148 ad
399 2104 508 2148 veram
520 2083 678 2168 justitiam
695 2084 865 2157 reformet;
897 2096 930 2147 et
951 2086 1022 2168 plus
1045 2085 1188 2148 tribuunt
1208 2097 1340 2149 satanae
1363 2086 1406 2148 ad
1422 2105 1535 2149 nocen-

346 2195 431 2268 dum,
448 2215 541 2279 quam
557 2193 687 2259 Christo
704 2195 744 2257 ad
761 2195 945 2258 curandum.
987 2193 1109 2257 Deinde
1137 2206 1224 2258 certe
1246 2194 1330 2257 haud
1352 2194 1537 2279 superbiunt

346 2302 519 2379 Catholici,
552 2305 677 2388 quando
700 2314 823 2375 tenent,
846 2324 882 2367 so
905 2324 948 2365 ex
963 2285 1054 2366 'dono
1075 2303 1134 2367 Dei
1150 2303 1268 2367 hahere
1279 2301 1461 2387 justitiam,
1476 2302 1497 2367 i.
1511 2324 1536 2367 e.

348 2412 535 2478 charitatem
556 2411 588 2475 in
610 2414 709 2476 corde
736 2410 882 2475 diffusam
905 2432 964 2495 per
987 2410 1140 2495 Spiritum
1162 2415 1213 2485 S.,
1231 2412 1271 2474 oh
1288 2410 1407 2476 merita
1423 2411 1538 2477 Christi

345 2542 405 2605 pro
429 2518 522 2584 nohis
543 2520 632 2604 passi
648 2532 681 2584 et
697 2519 853 2585 crncifixi.
893 2523 942 2584 Au
964 2542 1028 2612 non
1045 2519 1152 2604 potius
1169 2519 1345 2584 adversarii
1360 2518 1538 2585 incredibili

346 2642 471 2694 tumore
493 2629 695 2713 superbiunt,
727 2629 779 2714 qui
806 2650 841 2692 se
862 2628 964 2714 ipsius
982 2628 1100 2694 Christi
1112 2628 1270 2713 justitiam
1286 2629 1539 2714 apprehendisse

341 2738 501 2823 jactitant,
519 2750 551 2802 et
566 2740 640 2802 inde
658 2760 693 2802 se
710 2737 886 2822 Apostohs,
903 2740 936 2803 Β.
953 2739 994 2802 Μ.
1011 2737 1152 2826 Virgini,
1172 2738 1237 2801 imo
1252 2737 1316 2822 ipsi
1339 2738 1475 2804 Christo
1491 2760 1538 2803 ac-

348 2869 445 2934 quare
462 2849 543 2912 haud
560 2848 733 2912 formidant
745 2850 791 2925 ¹)?

347 3109 373 3189 t.
391 3105 458 3174 or.
492 3103 652 3173 Gratia
681 3102 954 3185 jussiacum
987 3105 1061 3173 est
1093 3106 1264 3174 donum
1304 3104 1541 3175 stabiliter

843 3228 1051 3284 manens.

454 3408 563 3473 Altera
594 3419 671 3470 uota
701 3406 826 3493 gratiae
843 3405 1051 3491 justificantis
1075 3419 1143 3481 est,
1160 3406 1245 3470 illam
1262 3406 1384 3492 aliquid
1400 3407 1499 3473 fixam
1513 3421 1541 3473 at

346 3518 502 3583 stabiliter
520 3537 652 3581 maneus
673 3515 705 3579 in
729 3515 823 3580 nohis
846 3537 935 3590 esse,
960 3537 1039 3601 quae
1056 3515 1129 3580 inde
1146 3536 1164 3580 a
1180 3517 1311 3582 saeculo
1328 3518 1399 3582 Xll.
1419 3518 1538 3583 nominc

345 3625 501 3690 habitus
528 3625 681 3710 explicari
704 3625 818 3709 coepit.
859 3626 1057 3690 Sententiam
1080 3626 1161 3691 hanc
1183 3624 1305 3711 pariter
1326 3628 1367 3691 ad
1394 3630 1539 3716 dogmata

344 3733 512 3798 Ecclesiae
530 3734 712 3799 Catholicae
729 3734 902 3819 pertinere,
919 3736 994 3800 mdli
1016 3735 1208 3810 dubitamus,
1225 3737 1373 3821 quamvis
1391 3738 1424 3802 id
1442 3740 1536 3803 Theo·

346 3843 414 3930 logi
437 3844 526 3908 multi
549 3857 684 3931 negent,
711 3844 784 3930 quin
807 3857 912 3909 tamen
935 3847 1103 3910 veritatem
1121 3846 1300 3910 sententiae
1316 3846 1426 3930 ipsius
1447 3849 1535 3934 impu·

346 3967 455 4040 guent.
480 3953 608 4018 Etenim
624 3953 700 4018 licet
716 3953 894 4018 Concilium
928 3954 1202 4019 Tridentinum
1226 3976 1244 4019 a
1259 3955 1401 4022 vocibus
1417 3962 1536 4021 tottam

346 4074 378 4126 et
392 4066 537 4147 qualitas
555 4071 685 4125 animae
701 4070 865 4144 impressa
881 4062 912 4125 in
931 4064 1063 4126 decreto
1081 4064 1119 4126 de
1132 4062 1368 4146 justificatione
1386 4066 1532 4130 abstinue-

344 4171 404 4236 rit:
421 4184 527 4236 tamen
543 4171 618 4235 talia
635 4173 674 4235 de
684 4171 789 4258 gratia
800 4170 1000 4255 justificante
1017 4171 1198 4256 proposuit,
1215 4185 1250 4236 ut
1266 4173 1401 4240 minime
1419 4175 1530 4241 drrbiun

345 4303 419 4345 esse
435 4280 550 4365 possit,
567 4280 704 4367 gratiam
722 4293 849 4367 gratnm
867 4281 1036 4345 facientem
1048 4283 1142 4366 juxta
1158 4280 1260 4365 ipsius
1274 4295 1420 4349 mentem
1436 4306 1471 4349 ac
1485 4285 1528 4345 do·

345 4390 479 4454 ctrinam
512 4389 636 4454 animae
667 4390 834 4453 inhaerere
857 4411 915 4473 per
937 4393 1066 4455 modum
1083 4390 1225 4466 habitus,
1258 4413 1401 4477 esseque
1425 4394 1525 4458 animae

345 4499 525 4585 qualitatem
540 4511 790 4581 permanentem,
804 4518 992 4584 quamquam
1003 4521 1101 4564 verns
1112 4521 1150 4564 ac
1160 4500 1316 4584 proprius
1328 4503 1462 4576 habitus,
1477 4501 1493 4564 i.
1503 4520 1521 4559 e.

344 4608 493 4691 expedita
510 4606 625 4670 mentis
642 4610 680 4671 ad
698 4608 815 4670 honum
833 4608 1037 4691 proclivitas,
1062 4610 1162 4694 qualis
1180 4622 1230 4673 est
1247 4612 1403 4675 naturalis
1419 4610 1518 4676 babitus

379 4874 381 4878 >
458 4845 480 4924 ¹)
497 4843 542 4904 Cf.
560 4844 713 4911 Luther.
731 4845 828 4907 Serra.
848 4849 884 4905 dc
898 4848 993 4908 natal.
1010 4849 1050 4909 B.
1067 4848 1109 4910 M.
