3775 5625
1463 423 1530 492 386

343 603 431 674 agat.
472 591 586 669 Quodsi
610 601 710 652 autem
732 611 750 651 a
774 593 840 650 Deo
859 592 1006 666 ejusmodi
1023 595 1232 653 conceduntur
1249 594 1395 666 subsidia,
1412 613 1448 652 ea
1466 596 1529 673 qui-

343 704 414 762 dem
432 703 603 762 faciliorem
620 702 746 761 efficere
764 703 909 783 laborem,
926 712 989 761 tum
1008 703 1044 760 ad
1061 702 1225 761 veritatem
1236 702 1458 778 inquirendam,
1467 713 1530 761 tum

344 813 382 872 ad
400 813 546 871 virtutem
568 812 745 871 sectandam
752 835 761 882 ;
786 820 995 870 verumtamen
1018 811 1166 885 ejusmodi
1188 820 1259 869 sunt
1276 822 1326 871 aut
1344 821 1462 871 tantum
1479 830 1530 870 ex·

344 932 455 992 terna,
477 924 542 980 Lex
569 931 599 981 et
615 922 829 1000 Evangelinm,
848 931 899 980 aut
916 921 943 980 si
960 930 1031 980 sunt
1046 920 1186 991 interna,
1209 922 1348 980 absolute
1371 940 1407 980 ae
1423 941 1480 998 per
1497 941 1531 980 se

345 1032 470 1090 minime
503 1042 574 1091 sunt
605 1032 793 1092 necessaria.
834 1033 910 1091 Tale
933 1042 982 1090 est
1007 1042 1142 1106 systema
1158 1032 1292 1113 Pelagii,
1319 1032 1396 1108 quod
1415 1051 1531 1090 omnem

345 1142 469 1220 gratiae
487 1142 627 1200 internae
644 1116 863 1201 necessitatem
881 1142 1023 1200 destruit.
1042 1139 1127 1217 Quod
1144 1150 1244 1199 tamen
1261 1141 1408 1220 Pelagius
1427 1152 1532 1217 aperte

346 1251 469 1309 minime
487 1252 649 1326 professus
667 1261 730 1333 cst,
751 1252 805 1310 sed
827 1270 902 1311 usus
920 1261 969 1310 est
984 1252 1090 1310 verbis
1108 1253 1144 1310 ad
1161 1250 1325 1310 fallendum
1344 1251 1532 1325 compositis.

346 1361 471 1419 litenim
494 1362 629 1439 gratiam
648 1361 786 1432 admisit,
819 1363 872 1420 sed
897 1361 1019 1441 gratiae
1042 1361 1161 1420 nomine
1183 1360 1269 1418 initio
1291 1360 1439 1419 duntaxat
1460 1360 1533 1417 libe·

346 1489 416 1528 rum
434 1470 595 1529 arbitrium
613 1471 790 1548 reliquaque
807 1472 886 1531 dona
902 1472 1054 1531 naturalia
1070 1471 1222 1529 intellexit
1232 1468 1269 1542 ¹).
1286 1471 1404 1527 Deinde
1423 1469 1535 1528 addidit

346 1578 440 1637 etiam
458 1579 591 1657 gratiam
608 1589 733 1655 praeter
749 1589 899 1661 naturam,
917 1580 1135 1638 revelationem
1150 1578 1424 1648 scilieetdivinam,
1440 1598 1533 1654 porro

345 1689 520 1765 exemplum
539 1688 666 1757 Christi,
684 1698 774 1765 atque
791 1690 881 1748 ctiam
899 1690 1112 1748 remissionem
1130 1692 1374 1765 peecatorum2).
1400 1688 1535 1746 Tandem

345 1796 463 1872 adjecit
480 1798 613 1876 gratiam
631 1816 749 1874 qnoque
766 1798 947 1858 interiorem
966 1809 1097 1857 mentem
1113 1795 1334 1867 illustrantem,
1352 1816 1410 1874 qua
1426 1799 1535 1855 saltem

344 1905 502 1966 indirecte
528 1908 680 1966 excitetur
706 1907 848 1965 voluntas
870 1908 906 1965 ad
924 1909 1035 1966 bonum
1052 1906 1176 1965 facilius
1200 1906 1437 1981 operandum³),
1460 1925 1536 1983 qnae

344 2025 453 2074 autem
470 2015 700 2093 haudquaquam
718 2016 758 2074 sit
774 2017 932 2094 gratuita,
950 2016 1004 2074 sed
1022 2016 1189 2076 seeundum
1207 2016 1317 2074 merita
1334 2016 1424 2073 detur
1437 2018 1478 2087 ⁴).
1506 2017 1537 2072 ln

344 2125 438 2184 bisce
470 2125 608 2182 substitit
639 2125 789 2203 Pelagius
815 2143 882 2184 cum
906 2126 972 2185 suis
999 2124 1223 2186 celebrioribus
1241 2122 1417 2201 discipulis,
1450 2124 1537 2181 Coe·

342 2234 466 2293 lestio
484 2242 515 2292 et
530 2234 553 2291 J
558 2234 694 2296 uliano.
735 2234 891 2311 Siquidem
918 2254 1069 2312 uunquam
1092 2233 1215 2293 admisit
1231 2234 1352 2313 gratiae
1369 2234 1537 2291 necessita·

343 2354 424 2412 tem,
444 2332 501 2420 qua
518 2344 691 2402 immediate
708 2344 863 2404 excitetur
881 2354 971 2422 atque
988 2345 1147 2419 adjuvetur
1164 2345 1305 2402 voluntas
1322 2344 1359 2401 ad
1377 2352 1465 2402 actus
1488 2361 1538 2399 su·

343 2454 567 2529 pernatnrales
586 2447 763 2515 eliciendos.

459 2582 543 2638 lnter
561 2582 642 2652 illos,
660 2581 710 2658 qui
727 2581 829 2639 errori
841 2580 1081 2659 Pelagiauorum
1093 2580 1287 2648 restiterunt,
1305 2580 1438 2637 eminent
1454 2579 1540 2637 Hie-

345 2707 535 2764 ronymus
557 2690 587 2747 in
605 2690 733 2748 Oriente
752 2700 782 2748 et
797 2693 879 2769 Aug
892 2690 1045 2748 ustinus
1063 2690 1093 2747 in
1116 2689 1235 2757 Africa,
1252 2708 1363 2769 quem,
1388 2699 1421 2747 ut
1443 2690 1486 2746 ait
1503 2689 1540 2750 el.

344 2799 621 2872 Liebermann,
653 2799 745 2860 Deus
770 2804 845 2860 ante
858 2803 989 2876 gratioe
1001 2798 1186 2878 prodigium
1203 2799 1373 2876 effecerat,
1398 2803 1437 2858 ut
1450 2797 1541 2856 illiue

345 2911 498 2989 eliceret
507 2910 720 2987 praesidium.
744 2914 829 2970 lnter
846 2906 890 2972 24
908 2910 1046 2971 concilia
1063 2919 1184 2980 autem,
1201 2927 1294 2985 quae,
1321 2918 1354 2967 ut
1370 2926 1463 2984 supra
1476 2906 1540 2981 jam

348 3020 579 3092 adnotavimus,
595 3020 626 3079 in
643 3038 738 3080 cansa
753 3020 875 3099 Pelagii
893 3022 1051 3081 celebrata
1067 3029 1149 3088 sunt,
1166 3019 1329 3094 praecipue
1347 3016 1541 3075 nominantur

347 3130 664 3206 Diospolitanum
690 3150 717 3193 a.
734 3125 826 3199 415„
843 3130 873 3188 in
891 3148 949 3206 quo
967 3129 1087 3207 quidem
1103 3128 1271 3206 Pelagius,
1299 3144 1366 3184 cum
1384 3126 1473 3183 fidem
1492 3144 1540 3181 on-

348 3238 517 3300 thodoxam
533 3241 701 3311 simularet,
718 3240 747 3298 in
766 3240 1006 3301 communionem
1024 3248 1170 3314 receptus
1187 3246 1246 3308 est,
1257 3246 1390 3296 attamen
1401 3233 1541 3293 doctrina

347 3349 423 3426 ejus
442 3350 559 3423 rejecta
585 3350 657 3420 fuit,
682 3368 776 3427 porro
799 3348 1106 3427 Carthaginense
1133 3367 1158 3406 a.
1175 3341 1264 3416 416„
1280 3345 1541 3403 Milevitannm

347 3479 379 3521 a.
405 3459 528 3530 eodem,
560 3459 609 3521 cui
635 3459 830 3537 Augustinus
847 3458 1006 3530 interfuit,
1023 3460 1160 3517 Roman
1171 3476 1225 3516 um
1242 3475 1270 3514 a.
1287 3449 1363 3515 417.
1381 3454 1539 3511 etiterum

347 3568 660 3647 Carthagiueuse
678 3587 706 3630 a.
718 3563 793 3629 418.
808 3577 898 3645 atque
914 3567 1144 3645 Ephesinum
1162 3564 1393 3625 oecumenicum
1411 3582 1438 3621 a.
1453 3557 1541 3631 431.,

347 3679 435 3758 qnod
451 3678 672 3737 damnationem
690 3678 927 3757 Pelagiauorum
945 3676 1158 3745 confirmavit,
1175 3695 1234 3735 non
1252 3684 1399 3734 revocata
1418 3673 1452 3732 ad
1472 3691 1541 3731 exa-

347 3808 424 3849 men
443 3807 546 3860 eausa,
562 3798 596 3848 ut
612 3789 775 3867 Pelagiani
791 3791 1033 3865 postulaverant.

464 3939 511 3995 lix
527 3935 652 3996 haeresi
667 3936 836 4014 Pelagiana
861 3946 949 3995 ortus
966 3944 1014 3994 est
1036 3953 1127 3993 error
1150 3931 1543 4009 Semipelagianornm

349 4043 423 4107 sive
440 4047 763 4118 Massiliensium,
781 4048 827 4107 sic
845 4047 1007 4128 dictorum,
1025 4045 1165 4122 quoniam
1183 4053 1303 4120 partem
1321 4043 1439 4100 erroris
1454 4042 1542 4099 Pela·

348 4218 440 4229 ...-.-
443 4217 551 4226 .......
553 4219 575 4225 .-

464 4320 490 4400 ¹)
508 4319 553 4382 cf.
570 4320 763 4398 Augustin.
787 4319 889 4394 Epist
908 4320 978 4381 175.
995 4338 1025 4379 a.
1042 4321 1071 4377 3.
1089 4314 1170 4396 opp.
1188 4316 1226 4375 Τ.
1243 4312 1273 4379 2.
1291 4334 1315 4373 o.
1334 4311 1409 4376 618.
1442 4312 1544 4388 Epist.

358 4414 432 4476 179.
449 4432 479 4474 o.
498 4415 527 4472 3.
544 4433 569 4473 o.
587 4408 661 4472 630.
699 4410 826 4474 Hiler.
858 4409 958 4485 Epist.
991 4412 1033 4468 ad
1064 4407 1225 4484 Angustia.
1257 4407 1343 4466 Inter
1374 4406 1460 4485 epist.
1477 4410 1544 4462 Au·

356 4491 646 4585 gustin.156.Ib
663 4522 687 4559 e.
705 4497 781 4562 540.
799 4537 840 4546 --
860 4507 885 4580 ²)
903 4499 949 4559 Of.
968 4500 1164 4579 Augustin.
1187 4501 1237 4557 De
1257 4496 1335 4571 spir.
1358 4504 1385 4555 et
1401 4495 1456 4557 litt.
1475 4516 1498 4554 o.
1517 4499 1545 4554 2.

356 4589 677 4658 o.4...Tl()o.87
710 4587 1020 4656 o.8o....l4o9l
1053 4593 1195 4665 Deqrat.
1177 4586 1377 4648 debriato
1379 4588 1544 4648 ..3-47,

358 4687 405 4746 Ib.
432 4708 457 4746 c.
490 4681 565 4747 231.
584 4680 660 4748 233
695 4720 734 4728 -
728 4682 865 4762 '³Cf.)
848 4681 942 4740 f.1d
965 4683 1012 4740 De
1041 4688 1119 4758 grat.
1101 4679 1212 4740 ectr
1236 4700 1260 4741 c.
1283 4679 1418 4738 27-29.
1441 4678 1490 4734 39.
1517 4696 1545 4739 a,

361 4781 495 4838 28-30.
512 4779 561 4836 43.
579 4800 604 4834 c.
621 4768 696 4835 243.
715 4771 789 4834 24ῖ.
807 4776 946 4857 Deqrat
964 4779 991 4830 et
979 4771 1057 4832 etio
1075 4776 1173 4834 aromo
1192 4774 1239 4829 13.
1257 4792 1286 4832 n
1304 4774 1353 4830 26.
1370 4769 1415 4829 lb
1430 4789 1453 4827 c.
1471 4764 1545 4828 731.

364 4868 513 4947 -⁴)Ct'.
531 4867 726 4945 Augustiu.
744 4868 850 4939 chr.
870 4865 942 4925 Olera
961 4883 985 4924 o.
1002 4866 1052 4925 31
1070 4883 1099 4924 n.
1116 4866 1167 4925 34.
1186 4882 1212 4923 e.
1229 4858 1305 4923 244.

1287 4966 1330 5032 25
