3775 5625
308 488 312 501 ,
377 433 401 500 4

378 591 503 697 liii),
513 592 625 677 doridi
638 594 702 659 κατ’
717 591 821 679 αὐτὸν)
832 602 869 678 ¹).
894 600 1035 662 Immisit
1051 621 1127 677 erpo
1144 600 1305 663 Dominus
1320 600 1411 662 Deus
1427 622 1574 680 soporem

376 715 563 817 iri-Adam:
588 773 725 834 cumque
757 761 987 836 obdormisset,
1014 761 1109 817 tulit
1136 776 1250 818 unum
1273 764 1317 817 de
1340 762 1461 819 costis
1486 761 1575 835 ejus

377 829 569 981 (llfilydsslsi
591 869 689 960 l'llJi}
703 869 743 948 ²),
766 878 799 929 et
814 870 952 945 replevit
966 885 1097 927 earnem
1109 886 1171 943 pro
1189 886 1237 930 ea.
1261 867 1296 927 E
1302 878 1316 928 t
1338 870 1577 940 aedificavit

375 1020 573 1082 Dominus
603 1020 709 1085 Deua
740 1034 889 1084 costam
921 981 1164 1134 (ᾨὲΒΓΓΠζξ),
1201 1041 1312 1098 onom
1344 1028 1501 1084 tulerat
1528 1030 1576 1083 de

376 1175 510 1255 Adam,
543 1180 582 1237 im
605 1181 834 1239 mulierem:
860 1188 893 1238 et
922 1178 1061 1236 oddumit
1092 1194 1163 1235 com
1193 1182 1235 1236 od
1264 1178 1376 1238 Adam.
1413 1179 1576 1254 Dimitqne

376 1284 500 1346 Adam:
525 1286 598 1347 Hoc
620 1307 721 1368 murro,
747 1308 784 1348 os
811 1307 854 1348 ee
877 1290 1004 1347 ossibus
1025 1288 1117 1365 meis,
1142 1296 1175 1347 et
1194 1305 1272 1346 coro
1295 1293 1334 1346 de
1355 1308 1454 1347 carme
1484 1307 1574 1348 oreo:

376 1398 455 1457 baec
470 1401 639 1458 vocabitur
660 1399 780 1474 Virupo
799 1379 931 1510 (57de
953 1390 1133 1473 bibinellae),
1159 1400 1312 1474 qnoniam
1327 1403 1365 1456 de
1380 1401 1452 1458 uiro
1470 1407 1576 1457 sumta

375 1562 425 1627 eat
435 1550 473 1629 ³).
499 1550 582 1614 Tota
597 1549 696 1637 igitur
713 1548 867 1623 foemina,
883 1545 929 1610 uti
944 1546 995 1610 vir
1011 1559 1109 1621 totus,
1126 1549 1302 1612 secundom
1318 1550 1452 1633 Moysen
1470 1572 1488 1613 a
1503 1550 1574 1613 Deo

373 1657 446 1743 ipso
463 1658 601 1724 formata
617 1672 676 1724 est.
690 1698 735 1708 -
750 1661 837 1724 Haec
854 1669 904 1722 est
920 1656 1079 1732 doctrina,
1097 1678 1176 1744 quae
1194 1659 1232 1722 de
1248 1658 1394 1743 priorum
1409 1659 1575 1723 hominnm

375 1768 585 1833 fabricatione
606 1769 638 1834 in
663 1769 780 1835 Genesi
802 1768 954 1843 traditur,
972 1769 1030 1831 sed
1047 1768 1157 1831 eadem
1179 1768 1249 1853 pari
1272 1771 1368 1833 modo
1392 1782 1425 1833 et
1445 1768 1477 1831 in
1500 1768 1573 1833 reli·

375 1877 446 1963 quis
461 1880 499 1943 V.
522 1892 555 1943 et
575 1880 613 1944 N.
637 1878 836 1944 Testamenti
866 1877 957 1942 libris
989 1877 1158 1941 invenitur.
1189 1879 1313 1963 Operae
1343 1878 1481 1964 pretium
1514 1890 1574 1953 est,

375 1990 526 2053 :nonnulla
560 1988 613 2054 hie
650 1989 766 2053 afferre
797 1987 930 2073 majoris
968 1987 1121 2051 momenti
1157 1985 1260 2051 effata.
1308 1989 1343 2051 ln
1371 1988 1573 2052 Ecclesia·

375 2109 436 2161 ste
475 2097 631 2185 legimus:
665 2102 829 2163 Memento
865 2100 1037 2161 Cremonis
1062 2104 1126 2179 tui,
1159 2135 1203 2145 —
1234 2111 1404 2179 antequem
1437 2120 1573 2177 rumpo-

376 2219 433 2271 tm·
451 2211 628 2282 funiculus
649 2222 840 2291 argenteus,
874 2246 917 2255 -
949 2220 981 2271 et
1011 2219 1246 2270 revertatur
1266 2214 1406 2287 pulvis
1429 2214 1469 2270 im
1494 2220 1573 2270 ter·

374 2338 455 2379 rom
479 2338 604 2391 suam,
628 2329 728 2382 unde
751 2332 857 2400 eret,
882 2332 921 2382 et
940 2323 1112 2397 spiritus
1134 2326 1270 2381 redeat
1290 2327 1337 2380 od
1351 2320 1486 2393 Deum,
1505 2322 1575 2398 qui

374 2434 487 2494 dedit
509 2428 673 2508 illum⁴).
698 2429 739 2491 ln
754 2426 1070 2492 Ecclesiastico:
1087 2430 1195 2491 Deus
1219 2434 1377 2492 creauit
1398 2436 1575 2490 deterre

286 2595 288 2599 .
374 2540 586 2613 bominem,
618 2552 657 2602 et
688 2547 900 2601 secumdum
938 2543 1143 2617 imoqioem
1174 2559 1280 2601 suom
1309 2542 1420 2613 feeit
1448 2543 1571 2600 illum.

378 2646 545 2711 Oreooit
566 2669 615 2710 eo·
639 2653 725 2727 ipso
751 2652 1000 2726 adjutorium
1024 2641 1153 2710 simile
1176 2652 1298 2728 sibi5).
1322 2649 1426 2709 Porro
1461 2645 1570 2709 chri-

375 2768 458 2821 stus
480 2756 638 2822 Dominus
658 2756 716 2832 ait,
739 2756 934 2821 matrimonii
955 2755 1267 2822 indissolubilitatem
1291 2778 1333 2821 ex
1356 2758 1427 2842 ejus
1443 2755 1570 2820 institu-

373 2866 461 2931 tione
478 2880 593 2932 contra
607 2867 801 2934 Pharisaeos
819 2869 1005 2932 adstruens:
1029 2870 1107 2931 Non
1132 2874 1268 2950 legistis,
1286 2874 1449 2949 quicqua·
1467 2872 1576 2942 feeit

374 2981 569 3040 bominem
585 2985 628 3040 ab
646 2984 789 3059 initio,
812 2984 1030 3041 olusculum
1050 2991 1089 3041 et
1099 2981 1316 3053 foeminam
1329 2981 1433 3053 fecit
1447 2975 1570 3054 eoe⁶)?

374 3087 479 3170 Atque
494 3086 633 3149 Paulus
655 3086 783 3150 scribit:
816 3088 908 3150 Nom
932 3092 1033 3149 enim
1056 3092 1120 3148 eir
1143 3107 1192 3148 eo:
1215 3092 1387 3149 uruliere
1411 3097 1488 3166 est,
1507 3092 1576 3147 sed

374 3201 525 3258 mulier·
547 3217 596 3258 eo:
619 3199 760 3278 viro⁷).
784 3198 827 3260 Et
842 3196 973 3260 iterum:
990 3198 1108 3259 Adam
1131 3202 1231 3259 emim
1251 3201 1573 3276 primusformo-

375 3317 440 3369 to:
463 3318 540 3387 ert,
565 3312 704 3369 deinde
727 3307 883 3387 Heva'⁸).
910 3307 997 3384 Quae
1013 3317 1124 3390 aperte
1140 3304 1214 3370 talia
1230 3318 1319 3380 sunt,
1340 3317 1375 3368 ut
1392 3324 1573 3368 consensus

375 3412 541 3478 doctrinae
565 3415 750 3481 Catholicae
772 3438 846 3480 cum
869 3419 903 3480 S.
929 3412 1114 3500 Scriptura,
1137 3423 1197 3500 per
1213 3416 1400 3479 mendacem
1415 3414 1572 3497 interpre-

376 3522 529 3587 tationem
545 3525 629 3588 haud
645 3523 836 3600 adulterati,
854 3547 872 3588 a
887 3524 1015 3588 nemine
1032 3523 1145 3611 negari
1162 3536 1263 3609 queat.

484 3637 526 3700 B.
550 3634 584 3697 ln
605 3635 738 3699 eandem
760 3634 940 3698 doctrinam
960 3655 1061 3718 porro
1079 3633 1266 3718 conspirant
1282 3654 1407 3720 quoque
1432 3636 1491 3697 SS.
1508 3634 1573 3695 Pa·

375 3755 476 3816 tres,
493 3742 546 3828 qui
562 3743 701 3818 tradunt,
717 3743 880 3808 hominem
897 3744 937 3808 ad
952 3743 1125 3831 imaginem
1141 3743 1201 3807 Dei
1217 3765 1281 3808 non
1299 3744 1337 3807 ab
1353 3741 1498 3830 Angelis,
1516 3741 1575 3804 sed

374 3852 416 3928 *ab
439 3852 512 3937 ipso
535 3852 623 3927 Deo,
639 3852 660 3917 i.
678 3874 705 3917 e.
723 3874 741 3917 a
757 3855 878 3928 Verbo,
897 3853 987 3937 quasi
1002 3851 1144 3938 propriis
1168 3852 1314 3917 manibus
1331 3864 1476 3915 exterra
1507 3850 1572 3934 pla-

376 3973 513 4026 smatum
545 3974 577 4026 et
608 3984 667 4026 suo
699 3962 814 4048 spiritu
830 3962 921 4048 quasi
952 3962 1141 4036 animatum,
1162 3964 1264 4027 Evam
1295 3983 1374 4026 vero
1408 3982 1449 4024 ex
1482 3971 1576 4023 costa

375 4071 463 4136 Adae
474 4084 506 4136 et
517 4073 616 4137 latere
630 4073 922 4146 fabricatamesse3
939 4085 974 4137 ut
991 4072 1229 4152 Tatianus⁰)‚
1248 4070 1488 4156 Theophilus
1505 4071 1575 4132 An-

376 4276 378 4281 ’
488 4259 515 4339 ¹)
533 4258 613 4321 Gen.
630 4255 660 4333 2,
681 4255 732 4323 18.
749 4294 792 4304 -
811 4253 836 4343 ²)
854 4256 905 4323 Al.
921 4265 1046 4318 vertunt
1074 4260 1166 4332 latus,
1188 4255 1293 4321 Alex.
1318 4248 1423 4331 μέρος,
1447 4252 1575 4318 Chald.

286 4415 295 4425 ⁵
372 4368 463 4425 para.
480 4382 520 4392 —
541 4348 566 4432 ³)
584 4348 704 4423 Gen.2,
721 4347 957 4431 21—23.-⁴)
979 4347 1031 4424 12,
1052 4347 1148 4411 1-7.
1167 4347 1212 4412 Of.
1230 4345 1260 4422 3,
1276 4344 1330 4409 20.
1344 4382 1385 4394 -
1397 4347 1422 4425 ⁵)
1437 4342 1488 4417 17,
1502 4343 1530 4405 1.
1543 4339 1576 4405 5.

376 4475 422 4487 -
442 4438 468 4521 ⁸)
485 4435 595 4502 Matth.
615 4438 667 4515 19,
684 4440 717 4507 4.
733 4442 829 4506 Marc.
848 4439 900 4514 10,
917 4439 949 4507 6.
968 4475 1008 4487 -
1030 4435 1054 4524 ²)
1075 4438 1105 4502 1.
1123 4437 1194 4503 Cor.
1219 4434 1576 4513 11,8cf.15,47.—

380 4529 405 4612 ⁸)
423 4531 453 4594 1.
470 4532 549 4595 Tim.
566 4529 598 4614 2,
616 4529 668 4594 13.
687 4532 824 4593 Conferri
840 4532 937 4592 adhue
953 4539 1095 4612 possunt:
1113 4527 1230 4604 Gemb,
1248 4527 1277 4591 1.
1294 4526 1325 4591 2.
1343 4523 1576 4600 Job.10,9.32.

376 4621 410 4687 4.
427 4621 459 4684 6.
485 4622 538 4683 Ps.
558 4620 634 4696 102,
653 4621 704 4685 14.
723 4621 753 4694 8,
770 4621 869 4685 5—9.
894 4617 1181 4702 sap.t,1.10,1.
1210 4617 1260 4690 15,
1277 4617 1310 4683 8.
1337 4619 1416 4684 Tob.
1434 4616 1464 4686 8,
1484 4616 1514 4683 8.
1531 4653 1578 4664 --

379 4711 408 4792 ⁹)
426 4714 512 4775 Ooot.
530 4713 638 4776 Graec.
657 4723 734 4776 orat.
750 4735 781 4776 a.
796 4719 823 4774 7.
842 4712 923 4793 Opp.
940 4712 964 4774 J
968 4712 1096 4785 ustini,
1113 4721 1169 4771 otc.
1186 4733 1216 4790 p.
1234 4708 1310 4773 263.
1331 4712 1458 4771 Verbum
1476 4745 1516 4754 -
1535 4711 1578 4766 od

377 4804 576 4866 imitationem
590 4806 712 4877 Patris,
730 4828 749 4864 a
766 4825 824 4881 quo
840 4805 975 4881 penitam
991 4811 1046 4873 est,
1071 4802 1234 4879 imapimem
1249 4801 1502 4871 immortalitatis,
1519 4803 1577 4858 ho-

377 4896 506 4957 mioem
522 4897 640 4976 fecit;
663 4905 699 4957 ut
721 4898 970 4973 quemadmodum
993 4894 1206 4954 immortalitas
1230 4901 1275 4953 est
1296 4896 1379 4968 apud
1393 4895 1505 4963 Deum,
1530 4890 1578 4950 sic
