3775 5625
1480 470 1524 535 99

442 632 564 714 Quodsi
579 653 658 697 vero
676 644 865 697 ornamenta
881 631 933 695 illa
951 644 1052 695 status
1076 631 1243 718 originalis
1266 653 1355 697 mera
1371 635 1456 699 dona
1471 656 1523 699 su·

327 743 544 830 pernatnralia
577 756 683 808 orant:
718 742 905 807 necessario
939 741 1156 827 consequitur,
1178 743 1295 817 Deum,
1318 745 1346 808 si
1363 745 1524 811 hominem

327 854 531 918 solummodo
565 865 724 937 tamquam
759 851 859 915 ciuem
893 849 1016 914 ordinis
1039 851 1191 915 naturalis
1219 871 1332 917 creare
1357 854 1525 930 voluisset,

327 964 415 1028 salva
436 983 497 1028 sna
518 962 676 1036 bonitate,
699 960 855 1045 sapientia
872 980 911 1023 ac
928 958 1112 1033 sanctitate,
1135 960 1204 1025 sine
1221 960 1297 1036 illis,
1316 976 1473 1048 quatenns
1490 965 1524 1028 li·

327 1072 421 1137 mites
445 1084 577 1137 naturae
600 1084 731 1135 nostrae
749 1081 915 1154 superant,
933 1069 1073 1133 condere.
1095 1070 1251 1154 potuisse.
1269 1072 1402 1151 Quando
1420 1086 1525 1138 autem

327 1180 505 1267 quaeritur,
526 1203 601 1245 num
619 1182 708 1245 Deus
726 1178 904 1252 hominem,
921 1199 985 1241 non
1004 1190 1123 1242 tantum
1145 1180 1313 1245 sanctitate
1330 1181 1525 1268 reliquisque

327 1290 385 1355 illis
404 1291 534 1355 dotibus
550 1290 732 1377 insignibus
749 1287 951 1362 destitutum,
974 1289 1032 1352 sed
1049 1300 1080 1351 et
1098 1287 1205 1364 morti,
1223 1290 1355 1365 morbis,
1372 1290 1524 1378 ignoran-

327 1399 404 1476 tiae,
421 1399 598 1464 infirmitati
615 1420 653 1464 ac
669 1397 791 1462 libidini
808 1395 998 1470 obnoxium,
1021 1398 1114 1462 talem
1133 1419 1284 1482 prorsus,
1306 1400 1350 1463 uti
1368 1422 1452 1465 rrtrnc
1470 1422 1524 1466 na·

328 1509 438 1584 scitur,
457 1511 529 1573 solo
546 1521 681 1595 peceato
699 1518 849 1591 excepto,
865 1525 978 1570 creare
996 1506 1146 1590 potuerit,
1165 1528 1223 1571 seu
1239 1530 1278 1572 an
1297 1522 1401 1573 status
1419 1524 1524 1575 natu·

327 1640 389 1683 rae
406 1639 528 1703 purae
550 1618 592 1683 sit
615 1616 797 1702 possibilis:
821 1636 934 1680 omnes
953 1615 1113 1703 Theologi
1135 1616 1291 1682 Catholici
1308 1620 1543 1695 consentiunt,

327 1728 428 1793 ileum
447 1734 631 1809 potentia
652 1732 857 1807 absolata,
891 1737 924 1788 ut
944 1725 1127 1809 loquuntur,
1149 1727 1180 1791 id
1202 1740 1266 1802 est,
1288 1740 1434 1813 spectata
1455 1731 1526 1794 sola

327 1836 433 1901 divina
458 1835 691 1922 omnipotentia
711 1856 750 1900 ac
767 1833 908 1919 justitia,
928 1833 1088 1900 hominem
1105 1837 1199 1901 talem
1224 1857 1336 1902 creare
1368 1838 1525 1923 potuisse,

327 1958 420 2032 atque
453 1946 644 2010 sententiam
676 1943 871 2009 contrariam
889 1943 920 2005 in
937 1944 1214 2028 propositionibus
1245 1946 1373 2031 BaJ'anis
1405 1947 1525 2012 diserte

327 2075 401 2120 esse
418 2057 458 2120 ab
475 2054 624 2119 Ecclesia
644 2056 904 2124 condemnatam
921 2052 953 2115 in
971 2052 1117 2119 diversas
1139 2068 1247 2139 partes
1270 2069 1375 2120 antem
1397 2058 1525 2131 abeunt,

327 2164 353 2229 si
373 2164 510 2229 ulterior
531 2164 676 2250 quaestio
699 2176 861 2236 movetur,
886 2185 961 2226 num
984 2163 1079 2228 etiam
1100 2172 1284 2245 potentia
1315 2173 1524 2249 οναιήαῑιί,

327 2272 383 2339 seu
401 2287 550 2359 spectata
568 2274 661 2338 simul
679 2273 837 2348 bonitate,
854 2272 1012 2357 sapientia
1032 2294 1070 2337 ac
1087 2274 1257 2340 sanctitate
1280 2275 1400 2351 diviua,
1422 2288 1526 2340 status

328 2397 460 2449 naturae
479 2404 578 2468 purae
600 2382 765 2467 possibilis
789 2383 846 2458 sit,
868 2403 926 2447 sen
944 2384 1029 2467 quod
1045 2382 1128 2446 idem
1145 2397 1210 2457 est,
1228 2406 1344 2449 numne
1361 2386 1450 2450 Deus
1466 2385 1523 2447 ho·

327 2494 444 2558 minem
462 2494 494 2557 iu
511 2505 596 2557 statu
613 2492 786 2578 ejusmodi,
810 2492 841 2556 in
864 2513 927 2578 quo
944 2513 1028 2555 uurtc
1049 2492 1207 2569 nascitur,
1229 2494 1299 2558 sine
1322 2506 1457 2579 peccato
1479 2506 1524 2557 ta·

327 2624 414 2678 men,
431 2622 547 2666 reuera
564 2615 732 2667 creaturus
750 2601 887 2665 luisset?
910 2601 992 2664 Nam
1009 2600 1060 2665 alii
1077 2603 1210 2678 docent,
1233 2604 1335 2667 Deum
1352 2602 1448 2667 ctiam
1465 2624 1526 2688 pro

326 2731 385 2777 sua
399 2710 525 2776 infinita
549 2710 761 2800 benignitate,
783 2709 939 2796 sapientia
956 2731 994 2774 ac
1016 2710 1185 2775 sanctitate
1208 2712 1368 2776 hominem
1385 2712 1417 2775 in
1441 2724 1526 2777 statu

326 2835 458 2886 naturae
475 2843 575 2907 purae
593 2842 706 2887 creare
723 2819 884 2905 potuisse,
905 2833 937 2884 et
959 2819 1094 2904 proinde
1114 2842 1174 2906 per
1196 2835 1365 2907 peecattnn
1386 2823 1524 2908 primum

326 2945 472 2997 naturam
489 2932 658 2996 humanam
674 2952 739 2995 non
759 2943 822 2994 mm
838 2951 914 2994 vere
931 2951 970 2994 ac
986 2930 1116 3016 proprie
1131 2932 1338 3006 uulneratum,
1355 2953 1449 3017 qnam
1465 2954 1521 3017 po·

326 3041 388 3106 tius
405 3041 500 3106 bonis
517 3040 813 3126 supernaturalibus
834 3053 956 3104 tautum
977 3053 1121 3116 exutam,
1155 3054 1248 3126 atque
1270 3043 1309 3105 ad
1326 3053 1444 3106 statum
1461 3041 1522 3106 sibi

326 3149 492 3236 proprium
514 3170 553 3214 ac
574 3132 825 3215 consentaneum
849 3170 924 3214 esse
958 3150 1118 3214 redactam
1132 3152 1167 3230 ¹).
1200 3149 1261 3214 atii
1282 3171 1361 3214 vero
1385 3153 1522 3224 tradunt,

326 3272 445 3325 statim
465 3272 597 3323 naturae
618 3279 732 3343 purae,
753 3258 828 3323 licet
849 3280 913 3322 non
935 3272 1087 3343 respectu
1111 3258 1360 3344 omnipotentiae
1378 3282 1416 3325 ac
1427 3260 1521 3345 justi·

326 3369 403 3444 tiae,
425 3381 533 3433 tamen
554 3367 678 3433 ratione
700 3367 807 3432 habita
827 3367 995 3442 bonitatis,
1017 3367 1193 3452 sapientiae
1215 3389 1254 3433 ac
1275 3367 1455 3432 sanctitatis
1477 3369 1522 3433 di-

326 3477 434 3552 vinae,
456 3498 655 3564 repugnare,
677 3477 728 3542 cui
750 3477 857 3561 potins
879 3477 1064 3553 conveniat,
1089 3490 1123 3541 ut
1138 3477 1300 3542 bominem
1316 3476 1349 3541 iu
1365 3490 1452 3542 statu
1468 3499 1522 3543 na·

326 3599 417 3652 turae
450 3587 592 3651 elevatae
614 3608 673 3650 seu
694 3588 811 3661 elatae,
833 3587 864 3650 in
887 3609 950 3672 quo
981 3589 1136 3652 Adamum
1169 3608 1285 3652 revera
1315 3587 1523 3652 constitutum

326 3696 427 3762 luisse
444 3717 463 3760 a
479 3695 676 3760 revelatione
709 3696 816 3759 divina
846 3699 1037 3772 edocemur,
1059 3699 1224 3762 conderet.
1256 3696 1523 3762 1111111111-

326 3817 413 3880 nent,
430 3805 535 3869 Deum
551 3805 647 3868 ctiam
665 3812 854 3870 ‹tr-dinato
872 3813 1056 3887 potentio⁴
1072 3806 1244 3882 hominem,
1260 3806 1288 3870 si
1305 3828 1377 3871 eum
1393 3805 1524 3871 nonnisi

326 3927 487 4000 umquam
508 3915 610 3980 civem
636 3914 759 3979 ordinis
779 3914 933 3989 naturalis
957 3936 1069 3979 creare
1085 3914 1255 3990 voluisset,
1280 3917 1319 3979 ad
1337 3927 1454 3979 statum
1471 3937 1523 3980 su·

326 4026 578 4108 pet-naturalem,
594 4027 634 4089 ad
651 4045 744 4110 quam
760 4045 876 4109 reapse
893 4026 995 4090 elatus
1012 4036 1077 4099 est,
1099 4026 1235 4088 evehere
1252 4023 1380 4088 minime
1397 4023 1523 4088 debuis·
1588 4082 1592 4092 .

326 4150 380 4196 se:
397 4146 537 4199 attamen
552 4134 657 4218 ipsum
676 4133 770 4198 etiam
787 4133 1026 4219 perfectiorem,
1044 4146 1079 4198 ut
1094 4135 1191 4197 modo
1209 4133 1363 4208 nascitur,
1379 4135 1524 4220 adeoque

326 4242 388 4306 etsi
404 4264 467 4307 non
486 4257 633 4308 sanctum
655 4264 781 4308 aecum
805 4244 948 4342 perlecta
970 4243 1169 4329 sanectione
1187 4242 1347 4328 appetit-us
1364 4242 1524 4307 sensualis

326 4351 388 4414 sub
410 4352 573 4427 rationali,
605 4374 708 4438 neque
739 4352 953 4418 immortalem
970 4374 1009 4419 ae
1024 4353 1271 4439 impassibilem,
1303 4373 1406 4437 ireque
1426 4351 1524 4415 etiam

327 4461 457 4525 nmrrino
471 4462 608 4536 felicem,
622 4475 727 4526 tamen
744 4484 763 4527 a
778 4464 1056 4547 praeponderante
1066 4460 1329 4548 concupiscentia
1345 4474 1377 4525 et
1393 4459 1524 4524 infirmi·

440 4627 463 4708 ¹)
483 4626 530 4688 Of.
547 4629 722 4689 Bellarm.
744 4633 791 4689 De
812 4637 891 4706 prat.
913 4628 1010 4706 primi
1032 4632 1109 4692 hom.
1127 4651 1150 4692 e.
1169 4632 1199 4695 5,
1216 4651 1246 4691 n.
1265 4633 1304 4690 11
1321 4651 1363 4691 sa.
1380 4627 1471 4704 Disp.
1489 4629 1525 4688 de

333 4722 423 4799 ¹carth.
439 4721 502 4779 chr.
513 4717 571 4796 fid.
588 4720 635 4780 ed.
653 4723 746 4800 Prag.
767 4718 863 4783 1121.
880 4721 919 4785 Τ.
936 4718 968 4783 4.
987 4743 1016 4800 p.
1034 4718 1054 4783 8
1072 4743 1095 4783 s.
1128 4722 1303 4785 Tonrnel.
1330 4723 1420 4782 Oura.
1438 4721 1523 4781 theol.

338 4796 399 4865 001·
414 4810 539 4892 Agripp.
560 4807 657 4874 1752.
675 4813 714 4877 Τ.
731 4810 762 4874 2.
778 4833 807 4892 p.
829 4810 892 4875 192
909 4833 948 4875 ss.
967 4815 1151 4887 Perroue,
1168 4815 1270 4876 Prael.
1281 4814 1367 4874 theol.
1384 4810 1431 4874 ed.
1449 4811 1526 4875 Lov.

352 4887 420 4963 1838
436 4923 474 4964 ss.
492 4903 530 4962 V.
549 4901 580 4964 3.
599 4927 628 4985 p.
648 4902 709 4966 167
728 4926 752 4967 s.
1131 4932 1138 4947 ⁴
1453 4946 1456 4953 ι

1257 5012 1309 5080 ἵ*
