3775 5625
345 414 412 479 174

343 579 492 646 Ecclesia
518 578 613 644 etiam
634 598 790 662 expresse
806 578 964 661 rejectum
972 582 1016 656 1);
1040 599 1181 642 necnon
1198 589 1370 663 peccatum
1387 575 1502 665 origine

344 691 377 756 in
393 688 488 754 nobis
504 688 600 753 etiam
616 688 685 752 sinc
701 688 856 752 relatione
874 689 913 752 ad
929 701 1096 772 peccatum
1120 689 1232 754 Adami
1248 701 1420 773 peccatum
1437 708 1502 754 esst

345 821 424 886 quae
441 798 599 865 sententia
613 798 734 882 pariter
751 799 961 862 condemnata
977 803 1072 878 est2).

454 909 484 973 2.
501 908 623 973 Deinde
650 911 709 972 SS.
732 907 922 981 Litterae,
953 920 1108 992 utsupra
1129 908 1391 983 observavimus,
1424 906 1503 972 diser

347 1023 478 1094 docent,
503 1030 599 1104 prout
622 1017 699 1083 Con
708 1040 735 1084 c.
758 1017 906 1081 Triden
916 1018 1036 1082 tinum
1064 1018 1241 1082 solenniter
1271 1016 1463 1092 declaravit,
1485 1041 1502 1097 p

346 1134 444 1194 Jesn
472 1130 646 1203 Christi,
668 1130 803 1194 Domini
826 1134 951 1208 nostri,
974 1129 1134 1207 pruciam,
1167 1150 1250 1207 quoe
1280 1134 1316 1190 in
1345 1131 1502 1209 Baptitttu

346 1244 538 1319 confertur,
567 1248 694 1300 rentum
717 1242 841 1315 peceati
873 1240 1046 1316 oripinolis
1077 1242 1218 1319 remitti,
1253 1249 1349 1317 atque
1381 1248 1484 1301 totum

347 1353 436 1430 tolli,
470 1357 557 1427 quod
577 1369 687 1409 norom
709 1359 740 1409 et
764 1353 935 1425 propriam
958 1353 1085 1427 peccati
1109 1353 1270 1411 rationem
1296 1351 1411 1429 dalet,
1444 1344 1485 1412 ila

322 1542 324 1545 y
347 1460 442 1522 homo
464 1457 507 1522 sit
523 1457 664 1531 ablutus,
681 1455 917 1531 sanctificatus,
939 1470 1114 1521 renovatus
1136 1478 1174 1520 ac
1189 1469 1421 1542 regeneratus,
1441 1454 1502 1542 nilq

347 1567 549 1632 damnatione
579 1564 668 1653 digni
697 1564 727 1629 ei
750 1564 841 1640 insit,
869 1565 898 1629 si
926 1588 991 1630 non
1023 1568 1199 1631 secundnm
1231 1586 1363 1630 carnem
1393 1566 1502 1630 ambula

347 1677 405 1742 sed
430 1675 473 1741 sit
494 1677 610 1741 haeres
632 1675 809 1739 secundum
830 1696 922 1759 spem
943 1676 1027 1740 vitae
1054 1688 1218 1750 aeternae,
1244 1674 1317 1759 quin
1342 1686 1447 1738 tamen
1467 1694 1502 1739 ou

348 1785 546 1871 cupiscentia
565 1784 596 1849 in
619 1784 713 1848 nobis
735 1785 878 1858 tollatur,
911 1806 992 1869 qnae
1014 1785 1122 1869 potius
1147 1784 1180 1848 in
1203 1784 1375 1869 baptizatis
1400 1803 1502 1849 manat

348 1898 388 1961 ad
404 1916 540 1983 agonem
557 1894 685 1969 relicta,
702 1905 735 1958 et
751 1915 848 1978 quae,
870 1894 946 1959 licet
962 1896 1000 1960 alr
1017 1897 1176 1979 Apostolo
1194 1894 1362 1981 aliqnando
1379 1905 1502 1979 peceat!

349 2007 537 2090 adpelletur,
560 2017 664 2069 tamen
685 2025 762 2094 rere
785 2017 818 2067 et
839 2004 971 2089 proprie
987 2018 1154 2089 peccatum
1171 2004 1308 2079 nonsit,
1331 2005 1391 2068 sed
1415 2001 1502 2068 nonni

349 2126 516 2200 peccatum
533 2113 672 2187 dicatur,
689 2113 762 2198 qnia
777 2135 819 2177 ex
835 2127 970 2197 peccato
988 2127 1054 2189 est,
1078 2127 1110 2178 et
1126 2116 1165 2178 ad
1181 2088 1351 2199 peccalum
1366 2113 1502 2178 inclinat¹

458 2224 488 2287 3.
506 2225 588 2287 Tum
604 2244 662 2308 per
678 2222 870 2287 sententiam
886 2224 977 2298 lianc,
994 2236 1091 2307 prout
1107 2236 1139 2288 et
1152 2224 1305 2308 priorem,
1321 2223 1438 2307 injuria
1453 2219 1502 2287 alla

245 2387 248 2392 .
350 2347 402 2399 tur
423 2332 552 2398 Christo
574 2344 607 2396 et
627 2331 752 2396 meritis
769 2333 849 2415 ejus.
873 2332 955 2396 Nam
981 2332 1009 2396 si
1039 2332 1300 2417 concupiscentia
1322 2345 1413 2397 esset
1437 2351 1502 2396 veru

352 2456 534 2530 peccatum,
558 2463 653 2527 quum
669 2453 796 2506 maneat
811 2441 842 2505 in
859 2441 1002 2516 homine,
1026 2442 1170 2528 quamvis
1182 2441 1378 2527 justificato:
1397 2460 1502 2527 sequen

352 2566 417 2628 tur,
442 2551 604 2646 Christum
631 2572 693 2615 nos
716 2574 781 2616 non
806 2572 898 2625 vere,
923 2552 982 2616 sed
1007 2548 1191 2637 imputative
1218 2563 1341 2615 tantinn
1367 2572 1385 2615 a
1406 2559 1502 2635 peceat

352 2661 544 2735 redemisse,
575 2673 607 2724 et
635 2681 709 2725 csse
745 2660 905 2724 diabolum
942 2660 1157 2745 potentiorem
1192 2660 1338 2736 Christo,
1372 2656 1502 2747 quumil

351 2792 427 2837 vere
443 2769 584 2856 potnerit
599 2791 660 2835 nos
676 2769 858 2855 inquinare,
883 2769 943 2835 iste
961 2792 1026 2835 non
1043 2771 1185 2856 potnerit
1199 2792 1276 2837 vere
1295 2771 1442 2836 liberare.

460 2880 491 2946 4.
511 2881 655 2966 Denique
682 2881 945 2966 concupiscentia
975 2882 1007 2945 in
1035 2882 1173 2947 diversis
1207 2883 1337 2947 diversa
1358 2895 1425 2958 est,
1452 2891 1502 2964 atq

354 2993 433 3056 alter
442 2991 541 3054 altero
552 2989 659 3054 acrius
676 2989 874 3075 diversisque
890 2990 995 3054 modis
1010 2993 1080 3074 ejus
1092 2991 1314 3056 efficacitatem
1328 2991 1439 3056 sentit:
1454 3007 1502 3076 qm

354 3115 459 3167 tamen
475 3112 642 3184 peccatum
663 3098 800 3186 originis
817 3101 1058 3186 haudquaquam
1075 3101 1251 3176 diversum,
1276 3101 1384 3166 sedin
1403 3097 1502 3165 omniltt

354 3213 459 3297 quoad
475 3223 621 3274 naturam
638 3230 729 3274 suam
745 3208 830 3273 idem
847 3209 898 3274 sit.

464 3319 603 3385 Tertia
620 3318 820 3384 sententia
837 3333 888 3384 est
902 3322 1108 3405 praecedenti
1125 3321 1246 3396 alfirtis,
1264 3342 1358 3408 qnam
1371 3332 1502 3415 postque

354 3434 426 3497 dam
447 3431 634 3516 Theologos
651 3427 866 3494 scholasticos
882 3431 1005 3496 nostris
1023 3431 1134 3496 diebus
1146 3434 1355 3517 adoptarunt,
1372 3429 1502 3511 acrinrq

355 3542 437 3607 tueri
454 3538 557 3605 adnisi
572 3550 646 3602 sunt
661 3539 922 3616 Hermesiani,
948 3553 980 3606 et
995 3563 1073 3627 quae
1085 3563 1196 3607 veram
1213 3563 1251 3607 ac
1274 3541 1437 3626 propriam
1450 3532 1501 3601 rati

239 3697 241 3703 -
355 3675 428 3716 nem
448 3647 573 3734 peccati
588 3647 714 3732 reponit
734 3649 773 3712 in
797 3649 1141 3736 concupiscentii,
1166 3674 1225 3717 seu
1240 3651 1285 3715 uti
1309 3651 1396 3737 loqui
1418 3647 1502 3714 malon

355 3763 391 3826 in
408 3757 675 3843 dispositione
691 3760 734 3823 ad
751 3761 930 3838 futuram,
943 3762 1002 3827 i.e.
1017 3763 1173 3826 actualem
1188 3760 1446 3826 inordinatam
1459 3774 1496 3821 co

357 3867 665 3956 cupiscentiam,
690 3907 733 3918 —
751 3871 867 3935 nobis
888 3884 978 3936 ante
1000 3871 1237 3955 Baptismum
1260 3885 1445 3957 tamquam
1461 3883 1502 3952 pe

357 3994 482 4046 catum
502 3973 707 4062 imputati,
731 3978 775 4042 ita
791 3993 825 4044 nt
840 3982 928 4045 Deus
953 3981 1249 4065 concupiscentiam
1276 3980 1372 4044 nobis
1399 3972 1502 4044 antell

359 4379 402 4442 14
418 4401 458 4442 ⁸⁸·
476 4378 506 4452 6,
524 4378 544 4442 3
562 4402 601 4442 88.
619 4387 685 4448 001.
710 4383 741 4457 3,
764 4383 780 4445 1
804 4406 844 4444 ss.
867 4387 981 4464 Ephes.
1004 4384 1036 4458 4,
1059 4384 1102 4448 23
1126 4409 1149 4450 s.
1172 4385 1240 4450 Gal.
1258 4385 1288 4460 3,
1308 4383 1351 4447 26
1369 4403 1395 4448 s.
1414 4384 1487 4442 Rom.

360 4470 401 4533 12
425 4493 465 4532 ss.
488 4469 517 4545 7,
542 4469 584 4532 14
604 4499 644 4539 ss.
667 4475 697 4552 8,
722 4474 763 4537 12
785 4497 809 4536 s.
835 4474 903 4540 001.
926 4474 956 4551 3,
981 4475 996 4536 1
1023 4499 1063 4536 ss.
1083 4474 1199 4548 Galb,
1220 4475 1260 4538 16
1278 4499 1301 4538 a.
1320 4477 1389 4538 Jac.
1412 4472 1436 4547 l,
1455 4458 1496 4528 14

358 4563 468 4625 Cone·
484 4563 583 4624 Trid.
600 4571 629 4629 5.
640 4567 1017 4646 3633.5.01.Αηςιιεῐὶη.
1030 4569 1395 4631 Ooor.Jnttao.t.6.c.15.
1410 4585 1436 4624 n.
1447 4554 1502 4617 45⁸

358 4657 396 4716 T.
415 4651 466 4716 10.
484 4674 511 4718 o.
529 4649 592 4714 687
611 4682 651 4723 ss.
668 4663 716 4718 De
726 4679 809 4734 pecc.
826 4679 897 4721 rner.
916 4667 943 4718 et
958 4679 1028 4721 rem.
1046 4664 1074 4721 2.
1097 4680 1121 4721 c.
1138 4663 1167 4720 4.
1184 4681 1218 4718 n.-
1231 4663 1260 4721 4.
1279 4680 1305 4720 c.
1323 4655 1376 4718 41.
1399 4654 1502 4736 Dem‘flss

359 4753 387 4804 et
401 4765 525 4824 concup.
543 4748 562 4807 l.
580 4753 609 4813 1.
626 4772 650 4812 c.
668 4754 716 4812 23.
733 4771 763 4812 n.
786 4753 837 4813 25.
860 4752 897 4811 Τ.
923 4747 974 4812 10.
998 4771 1024 4810 o.
1046 4748 1122 4812 293.
1141 4750 1330 4831 Chrysost.
1351 4751 1422 4809 horn.
1439 4737 1477 4799 13·
1490 4745 1502 4783 '¹

358 4839 418 4919 up.
440 4839 481 4897 ad
502 4840 590 4903 Rom.
612 4863 642 4903 n.
670 4844 698 4903 1.
721 4840 801 4922 Opp.
823 4843 861 4904 Τ.
883 4839 914 4902 9.
936 4863 966 4921 p.
988 4838 1063 4904 557.
