3775 5625
1469 397 1535 468 373

344 714 374 796 §-
393 710 463 780 ts,
490 711 706 780 Christus
735 712 909 782 sedens
931 714 990 780 ad
1007 712 1251 780 dexteram
1269 711 1537 794 majestatis

344 821 397 892 in
416 821 645 904 excelsis,
668 838 754 891 seu
770 823 878 891 Rex
893 825 1034 906 atque
1052 823 1193 907 eaput
1208 821 1453 891 Ecclesiae
1470 820 1533 890 iu·

843 929 1042 1000 visibile.

458 1138 559 1215 Quum
576 1147 681 1199 autem
699 1134 847 1200 Christus
863 1133 1019 1199 Dominus
1031 1135 1129 1220 jactis
1144 1135 1356 1200 fundamentis
1371 1132 1537 1200 Ecclesiae

344 1248 386 1310 de
404 1245 501 1309 terris
523 1245 719 1309 discederet:
745 1243 892 1329 promisit
913 1243 1094 1329 ApostoliS‚
1113 1257 1145 1308 nt
1160 1244 1280 1330 pariter
1297 1244 1370 1309 alibi
1386 1244 1535 1328 exposui-

342 1378 430 1429 mus
446 1375 482 1418 se
499 1354 679 1419 Ecclesiam
696 1376 787 1418 suam
804 1377 867 1418 non
884 1354 1068 1418 relicturum
1086 1356 1271 1438 orphanam,
1294 1355 1351 1419 sed
1368 1355 1450 1439 apud
1467 1375 1537 1418 eam

343 1486 535 1528 mansurum
558 1485 632 1527 esse
657 1463 804 1527 omnihus
827 1463 949 1537 diebus,
965 1485 1065 1548 nsque
1087 1465 1125 1526 ad
1143 1461 1450 1528 consummationem
1467 1484 1536 1527 sae-

342 1572 418 1637 culi.
445 1574 536 1651 Quod
553 1595 629 1636 nero
648 1571 898 1659 benignissimus
916 1575 1064 1637 Salvator
1082 1572 1241 1657 pollicitus
1258 1586 1318 1646 est,
1335 1571 1428 1636 uobis
1444 1594 1536 1656 prae·

341 1693 410 1747 stat
427 1693 461 1744 ut
476 1682 546 1745 Rex
562 1694 654 1767 atque
672 1694 766 1766 caput
780 1680 958 1755 Ecclesiae,
974 1681 1137 1745 hominnm
1154 1694 1186 1744 et
1202 1681 1400 1768 Angelorum
1418 1681 1535 1745 eonsti-

340 1803 444 1864 tutus,
461 1793 578 1855 sedens
595 1793 634 1854 ad
652 1793 816 1855 dexteram
833 1789 938 1854 Patris
955 1789 986 1853 in
1004 1789 1120 1864 coelis
1142 1790 1162 1855 i.
1179 1811 1206 1854 e.
1224 1803 1299 1875 post
1315 1811 1408 1853 suum
1425 1810 1536 1854 ascen·

340 1922 417 1965 sum
451 1898 482 1963 in
516 1900 639 1964 coelum
672 1921 732 1984 qua
756 1901 851 1962 homo
876 1921 1001 1984 quoque
1026 1921 1150 1963 summa
1174 1898 1288 1963 virtute
1314 1919 1352 1962 ac
1368 1909 1537 1983 potestate,

339 2031 471 2074 summa
501 2008 607 2096 gloria
632 2031 669 2074 ac
696 2010 878 2093 majestate,
910 2028 1095 2094 summaque
1119 2007 1312 2072 beatitudine
1329 2028 1366 2072 ac
1383 2006 1534 2072 felicitate

340 2130 490 2183 ornatus.

454 2246 521 2323 Qua
537 2266 660 2309 summa
676 2257 849 2328 potestate,
872 2244 978 2330 gloria
999 2266 1036 2308 ac
1056 2244 1249 2309 beatitudine
1266 2244 1371 2329 itaque
1389 2243 1537 2308 Christus

338 2358 443 2420 homo
466 2375 508 2418 ex
531 2366 636 2418 mente
659 2354 826 2418 Ecclesiae
858 2353 1042 2418 Catholicae
1065 2354 1147 2418 inter
1180 2374 1292 2417 omnes
1323 2373 1378 2417 res
1410 2364 1535 2417 creatas

339 2468 443 2551 longe
460 2463 587 2537 eminet,
604 2463 713 2548 eisquc
729 2475 873 2546 praeest;
891 2462 965 2548 quin
978 2475 1083 2527 tamen
1097 2475 1253 2549 potestas,
1270 2464 1421 2547 majestas
1438 2482 1477 2526 ac
1492 2461 1536 2525 fe·

338 2572 450 2638 licitas
474 2572 526 2637 illa
546 2574 656 2636 eadem
680 2594 815 2655 prorsus
838 2572 880 2637 sit
901 2595 972 2636 cum
995 2571 1118 2637 infinita
1138 2571 1295 2657 potentia,
1316 2573 1482 2655 majestate
1499 2592 1537 2635 ae

341 2682 509 2756 felicitate,
525 2703 586 2767 qua
603 2693 636 2745 ut
654 2683 792 2745 Verbum
810 2681 950 2746 divinum
966 2684 1142 2747 instructus
1161 2694 1219 2746 est.

452 2814 605 2874 botherus
623 2824 741 2893 contra,
758 2825 850 2890 prout
866 2815 1056 2875 divinitatem
1075 2815 1191 2873 Christi
1207 2815 1238 2871 iu
1256 2823 1337 2872 statu
1355 2813 1535 2872 exinanitio·

338 2927 391 2985 uis
418 2925 521 3001 inique
545 2925 762 3000 depresserat,
783 2925 827 2983 ita
846 2925 877 2983 iu
899 2935 980 2984 statu
998 2923 1195 2984 exaltationis
1212 2923 1431 2983 humanitatem
1449 2922 1535 2995 justo

338 3037 414 3111 plus
439 3034 564 3101 extulit,
598 3035 806 3103 contendens,
832 3034 989 3093 Christum
1010 3036 1041 3092 iu
1068 3033 1164 3093 hocce
1186 3034 1353 3093 secuudum
1374 3033 1536 3090 humanam

337 3148 503 3222 naturam,
524 3143 672 3218 depositis
693 3143 924 3201 infirmitatibus
942 3144 1064 3212 carnis,
1087 3145 1207 3219 plenum
1226 3141 1346 3200 divinae
1363 3141 1535 3214 majestatis

337 3271 435 3315 usum
453 3253 632 3312 obtinuisse.

453 3379 535 3441 Esse
564 3389 668 3440 autem
696 3376 858 3441 Christum
882 3398 980 3440 sensu
1004 3375 1153 3460 exposito
1176 3378 1300 3462 Regem
1324 3386 1417 3459 atque
1441 3385 1536 3458 caput

335 3486 510 3555 Ecclesiae
528 3489 661 3551 docetur

453 3618 491 3678 Α.
509 3614 540 3677 ἰη
558 3618 616 3678 SS.
638 3614 809 3678 Litteris
828 3613 958 3679 disertis
978 3613 1096 3677 verbis.
1137 3611 1193 3676 Sic
1208 3613 1351 3676 Paulus
1369 3610 1428 3675 ait:
1463 3611 1534 3674 Su-

336 3734 471 3790 scitana
486 3727 579 3786 illum
596 3747 617 3785 a
633 3732 786 3804 mortuis,
807 3733 840 3787 et
854 3732 1107 3786 constituens
1132 3727 1182 3785 ad
1196 3727 1405 3785 deuterum
1421 3743 1536 3783 annm

336 3846 383 3899 in
400 3836 665 3912 coelestidus,
684 3834 864 3917 proximam
882 3832 1040 3898 sciliceta
1057 3854 1092 3896 se
1110 3831 1298 3918 dignitatem
1314 3843 1347 3894 et
1363 3828 1533 3894 auctorita·

337 3957 408 4009 tem
426 3955 458 4007 et
474 3943 610 4029 gloriam
626 3942 670 4006 illi
688 3956 846 4028 tamquam
864 3941 983 4005 homini
1001 3943 1183 4006 concedens
1193 3943 1231 4021 ¹),
1248 3962 1374 4022 supra
1391 3962 1534 4002 omnem

338 4061 630 4136 principatum,
665 4062 704 4114 et
723 4061 986 4134 potestatem,
1014 4061 1051 4114 et
1071 4059 1283 4128 virtutem,
1302 4058 1339 4111 et
1354 4053 1534 4111 domina-

342 4172 510 4240 tionem,
544 4171 582 4223 et
612 4184 717 4223 ornne
739 4184 896 4239 nomen,
924 4165 1289 4244 qnodnomr'natur,
1317 4162 1535 4221 consulum

342 4281 380 4334 in
396 4278 468 4333 hoc
484 4273 664 4350 saeculo,
682 4275 885 4332 sedetiam
901 4276 940 4331 in
955 4275 1127 4350 futuro,
1146 4267 1165 4331 i.
1183 4288 1210 4331 e.
1227 4288 1325 4350 supra
1347 4288 1474 4330 omnem
1492 4268 1532 4330 al·

345 4379 527 4454 titudinem,
549 4378 642 4443 etiam
668 4378 857 4444 coelestium
873 4390 1084 4463 potestatum,
1109 4397 1295 4463 quocunque
1313 4378 1441 4441 tandem
1458 4397 1530 4440 cen·

349 4504 455 4556 santur
473 4487 610 4553 nomine.
650 4491 706 4551 Et
729 4497 860 4552 omnia
883 4492 1059 4567 subjecit
1079 4491 1149 4550 sub
1170 4490 1345 4569 pedidus
1369 4493 1475 4566 ejus,
1494 4493 1536 4546 et

349 4606 470 4679 ipsum
503 4603 613 4662 dedit
643 4609 768 4680 caput
796 4622 921 4680 supro
954 4620 1096 4661 omnem
1125 4599 1380 4675 Ecclesium,
1407 4587 1535 4672 κεφαλὴν

347 4749 559 4766 ψ-

453 4839 483 4918 ι)
500 4835 545 4897 of.
563 4833 593 4902 3.
611 4838 687 4918 aeg.
705 4834 736 4910 2,
756 4835 807 4901 19.
823 4838 875 4902 rs.
893 4833 948 4909 44,
967 4834 1020 4900 10.
1036 4835 1143 4900 natu
1160 4832 1214 4920 ao,
1230 4832 1283 4899 21.
