3775 5625
1439 418 1496 498 55'

389 592 418 656 1.
442 595 475 656 S.
499 591 730 676 Scriptura,
762 590 836 655 licet
867 591 1065 658 creationem
1099 594 1275 660 animarum
1299 616 1356 680 per
1379 597 1483 662 Deum

279 714 469 787 perpetuam
493 700 601 764 nullibi
623 720 779 785 expresse
805 702 923 776 tradat,
957 714 1062 766 tamen
1085 723 1156 768 eam
1179 726 1244 768 non
1271 705 1411 771 obscure
1428 708 1482 772 de·

279 824 464 876 monstrare
479 809 621 883 videtur3
652 809 768 894 partim
790 830 830 874 eo
853 812 938 895 quod
960 813 1048 876 Deus
1070 812 1210 877 hominis
1227 814 1322 898 primi
1345 815 1484 882 animam

278 942 344 985 non
365 932 403 984 ut
424 919 548 984 autimas
564 918 741 983 bestiarum
763 940 781 983 e
803 931 892 983 terra
915 920 1084 996 eduxisse,
1118 923 1176 986 sed
1198 923 1336 988 formato
1367 947 1384 989 e
1407 926 1483 991 limo

279 1050 437 1115 corpore,
468 1028 605 1092 animam
635 1027 824 1092 rationalem
853 1028 1035 1094 immediate
1067 1045 1208 1096 creatam
1240 1032 1270 1097 ei
1302 1034 1483 1120 inspirasse

279 1140 449 1220 dicitur¹),
473 1138 518 1203 ita
534 1150 568 1201 ut
582 1138 668 1202 idem
684 1137 779 1202 etiarn
795 1139 828 1201 in
844 1140 914 1224 ejus
935 1140 1078 1225 posteris
1103 1142 1265 1218 obtinere,
1290 1147 1484 1211 concludere

279 1249 391 1322 liceat3
423 1247 541 1332 partim
563 1247 712 1332 quoniam
736 1248 911 1332 Apostolus
932 1250 1036 1313 Deum
1057 1249 1090 1313 in
1123 1252 1329 1336 oppositione
1357 1267 1484 1340 patrum

279 1370 482 1433 nostrorum,
499 1378 581 1443 quos
602 1369 710 1442 patres
729 1356 835 1421 carnis
851 1358 1003 1442 adpellant,
1021 1373 1144 1444 patrem
1161 1362 1331 1446 spirituum
1353 1363 1429 1427 dicit
1438 1368 1484 1443 ¹),

280 1469 366 1555 quod
382 1466 508 1533 seilicet
530 1489 594 1531 non
611 1468 716 1531 solnm
733 1468 772 1531 ab
789 1488 829 1531 co
846 1488 979 1532 carnem
994 1469 1186 1546 habeamus,
1219 1493 1314 1557 quam
1329 1471 1482 1537 submini-

280 1590 362 1643 strat
378 1576 474 1641 nobis
495 1597 554 1661 per
574 1576 720 1640 homines
738 1576 921 1664 geniturae,
953 1599 1065 1642 verum
1091 1579 1189 1644 etiam
1211 1581 1359 1666 spiritus,
1381 1582 1486 1647 idest

280 1686 404 1751 animas
420 1684 613 1770 corporibus
628 1684 810 1750 immediate
827 1685 971 1751 infundat
986 1708 1044 1772 per
1062 1688 1259 1753 creationem
1270 1693 1308 1768 ¹).

389 1794 421 1858 2.
437 1794 530 1858 Licet
547 1794 784 1882 origenesr),
801 1796 1051 1875 Nemesius¹),
1078 1808 1110 1860 et
1126 1796 1177 1861 alii
1186 1798 1212 1877 1)
1244 1799 1483 1883 praeexsisten-

280 1904 357 1969 tiam
379 1902 558 1968 animarum
579 1917 733 1980 statuant,
763 1926 863 1989 porro
890 1905 1211 1986 Tertullianus⁷),
1237 1908 1484 1987 Macarius⁸)‚

281 2015 398 2079 elfere
415 2025 502 2078 totus
520 2013 695 2090 Occidens,
712 2027 747 2078 ut
770 2014 815 2079 ait
830 2013 1138 2099 Hieronymus⁹)‚
1163 2037 1305 2080 necnon
1321 2020 1482 2081 Anasta·

281 2122 362 2187 sius
378 2122 638 2206 Presbyterffl)
651 2121 901 2187 traducianismo
913 2122 978 2187 sint
994 2123 1125 2188 addicti:
1142 2125 1240 2211 longe
1254 2126 1359 2210 major
1374 2138 1482 2190 tamen

282 2234 340 2296 SS.
357 2232 491 2294 Patrum
507 2252 583 2316 pars
609 2232 718 2305 docet,
740 2232 844 2295 Deum
859 2245 1017 2318 perpetuo
1035 2233 1156 2297 animas
1177 2235 1333 2299 humanas
1357 2232 1485 2310 creaic,

280 2339 559 2426 atquesententias
570 2339 648 2405 alias
658 2340 856 2428 impugnant.
868 2342 916 2406 Ad
929 2343 991 2406 hos
1001 2341 1178 2427 pertinent:
1195 2343 1486 2424 Lactantius¹¹),

278 2450 447 2535 Ephrem
479 2452 561 2534 Syr.
579 2455 638 2529 ¹²),
669 2450 844 2515 Hilarius
862 2451 1177 2531 ¹³)‚Ambrosius
1197 2458 1256 2531 ¹¹),
1295 2453 1482 2537 Hierony·

391 2665 419 2755 ¹)
437 2669 514 2735 Gen.
531 2668 563 2743 2,
581 2668 612 2737 7.
629 2707 671 2717 -
690 2666 717 2756 ²)
734 2672 829 2737 Hebr.
855 2670 906 2754 12,
924 2670 955 2738 9.
978 2708 1017 2719 -
1039 2671 1068 2749 ³)
1084 2672 1131 2738 of.
1153 2675 1299 2748 Estius,
1319 2676 1481 2736 Ournrnenl.

267 2763 305 2826 in
324 2782 432 2824 ornnes
448 2764 486 2822 P.
504 2762 605 2838 Epist.
622 2770 674 2829 ete.
692 2763 731 2823 ad
746 2764 767 2829 l.
784 2784 810 2830 o.
827 2764 874 2830 ed.
890 2766 1031 2844 Moguut.
1050 2760 1136 2828 1841
1160 2786 1201 2830 ss.
1219 2765 1257 2831 T.
1274 2763 1305 2828 6.
1327 2787 1357 2847 p.
1374 2762 1441 2828 435
1458 2786 1483 2830 s.

268 2853 298 2938 ⁴)
317 2859 373 2916 De
384 2853 524 2931 princip.
541 2856 561 2920 l.
579 2858 607 2915 1.
625 2875 650 2920 o.
669 2860 696 2920 7.
712 2876 743 2920 n.
760 2859 790 2921 3.
806 2858 836 2920 4.
854 2855 935 2936 Opp.
959 2857 998 2921 T.
1017 2853 1046 2920 1.
1065 2876 1095 2938 p.
1114 2855 1156 2920 72
1173 2878 1197 2923 s.
1227 2858 1246 2916 l.
1264 2861 1292 2918 2.
1315 2878 1339 2921 c.
1356 2861 1386 2917 8.
1402 2878 1432 2918 n.
1452 2860 1483 2923 4.

257 2945 316 3012 Ib.
337 2968 372 3027 p.
391 2942 446 3007 46.
465 2946 577 3011 C'omm.
595 2948 629 3005 in
644 2948 752 3010 Manu.
770 2953 790 3011 t.
816 2949 866 3007 15.
883 2968 913 3008 n.
930 2949 981 3008 35.
999 2948 1038 3009 T.
1056 2945 1085 3008 3.
1104 2968 1134 3026 p.
1159 2945 1293 3014 703-
1314 2947 1338 3030 ⁸)
1353 2951 1402 3008 De
1417 2955 1480 3012 nal.

255 3036 688 3101 uom.e.2.1n(}alland.
711 3037 795 3102 Bibl.
817 3040 885 3103 PP.
903 3039 941 3098 Τ.
968 3036 996 3100 7.
1014 3059 1045 3118 p.
1068 3035 1133 3101 368
1151 3060 1175 3103 s.
1211 3075 1253 3084 -
1278 3044 1306 3120 1)
1329 3037 1374 3099 of.
1400 3039 1483 3103 Silae

250 3129 368 3208 aare.
393 3128 564 3208 &ignatii
590 3127 697 3210 biluiug
722 3125 818 3192 1835.
843 3127 874 3191 2.
896 3128 939 3193 a.
966 3127 1010 3192 Θ.
1029 3127 1095 3192 304
1112 3151 1136 3194 s.
1173 3167 1216 3176 —
1237 3131 1260 3211 ⁷)
1284 3131 1482 3196 Derrima.

250 3221 571 3286 19—21.25-2r.
589 3223 639 3284 37.
657 3219 783 3301 Opp.V.
792 3217 823 3285 2.
831 3243 862 3300 p.
871 3217 949 3285 466.
967 3256 1010 3265 —
1029 3219 1052 3301 Θ)
1069 3224 1160 3286 Hune.
1170 3224 1221 3287 30.
1238 3243 1268 3283 n.
1286 3225 1313 3283 1.
1334 3257 1374 3266 -
1395 3219 1420 3304 9)
1435 3223 1483 3294 L,

245 3333 286 3379 ε.
308 3335 342 3377 c.
364 3348 408 3356 -
427 3305 469 3394 ¹⁰)
486 3312 631 3386 Monopb.
649 3330 693 3372 or.
709 3314 739 3372 4.
764 3311 801 3371 In
816 3312 899 3389 Maj.
917 3313 956 3376 Τ.
975 3307 1004 3376 7.
1021 3312 1058 3375 Ρ.
1077 3309 1105 3372 1.
1127 3333 1158 3391 p.
1182 3309 1256 3376 197.
1279 3348 1322 3357 -
1345 3314 1389 3389 11)
1405 3312 1477 3373 Diu.

245 3403 375 3467 instit.
400 3403 420 3462 l.
442 3405 470 3462 2.
495 3422 520 3466 o.
544 3405 593 3464 13.
619 3400 700 3482 Opp.
722 3404 762 3462 T.
783 3400 810 3464 l.
832 3424 864 3482 p.
889 3399 956 3463 165.
977 3423 1002 3466 s.
1019 3401 1039 3460 l.
1065 3402 1269 3464 3.e.19.1b.
1290 3423 1320 3482 p.
1340 3399 1415 3465 186.
1432 3406 1483 3462 De

248 3495 366 3574 Opef.
385 3492 457 3562 Dei,
476 3513 500 3557 c.
522 3495 572 3553 19.
591 3495 630 3558 Τ.
651 3490 682 3557 2.
705 3514 736 3572 p.
761 3490 834 3554 121.
857 3495 943 3553 Illud
965 3512 1080 3569 quoque
1099 3492 1201 3553 venire
1221 3493 1255 3552 in
1280 3493 1484 3569 quaestionem

234 3591 382 3662 potest,
400 3590 539 3644 unumne
554 3583 658 3644 anirno
676 3604 713 3644 eu
723 3592 822 3659 putre,
848 3605 890 3643 un
900 3584 1007 3660 potius
1025 3605 1063 3644 eu
1077 3591 1180 3656 moire,
1206 3606 1246 3644 un
1263 3603 1333 3644 uero
1350 3604 1387 3645 eac
1401 3591 1483 3644 utro·

245 3698 328 3757 que
344 3681 516 3752 qeneretur.
539 3675 601 3735 Sed
616 3695 668 3752 epo
684 3675 718 3734 in
734 3695 766 3734 eo
774 3678 849 3753 jure
869 3677 906 3734 ab
927 3676 1059 3751 ancipiti
1078 3676 1210 3738 vendico.
1233 3676 1323 3736 Ntutl
1341 3673 1420 3736 enirn
1446 3695 1484 3736 eu

245 3771 319 3830 his
339 3766 444 3826 tribua
459 3784 561 3826 oerum
577 3773 629 3826 eat.
664 3766 783 3841 Corpus
808 3766 889 3826 enim
909 3786 946 3826 en
968 3767 1149 3842 corporibus
1169 3766 1258 3826 nasei
1269 3773 1382 3842 potest,
1411 3787 1481 3843 quo·

247 3860 362 3922 niam
378 3857 536 3934 confertur
551 3857 671 3932 aliquid
687 3877 725 3916 eu
738 3864 872 3933 utroque,
890 3860 926 3916 de
941 3857 1054 3918 animia
1076 3857 1179 3917 animo
1193 3877 1255 3917 non
1265 3864 1376 3933 poteri,
1410 3857 1483 3934 quia

254 3971 312 4014 ea·
328 3968 364 4007 re
381 3947 499 4007 tenuiel
513 3947 811 4023 inconprehensibili
825 3948 905 4008 nillil
915 3956 1016 4024 potest
1025 3951 1173 4013 decedere.
1185 3952 1483 4025 Ilpueoerendururn

258 4040 453 4106 animorum
468 4039 549 4097 rulio
564 4039 621 4098 uni
636 4059 671 4098 ue
687 4039 746 4098 soli
761 4043 827 4099 Deo
843 4041 985 4118 subjacet.
1005 4075 1047 4084 -
1066 4041 1105 4120 ¹²)
1123 4043 1171 4098 De
1191 4039 1310 4115 Inspir.
1328 4038 1409 4120 Opp.
1434 4060 1481 4118 gr.

261 4139 299 4199 1,
319 4131 356 4195 T.
366 4128 403 4212 2.
420 4152 450 4210 p.
467 4126 521 4194 23.
542 4130 708 4206 Oonpenitu
724 4138 769 4190 eet
783 4130 901 4201 anima,
920 4134 1050 4190 sednon
1066 4130 1279 4192 conseminutu.
1315 4133 1393 4192 Ouru
1416 4150 1481 4190 cor-

266 4239 354 4307 pore
368 4221 503 4292 condito,
522 4224 576 4280 sed
587 4221 750 4297 proprium
766 4224 854 4281 babet
874 4221 1111 4281 subsistentiam.
1128 4256 1171 4267 -
1190 4224 1232 4297 13)
1254 4224 1302 4280 De
1327 4221 1448 4286 Trinil.
1461 4229 1481 4282 l.

281 4314 337 4378 10.
350 4332 376 4373 n.
395 4317 443 4377 20.
463 4312 577 4372 Anima
598 4312 696 4373 omnia
718 4332 794 4388 opus
810 4320 855 4371 est
867 4312 941 4386 Dei,
968 4312 1073 4372 curnis
1100 4331 1169 4372 vero
1181 4311 1346 4389 ,ueneratio
1366 4331 1482 4387 semper

283 4420 329 4466 ex
340 4421 424 4462 carne
441 4411 492 4462 est.
511 4402 591 4484 Opp.
609 4405 647 4469 Τ.
664 4401 695 4465 2.
713 4424 738 4468 c.
756 4399 832 4468 334.
848 4404 890 4462 Et
905 4424 935 4466 n.
953 4408 1010 4465 22:
1033 4406 1073 4464 Ut
1082 4422 1143 4479 per
1158 4423 1190 4463 se
1205 4403 1266 4464 sibi
1283 4400 1482 4464 accumulem

288 4488 407 4566 Virpine
422 4514 541 4570 corpus,
558 4495 603 4554 tra
618 4515 656 4555 eu
671 4515 703 4554 se
717 4494 778 4555 sibi
793 4495 927 4556 animum
943 4494 1101 4567 assumsit,
1118 4515 1194 4571 quoe
1209 4490 1312 4581 νίψω
1326 4496 1482 4570 nunquam

286 4581 325 4638 ab
338 4583 651 4662 lomene-pigneratum
668 4586 837 4663 oripinibus
847 4589 1020 4662 praebetur.
1039 4608 1063 4651 o.
1081 4583 1156 4650 334.
1181 4621 1221 4632 -
1241 4587 1284 4664 11)
1305 4590 1353 4646 De
1368 4588 1439 4645 Noi'
1455 4592 1484 4645 et

283 4685 366 4738 arco.
382 4697 407 4741 e.
422 4680 452 4736 4.
469 4698 500 4738 n.
518 4678 547 4740 9.
565 4676 646 4757 Opp.
664 4679 702 4739 T.
726 4675 755 4738 1.
780 4699 805 4739 c.
829 4675 897 4740 230
914 4699 938 4743 a.
960 4680 1141 4753 Plerumque
1164 4678 1293 4754 Anpeloc
1308 4676 1395 4753 filios
1417 4677 1480 4736 Dei

281 4767 552 4844 vocarseriprurm
570 4768 644 4845 quia
655 4789 693 4829 erc
708 4772 792 4828 nudo
803 4769 923 4830 bomine
935 4763 1120 4847 ponerentur
1136 4768 1264 4829 animae.
1275 4772 1323 4827 De
1337 4767 1478 4846 paradis.

277 4863 300 4904 ⁶·
312 4852 372 4918 11.
388 4880 417 4920 n.
434 4862 484 4924 50.
501 4861 540 4925 T.
560 4858 589 4926 1.
607 4881 633 4925 c.
653 4857 726 4925 167.
739 4860 920 4935 Considera,
938 4861 1013 4939 quio
1028 4880 1065 4920 eu
1082 4879 1206 4940 corpore
1222 4866 1335 4920 coslam
1350 4857 1484 4938 suberit,
1605 4894 1607 4900 ·
