3775 5625
1476 429 1542 527 iil

351 615 448 688 iseros
464 641 537 689 esse
549 631 755 708 praenoscis.
779 626 852 690 Non
869 638 919 690 est
935 613 1060 712 quidem
1074 598 1128 690 liic
1143 647 1252 691 sermo
1270 628 1308 690 de
1324 624 1395 712 ipsa
1411 627 1542 711 praede·

352 733 525 799 stinatione
551 736 591 800 ad
613 734 761 823 gloriam,
788 735 844 799 sed
866 736 904 799 de
926 734 1216 819 praedestinatione
1234 736 1273 800 ad
1289 735 1443 823 gratiam,
1465 748 1543 800 atta-

350 863 425 906 men
456 843 485 908 si
516 843 764 928 praedestinatio
797 844 834 907 ad
867 843 1004 930 gratiam
1024 845 1227 929 hypothetica
1259 857 1325 920 est,
1357 865 1396 909 eo
1429 843 1544 931 magis,

350 963 385 1014 ut
415 974 513 1038 supra
545 952 760 1027 ostendimus,
792 952 1040 1037 praedestinatio
1073 953 1112 1018 ad
1150 954 1286 1041 gloriam
1327 952 1545 1019 conditionata

350 1082 425 1125 esse
442 1063 544 1127 debet.

459 1172 499 1235 D.
521 1173 665 1235 Tandem
687 1170 799 1259 negari
822 1194 884 1235 uon
913 1183 1032 1257 potest,
1054 1171 1245 1236 seutentiam
1267 1172 1306 1235 de
1326 1171 1543 1256 praedestina-

350 1279 448 1353 tione,
465 1300 545 1365 quae
562 1280 807 1366 praescientiam
825 1280 1043 1366 consequitur,
1061 1280 1165 1367 magis
1188 1278 1312 1344 divinae
1329 1279 1490 1345 sanctitati
1507 1302 1545 1345 ac

343 1387 488 1473 justitiae
506 1410 580 1453 esse
597 1411 784 1477 congruam,
801 1411 861 1454 uec
878 1412 942 1454 non
960 1388 1085 1454 animos
1103 1392 1141 1454 ad
1159 1411 1258 1475 opera
1274 1392 1358 1455 bona
1373 1391 1542 1454 vehemen-

347 1496 412 1562 tius
433 1498 626 1572 aecendere;
644 1500 717 1571 dum
739 1519 756 1562 e
780 1500 942 1563 contrario
965 1498 1123 1564 sententia
1156 1498 1320 1584 opposita,
1354 1519 1415 1585 qua
1431 1497 1542 1563 statui·

349 1617 412 1681 tur,
429 1606 531 1671 Deum
556 1621 665 1672 certos
680 1607 826 1672 homines
848 1608 936 1693 prius
959 1609 998 1673 ad
1019 1621 1180 1674 aeternam
1198 1607 1335 1695 gloriam
1356 1607 1494 1696 eligere,
1512 1618 1545 1672 et

350 1714 464 1779 deinde
480 1717 602 1803 gratias
619 1728 723 1782 tantas
740 1738 779 1781 ac
795 1718 874 1781 tales
893 1718 1091 1789 concedere,
1109 1737 1190 1802 quae
1205 1715 1279 1780 illos
1296 1727 1387 1780 certo
1405 1728 1437 1779 et
1452 1714 1542 1780 inial·

349 1821 476 1887 libiliter
492 1824 556 1890 vita
572 1836 702 1888 aeterna
719 1824 834 1912 dignos
850 1826 1000 1900 reddant,
1022 1838 1056 1889 ut
1078 1846 1149 1889 eam
1168 1823 1230 1889 illis
1248 1826 1322 1909 jure
1340 1823 1450 1909 possit¹
1462 1823 1541 1889 assi-

347 1952 469 2020 gnare,
500 1932 532 1997 in
557 1932 659 1998 Deum
690 1932 859 2018 injuriosa,
890 1933 955 1999 imo
987 1934 1054 1998 iere
1086 1933 1272 2018 blasphema
1305 1954 1378 1998 esse
1405 1932 1543 2008 videtur,

348 2054 445 2127 atque·
466 2041 519 2128 qui
550 2055 624 2107 sunt
655 2042 810 2108 tenuioris
843 2042 976 2118 indolis,
1009 2043 1048 2107 ad
1082 2040 1339 2127 desperationem
1371 2040 1463 2107 facile
1488 2043 1541 2106 ad·

348 2150 452 2227 ducit,
473 2149 525 2237 qui
546 2164 650 2216 autem
672 2152 803 2217 levioris
826 2151 938 2227 animi,
968 2151 1079 2218 salutis
1106 2172 1183 2217 suae
1206 2172 1342 2236 prorsus
1358 2150 1543 2217 incuriosos

347 2259 494 2325 reddit.··

454 2372 513 2432 His
529 2391 589 2431 non
608 2374 732 2432 obstant

457 2479 599 2542 l.verlta
629 2484 755 2554 Pauli,
787 2484 897 2560 quibus
930 2483 986 2542 ait:
1020 2482 1098 2543 Non
1119 2486 1174 2562 qui
1194 2482 1256 2561 filii
1278 2487 1409 2561 carnis,
1435 2484 1542 2563 nepita·

346 2591 426 2665 Dei,
458 2592 478 2649 i.
503 2612 530 2651 e.
559 2592 635 2651 solis
658 2594 810 2652 natalibus
828 2602 899 2651 sulit
914 2593 1058 2652 Abrahae
1075 2592 1208 2666 posteri3
1242 2587 1547 2673 sedqnifiliisunt'

341 2704 590 2780 promissionis,
611 2706 829 2763 destineantur
845 2707 879 2762 in
895 2706 1018 2761 sernine
1025 2745 1037 2778 ,
1062 2699 1089 2761 i.'
1100 2722 1126 2761 e.
1145 2702 1196 2779 qui
1213 2703 1373 2779 speciatim
1399 2713 1472 2762 sunt
1489 2701 1540 2764 de·

346 2811 435 2881 lecti,
454 2820 525 2870 sunt
543 2812 608 2870 veri
624 2813 706 2870 illius
724 2814 851 2888 posteri.
885 2848 927 2857 -—
964 2811 1047 2872 Onrn
1069 2817 1152 2871 enim
1174 2813 1319 2872 nondum
1335 2818 1540 2884 nudassent,

347 2926 411 2980 ont
423 2919 551 3000 aliquid
564 2916 639 2980 dorsi
652 2927 804 2998 epissent,
824 2928 885 2982 ont
898 2922 977 2981 muli
994 2923 1053 3000 (nt
1065 2922 1244 2981 secundum
1262 2921 1447 2981 electionem
1460 2942 1537 3001 pro·

341 3034 488 3109 pesitum
503 3029 566 3089 Dei
583 3037 741 3106 moneret,
760 3033 780 3093 i,
799 3052 826 3092 e.
844 3033 1003 3092 decretum
1021 3032 1080 3090 Dei
1098 3040 1237 3089 maneret
1254 3031 1394 3102 liberum,
1412 3050 1479 3090 non
1496 3050 1540 3091 ec

347 3139 515 3217 apertius,
533 3141 594 3198 sed
607 3159 651 3199 ecc
665 3146 819 3211 vocante,
851 3160 889 3199 ex
906 3142 972 3199 solo
989 3140 1183 3216 beneplacito
1199 3141 1258 3198 Dei
1276 3141 1433 3209 vocantis,
1451 3141 1537 3198 mini-

347 3267 397 3306 me
414 3267 431 3307 a
447 3248 540 3309 {actis
564 3250 718 3325 pendens)
749 3250 868 3308 dictum
895 3254 946 3307 est
961 3253 1006 3308 ei:
1038 3246 1125 3320 Quia
1143 3251 1250 3324 major
1274 3253 1395 3309 serviet
1409 3253 1538 3321 minori,

345 3361 436 3416 sicut
462 3362 620 3437 scriptum
652 3363 718 3417 esi:
754 3356 862 3417 Jacob
890 3358 1012 3437 dileoei,
1035 3357 1134 3417 Esau
1151 3363 1260 3416 antem
1278 3359 1350 3418 odio
1367 3359 1477 3418 indui.
1496 3392 1537 3401 -

345 3463 553 3546 Miseredor,
577 3470 673 3543 cnjm
694 3472 873 3546 misereor,
893 3469 912 3525 i.
932 3488 958 3528 e.
977 3467 1064 3542 eujus
1082 3466 1227 3525 misereri
1243 3469 1330 3526 volo:
1352 3473 1386 3527 et
1404 3472 1537 3527 miseri-

346 3576 495 3635 cordiam
522 3577 716 3655 praestabo,
751 3579 847 3651 cnjm
870 3576 1068 3654 miserebor,
1091 3576 1111 3634 i.
1130 3595 1156 3635 e.
1176 3576 1264 3650 eujus
1282 3576 1426 3635 misereri
1443 3577 1538 3639 lubet.

347 3685 454 3760 Ipitnr
469 3704 535 3745 non
549 3686 700 3764 colentis,
718 3705 821 3765 neque
837 3689 1017 3763 currentis,
1036 3685 1097 3743 sed
1110 3689 1294 3744 inicerentis
1311 3691 1362 3745 esi
1374 3684 1437 3744 Dei
1441 3731 1453 3764 ,
1472 3687 1492 3744 i.
1512 3704 1538 3745 e.

346 3794 498 3856 beneficia
524 3796 626 3855 diviua
651 3797 772 3855 minime
795 3796 832 3856 ab
865 3795 986 3854 homine
1013 3795 1065 3853 illa
1091 3803 1270 3870 appetente,
1293 3805 1324 3854 et
1342 3813 1467 3870 operam
1483 3777 1537 3853 na·

348 3913 452 3974 vante,
469 3906 523 3963 sed
541 3924 559 3963 a
574 3908 641 3963 Deo
659 3906 783 3964 favente
800 3905 942 3982 pendent.
958 3900 1101 3978 -Il'rpo
1120 3905 1216 3978 cnjus
1238 3902 1320 3980 croit,
1348 3907 1536 3981 miseretur,

347 4017 382 4072 et
395 4031 489 4092 prtem
504 4012 585 4091 onii,
602 4014 748 4074 induret.
781 4048 825 4058 —
859 4010 1021 4090 Oleomo,
1045 4019 1081 4072 tn
1095 4018 1176 4092 *quis
1193 4032 1247 4091 es,
1265 4016 1321 4092 qni
1337 4013 1539 4092 respondeas

346 4121 442 4181 Deo?
464 4122 635 4202 Numquid
649 4125 727 4183 dicit
738 4125 922 4200 fipmeninm
939 4110 982 4202 ei,
1001 4127 1108 4202 quise
1122 4125 1239 4200 fincii:
1260 4118 1350 4192 Quid
1363 4142 1412 4181 me
1425 4123 1538 4199 fecisti
1556 4100 1562 4182 ⁷.

346 4235 420 4292 sie?
451 4232 503 4291 An
521 4251 588 4291 non
608 4233 706 4292 natet
720 4237 914 4311 potestatem
928 4233 1052 4310 pionius
1071 4232 1131 4291 ton
1148 4251 1192 4290 etc
1208 4232 1321 4290 eodem
1337 4250 1451 4290 massa
1472 4233 1536 4309 so-

347 4359 424 4401 cere
439 4340 534 4400 alind
547 4343 674 4420 quidem
689 4362 748 4402 vce
763 4348 798 4402 in
813 4345 984 4422 leonorem,
1004 4342 1099 4402 alind
1110 4361 1186 4400 cero
1203 4345 1237 4400 in
1250 4339 1478 4400 eontnneeliam
1488 4338 1538 4416 ¹)?

348 4452 425 4508 Nam
458 4449 543 4510 hisce
575 4461 693 4511 lantum
714 4453 881 4527 Apostolus
904 4470 958 4509 eos
984 4451 1158 4528 impugnat,
1186 4448 1540 4526 quialtirmahant,sibi

347 4568 525 4641 propterea,
542 4563 612 4638 quia
629 4562 782 4640 originem
807 4562 842 4619 ab
859 4561 1033 4619 Abraharno
1055 4560 1216 4630 ducebant,
1244 4559 1422 4619 circumcisi
1439 4566 1538 4626 erant,

349 4680 380 4730 et
397 4689 490 4747 opera
504 4671 602 4748 Legis
619 4669 780 4739 habebant,
798 4680 949 4746 tamquam
966 4671 1076 4745 populo
1094 4671 1213 4737 eleeto,
1231 4677 1262 4726 el
1279 4667 1397 4744 quidem
1415 4665 1445 4724 vi
1455 4664 1538 4738 juris

459 4888 483 4969 ¹)
500 4889 588 4954 Rom,
604 4884 635 4965 9,
653 4884 773 4952 8-21.

1261 4988 1323 5059 34*
