3775 5625
349 399 415 467 298

348 587 432 648 men,
450 578 489 630 at
517 572 559 630 in
583 571 736 631 nomine
750 568 848 630 Jera
873 588 980 630 omne
998 589 1102 648 aena
1119 571 1316 644 flectatur
1336 579 1545 655 coelestiam,

348 681 566 751 terrestriam,
595 688 627 739 et
649 678 875 751 infernorum,
900 689 934 740 et
959 683 1062 740 amnis
1089 683 1203 758 linqua
1226 684 1437 763 confiteatur,
1469 690 1548 763 qaia

349 787 543 849 Dominae
559 786 682 847 leena
701 787 895 848 Christus
910 792 952 848 ia
964 792 1103 865 ,laria
1118 800 1176 851 eat
1190 791 1264 851 Dei
1278 791 1481 871 Patria).
1506 793 1548 857 Et

348 897 542 960 loannes:
567 895 697 973 uana
722 908 771 957 eet
793 916 911 975 aynae,
941 900 999 974 pai
1024 901 1150 959 oeeiaae
1165 910 1226 980 eat,
1251 903 1400 980 accipere
1416 906 1546 966 virta-

349 1017 435 1085 tem,
470 1016 508 1068 et
536 1008 805 1085 divinitatem,
828 1002 848 1067 i.
870 1024 898 1067 e.
920 1002 1157 1088 professionem
1174 1018 1208 1070 et
1222 1008 1384 1073 honorem
1414 1006 1545 1075 virtutis

348 1112 576 1199 omnipotentis
592 1132 630 1175 ao
646 1109 818 1176 divinitatis
829 1113 865 1191 ¹).

458 1224 495 1286 0.
520 1224 660 1285 Patres
681 1232 836 1306 perpetuo
859 1219 1008 1285 insectati
1031 1234 1105 1286 sunt
1127 1245 1201 1299 eos,
1223 1224 1274 1310 qui
1290 1226 1341 1290 vel
1358 1226 1484 1292 cultum
1500 1228 1544 1293 di·

346 1331 454 1396 vinum
471 1329 601 1395 Christo
619 1330 836 1417 denegabant,
858 1331 906 1395 vel
923 1331 1148 1397 humanitatem
1171 1331 1290 1399 Christi
1310 1333 1342 1397 in
1360 1356 1398 1400 se
1414 1350 1543 1422 speeta-

346 1453 411 1504 tam
436 1440 629 1503 adorandam
654 1460 729 1504 esse
752 1438 996 1503 contendebant.
1028 1440 1080 1504 Ex
1103 1440 1247 1525 plurimis
1268 1441 1329 1507 illis
1346 1442 1492 1510 sufficiat
1506 1448 1545 1511 ad

346 1548 598 1616 Athanasium
616 1560 649 1613 et
663 1547 938 1636 Augustinum,
955 1559 1065 1634 utpote
1082 1549 1113 1614 in
1130 1572 1166 1615 re
1182 1572 1240 1635 per
1257 1572 1292 1616 se
1310 1550 1453 1637 patenti,
1469 1577 1542 1642 pro·

345 1681 493 1727 vocasse.
518 1660 572 1723 llle
587 1660 698 1724 hahet:
725 1662 805 1722 llem
834 1672 976 1723 ereatanr
998 1681 1065 1723 non
1090 1669 1281 1724 atior-amaa:
1296 1668 1390 1727 adiit.
1414 1665 1543 1728 Iltltni·

346 1753 459 1835 aarum
488 1775 573 1832 enim
604 1782 636 1832 et
665 1772 866 1831 Arianoram
885 1781 934 1832 eat
957 1772 1141 1849 hujusmodi
1170 1791 1277 1833 error.
1310 1772 1380 1835 Sed
1410 1795 1545 1838 rerum

346 1893 573 1944 creatarum
604 1882 826 1953 Dominum,
863 1899 1021 1941 earnem
1050 1882 1225 1961 fartam,
1259 1881 1334 1943 Ilei
1369 1884 1544 1948 Verbum

346 1998 566 2053 adoramus.
584 1990 660 2051 Etsi
675 1993 759 2051 enirn
776 1993 848 2068 ipsa
863 2007 940 2050 aare
959 2009 1105 2051 seorsum
1120 2000 1261 2069 spectata
1271 2010 1354 2071 pare
1370 1997 1417 2056 eit
1432 2013 1545 2058 reram

346 2112 543 2180 ereaturam,
567 2109 708 2160 attamen
729 2098 793 2160 Dei
805 2101 899 2171 faeta
913 2109 963 2159 eat
978 2119 1105 2178 eorpus.
1129 2099 1243 2177 Nepae
1259 2120 1337 2178 erqo
1355 2102 1544 2180 hajamin

346 2230 464 2288 eorpus
486 2231 507 2271 a
532 2210 634 2269 Verba
656 2212 833 2270 dividentes
856 2214 1044 2280 adoramus,
1065 2229 1169 2287 nepae
1194 2229 1266 2271 eam
1285 2211 1432 2274 Verbum
1443 2219 1544 2276 aolu-

346 2338 417 2381 mna
437 2325 591 2389 adorare,
615 2321 719 2394 ipnrra
741 2339 761 2377 a
783 2336 881 2378 earne
903 2320 1150 2395 removemaa⁸).
1174 2315 1235 2381 Hie
1256 2337 1351 2381 vero:
1373 2318 1420 2382 δι’
1436 2324 1544 2386 doni·

345 2447 417 2488 nent
433 2430 638 2505 separareris
654 2448 675 2487 a
689 2427 778 2487 Deo:
801 2446 905 2504 nepae
921 2431 972 2487 illi
988 2434 1096 2510 eredo,
1122 2448 1225 2506 nepae
1240 2430 1291 2490 illi
1306 2433 1420 2493 servio
1432 2428 1472 2511 ⁴).
1495 2429 1542 2496 Si·

346 2533 430 2598 milia
444 2534 563 2597 hahent
577 2532 629 2597 alii
639 2538 677 2613 ὅ).

454 2645 495 2705 ll.
521 2641 739 2708 Concilium
761 2642 1001 2728 Ephesinum
1024 2656 1130 2708 autem
1146 2644 1417 2712 anathematismo
1435 2647 1468 2714 8.
1485 2649 1543 2734 Cy·

345 2750 406 2816 riili
416 2750 448 2816 in
458 2773 549 2818 suum
561 2754 710 2838 adoptato
722 2750 847 2817 delinit:
865 2752 907 2816 Si
922 2758 996 2833 nair
1011 2756 1173 2818 hominem
1188 2766 1377 2831 astantum,
1392 2777 1466 2822 ana
1474 2778 1545 2823 eun

346 2869 418 2943 ipio
441 2864 505 2925 Ilei
532 2867 634 2926 Verbo
658 2871 875 2936 adoraudum,
897 2885 964 2926 ana
986 2884 1058 2927 earn
1078 2869 1150 2946 itta,
1169 2877 1331 2946 tamqnam
1347 2874 1497 2933 atteram
1511 2874 1544 2931 in

345 2981 448 3038 altera
474 2979 695 3054 aesinantem,
722 2974 826 3035 Deam
846 2979 1071 3052 adpellandarn
1086 2994 1157 3036 esse
1171 2979 1279 3037 diacre
1293 2995 1401 3039 anana
1415 2979 1540 3052 faerit:

346 3095 501 3145 -etnon
516 3104 596 3146 ana
609 3087 721 3160 potine
736 3086 897 3144 adorati
904 3083 1224 3146 oneEmniaanelem
1234 3087 1390 3166 donarat,
1409 3107 1541 3150 anan·

344 3213 416 3272 pue
436 3195 487 3255 illi
506 3195 859 3272 glorificationem
879 3196 1043 3266 attribuit,
1067 3204 1226 3272 quatenns
1246 3195 1390 3258 Versum
1414 3199 1541 3272 fuam

343 3315 504 3365 eetearo:
537 3303 656 3382 ant).
687 3302 729 3364 Et
761 3299 984 3366 Corieiiium
1017 3300 1385 3387 Constantinopll.
1409 3306 1540 3387 Siquis

345 3450 386 3461 -—
403 3434 469 3477 non
492 3434 568 3475 aaa
590 3402 829 3475 adoratione
849 3412 970 3475 Deam
991 3415 1156 3475 Verbum
1175 3417 1440 3479 incarnatum
1461 3437 1539 3480 aaa

340 3526 509 3601 propria
534 3526 665 3600 ipsias
686 3542 805 3583 earne
829 3528 988 3603 adorat,
1015 3526 1101 3585 aient
1118 3528 1157 3585 ab
1174 3527 1269 3585 initia
1285 3524 1349 3585 Dei
1366 3525 1539 3589 ticianae

343 3635 499 3692 traditura
513 3641 577 3691 eat:
593 3635 669 3692 talis
684 3634 856 3694 anathema
871 3636 915 3694 ait
924 3634 960 3710 ⁷).

450 3827 475 3916 ¹)
492 3831 572 3894 Phil.
589 3828 619 3902 2,
638 3829 759 3896 6-11.
788 3830 833 3897 cl.
849 3832 955 3895 Matth.
973 3831 1009 3904 2,
1038 3829 1089 3897 ll.
1106 3830 1161 3905 28,
1186 3829 1237 3895 ll.
1254 3833 1347 3896 Joen.
1366 3833 1406 3908 9,
1422 3833 1477 3901 38.
1493 3836 1533 3898 cf.

342 3922 498 3987 Maidon.
523 3924 552 3982 in
576 3924 605 3985 h.
622 3921 654 3986 ll.
672 3958 713 3967 —-
732 3926 761 3999 ²)
778 3923 873 4003 Apoo.
891 3919 923 3996 5,
942 3921 994 3988 12.
1011 3959 1055 3969 —
1072 3926 1099 4001 ³)
1115 3923 1219 4000 Epist.
1246 3927 1288 3984 ad
1311 3925 1444 4003 Adelph.
1460 3948 1491 3988 n·
1505 3930 1531 3987 3.

343 4013 423 4095 Opp.
440 4016 478 4078 T.
497 4013 525 4077 l.
541 4016 578 4076 P.
595 4011 626 4076 2.
643 4036 672 4095 p.
689 4010 765 4076 912.
786 4013 838 4073 Or.
852 4018 880 4078 l.
898 4013 1136 4076 eont.Arian.n.
1149 4012 1337 4080 43.'1'.1.P.
1351 4013 1527 4101 aptatis.

343 4100 524 4190 —⁴)Serm.
541 4107 590 4168 58.
607 4109 655 4166 De
670 4107 749 4165 verb.
766 4106 856 4169 Dan.
872 4124 902 4169 n.
918 4108 948 4171 5.
964 4104 1045 4187 Opp.
1056 4106 1094 4169 T.
1103 4101 1135 4166 5.
1147 4127 1217 4187 app.
1228 4104 1326 4168 aaran.
1339 4110 1416 4174 246.
1425 4130 1451 4170 e.
1458 4104 1525 4171 404.

343 4195 388 4260 Ol.
403 4198 465 4272 Ep.
482 4200 552 4259 187.
569 4200 611 4257 ad
625 4198 768 4257 Darden.
786 4196 825 4259 T.
842 4193 873 4257 2.
890 4216 915 4256 e.
934 4193 1000 4258 678
1017 4217 1059 4261 ss.
1076 4231 1121 4243 -
1137 4194 1159 4276 ⁶)
1177 4196 1324 4276 Origen.
1340 4200 1386 4258 In
1396 4202 1443 4263 Ie.
1454 4200 1520 4260 aaa

342 4289 370 4348 5.
387 4307 419 4347 n.
435 4290 464 4352 6.
482 4288 561 4369 Opp.
578 4289 617 4350 T.
634 4284 664 4349 3.
681 4309 712 4368 p.
730 4283 804 4348 112.
821 4287 1003 4367 Epiphan.
1021 4288 1134 4370 Aneor.
1145 4289 1233 4350 atr.
1250 4284 1384 4368 Opp.*T.
1399 4288 1429 4355 2.
1439 4283 1517 4371 pil.

342 4378 472 4459 (lyrill.
487 4379 592 4441 Alex.
609 4380 668 4442 An.
685 4381 714 4439 8.
732 4376 812 4457 Opp.
831 4378 869 4439 T.
888 4374 918 4440 6.
934 4378 972 4443 Ρ.
990 4375 1019 4440 1.
1039 4399 1068 4458 p.
1088 4374 1161 4440 153.
1182 4378 1268 4441 Oont.
1282 4379 1404 4442 Nestor.
1421 4382 1441 4441 l.
1456 4383 1512 4442 aa
1577 4370 1581 4397 ¹

342 4470 540 4532 10-11.1b.
557 4492 588 4550 p.
604 4467 648 4530 52
665 4490 707 4534 ss.
723 4467 949 4535 Theodorei.
964 4471 1004 4528 In
1022 4471 1107 4532 Oant.
1122 4473 1152 4544 3,
1164 4471 1189 4530 6.
1211 4470 1292 4551 Opp.
1303 4468 1383 4535 Τ.2.
1392 4493 1421 4553 p.
1433 4464 1509 4532 1036·
1570 4464 1581 4544 f

341 4564 452 4637 Ephee.
477 4565 504 4630 2,
524 4563 549 4622 7.
571 4561 610 4622 T.
627 4557 659 4623 3.
680 4580 711 4640 p.
727 4555 803 4624 299.
835 4559 1000 4621 Ambros.
1023 4563 1070 4622 De
1085 4559 1172 4637 spir.
1189 4561 1222 4623 8.
1241 4563 1261 4621 l.
1277 4563 1308 4622 3.
1325 4581 1353 4629 e.
1369 4565 1418 4628 11.
1432 4583 1457 4622 n.
1472 4558 1504 4617 tt.
1569 4554 1581 4581 ⁸

343 4650 421 4731 Opp.
444 4647 483 4713 T.
501 4649 532 4712 2.
556 4671 580 4713 e.
598 4648 672 4714 681.
693 4647 909 4713 J.Damaso.
929 4653 978 4712 De
987 4651 1046 4729 fid.
1068 4654 1144 4713 orth.
1162 4653 1181 4713 l.
1198 4654 1228 4712 3.
1250 4672 1275 4712 e.
1293 4656 1323 4714 8.
1346 4645 1502 4735 oppid·
1564 4632 1581 4719 ¹⁵.

342 4762 372 4821 p·
389 4737 465 4804 216.
483 4777 525 4787 -
545 4737 570 4824 ⁶)
586 4742 718 4822 Menai,
737 4740 812 4800 Ooll.
831 4740 923 4805 Cone.
941 4739 980 4808 T.
996 4739 1028 4804 4.
1046 4763 1070 4806 e.
1091 4737 1186 4806 1083.
1201 4743 1281 4822 Δ)
1300 4744 1376 4811 Ooll.
1392 4746 1419 4807 8.
1434 4737 1499 4803 atti·
1568 4742 1573 4755 ’

342 4833 475 4915 Menai,
495 4833 570 4896 (loll.
590 4833 680 4892 Cane.
699 4828 737 4896 Τ.
755 4827 785 4892 9.
803 4852 827 4894 c.
845 4828 922 4894 383.
1572 4828 1581 4839 “
