3775 5625
1409 430 1477 500 *126

260 603 477 685 peremptos
493 600 678 675 captiuos
693 603 833 668 teneat
851 599 903 665 ad
920 602 1056 677 ipsias
1071 598 1317 671 voluntatem
1329 600 1369 676 1),
1385 609 1477 682 atque

265 709 353 790 qai
380 705 558 778 laudabat
586 712 730 775 mortis
760 706 1017 786 imperium'),
1050 716 1083 768 et
1103 725 1164 780 nos
1185 704 1334 793 indigerit
1356 705 1476 782 Christi

266 830 362 894 opt,
382 811 476 880 atde
499 823 659 895 potestate
681 825 812 897 satanae
835 812 1008 880 liberemur
1019 817 1057 892 ⁸),
1080 814 1225 882 docetur.
1273 815 1366 894 Quod
1382 836 1477 901 prum

270 926 380 990 homo
402 940 462 1004 pro
485 940 545 986 sua
564 934 678 1000 natura
698 921 832 1010 Angelis
853 942 955 1007 nequa
977 922 1071 988 bonis
1094 943 1196 1008 neque
1223 922 1316 996 malis
1339 922 1382 998 sit
1402 925 1477 996 sub·

278 1034 402 1115 jectus,
422 1028 564 1105 aliunde,
588 1051 682 1116 quam
704 1052 745 1100 ex
765 1044 917 1115 peccato,
939 1044 971 1097 et
993 1031 1120 1116 quidem
1141 1031 1244 1116 primo
1268 1031 1387 1102 fautum
1404 1053 1478 1108 esse

289 1150 482 1222 nonpotast

392 1254 439 1309 bx
456 1252 565 1329 quibus
581 1253 779 1331 intelligitur,
797 1272 885 1329 quam
903 1254 1028 1312 multum
1047 1273 1064 1312 a
1081 1254 1224 1326 veritate,
1240 1256 1300 1314 imo
1318 1274 1336 1325 a
1353 1256 1478 1333 dogma·

305 1362 357 1420 tiea
369 1362 543 1421 delinitione
561 1363 785 1424 Giintherus
802 1364 1013 1433 aberraverit,
1030 1365 1079 1442 qui
1097 1364 1234 1433 tradidit,
1250 1375 1479 1441 perpetratum

234 1453 252 1526 '.
307 1469 418 1548 originis
434 1489 532 1548 neque
548 1471 738 1531 intellectum
756 1491 826 1531 esse
843 1472 1044 1542 debilitatum,
1062 1473 1300 1549 usqueliberum
1312 1475 1475 1533 arbitrium

242 1661 246 1678 ἱ
310 1586 478 1639 attenuatum
495 1590 528 1640 et
542 1581 723 1641 inclinatum
737 1583 775 1672 ⁴).

564 1928 571 1940 ,
655 1852 681 1933 §-
699 1846 766 1924 tt.
799 1846 1110 1922 continuatio.
1147 1854 1149 1858 ’

389 2014 509 2078 Varum
524 2012 599 2077 lieet
613 2034 671 2098 per
688 2014 853 2111 peccatum
870 2013 1027 2104 originale
1045 2014 1130 2079 vires
1147 2013 1340 2102 spirituales,
1358 2028 1390 2080 et
1405 2035 1477 2100 spe·

313 2116 396 2184 datim
410 2121 546 2187 liberum
562 2122 739 2198 arbitrium,
755 2124 787 2186 in
804 2122 945 2188 deterius
963 2123 1027 2188 sint
1044 2136 1270 2189 commutatae:
1294 2136 1480 2189 nontamen

311 2223 364 2292 ideo
384 2244 456 2296 sunt
476 2233 619 2297 sublatae
636 2253 675 2297 ao
691 2233 886 2308 exstinctae,
908 2234 966 2298 sed
989 2246 1109 2298 tantum
1139 2246 1319 2299 attenuatae
1343 2255 1401 2300 seu
1421 2233 1478 2299 im-

311 2335 433 2405 amulae.

395 2456 633 2514 Reiormatorss
650 2473 732 2515 seeo.
757 2456 855 2527 XVI„
884 2456 1025 2533 quoniam
1051 2457 1186 2535 gratiam
1218 2457 1477 2527 sanctificantem,

308 2573 376 2631 tiam
398 2564 578 2638 iar-ratione,
602 2584 657 2624 seu
682 2565 832 2624 laenitate
850 2566 1000 2624 veritates
1018 2566 1186 2645 religiosas
1205 2567 1424 2645 cognoscendi,
1449 2577 1480 2627 et

304 2662 427 2735 inlitora
445 2674 575 2733 arbitrio
592 2676 791 2750 reponebant,
807 2675 923 2734 bomini
940 2694 1011 2733 esse
1029 2676 1161 2734 debitam
1179 2693 1215 2735 ao
1232 2685 1351 2751 partem
1369 2694 1476 2736 essen·

302 2772 387 2842 fialam
401 2784 500 2860 ipsius
518 2784 667 2843 bumanae
684 2793 814 2844 naturae
832 2785 1046 2844 assumebant:
1073 2785 1142 2844 inde
1160 2785 1362 2859 deduxerunt,
1380 2786 1477 2859 homi·

297 2895 358 2950 ”tm
379 2894 498 2970 lapsum
522 2913 579 2970 per
604 2895 751 2954 amissam
768 2895 922 2968 justitiam
949 2895 1133 2973 originalem
1159 2897 1292 2983 turpiter
1317 2897 1392 2955 adeo
1410 2915 1479 2956 uor-

292 3003 408 3076 ruptum
427 3021 509 3073 esse,
527 3013 561 3062 ut
577 3004 717 3063 amiserit
733 3024 874 3081 prorsus,
892 3005 936 3063 uti
953 3006 1115 3074 rationem,
1136 3006 1181 3063 ita
1198 3005 1371 3064 libertatem
1390 3024 1478 3072 suam

256 3100 261 3119 ⁴
283 3110 464 3182 naturalem,
473 3113 570 3188 ipsam
582 3132 621 3171 ex
633 3133 667 3177 se
680 3114 794 3192 agendi
805 3133 861 3173 seu
872 3134 943 3174 sese
956 3114 1179 3174 determinandi
1189 3115 1367 3189 potentiam,
1385 3125 1476 3192 atque

279 3201 385 3278 ‘totus
399 3221 442 3279 sit
456 3221 487 3279 iu
504 3221 716 3297 spiritualibus
729 3224 815 3281 velut
826 3230 977 3298 truncus,
991 3223 1077 3301 lapis
1087 3241 1122 3282 ao
1136 3217 1383 3307 andastaua-⁵).
1393 3225 1477 3285 Unde

274 3334 567 3369 t*------------

395 3420 418 3503 ¹)
434 3419 466 3485 2.
483 3423 562 3483 Tim.
580 3417 611 3492 2,
627 3419 680 3484 26.
697 3457 741 3466 -
758 3425 786 3498 ²)
803 3422 899 3484 Hebr.
916 3419 949 3494 2,
968 3419 1019 3483 14.
1039 3458 1079 3468 ·-
1098 3426 1126 3502 ³)
1143 3423 1251 3485 Matth.
1272 3423 1323 3495 12,
1332 3421 1475 3486 28-29.

268 3489 357 3575 Lus.
375 3509 426 3586 10,
445 3509 498 3577 18.
518 3510 569 3593 11,
586 3509 640 3574 ao.
657 3512 749 3574 oon.
769 3510 820 3587 12,
837 3510 889 3574 31.
907 3513 974 3575 oo.
994 3512 1022 3581 1,
1041 3511 1093 3576 13.
1110 3513 1142 3585 2,
1161 3511 1203 3576 14
1218 3535 1244 3576 s.
1260 3514 1356 3577 neor.
1373 3512 1404 3587 a,
1424 3511 1475 3577 14.

270 3578 305 3650 ¹·
328 3600 421 3667 toan.
438 3600 468 3676 3,
486 3600 516 3664 8.
539 3603 635 3683 Apoc.
654 3600 707 3669 20,
725 3601 756 3664 2.
782 3639 824 3649 -
847 3599 932 3686 4)(11.
950 3605 1102 3686 butiiteut
1120 3606 1176 3666 unt
1194 3604 1344 3682 attollet.
1362 3627 1391 3685 p.
1408 3601 1474 3667 231

267 3689 404 3755 *232
423 3729 464 3739 -
483 3694 508 3774 ὅ)
526 3693 570 3756 Of.
590 3695 680 3772 Oonf.
696 3695 823 3771 August.
841 3697 879 3754 P.
897 3698 925 3754 1.
943 3702 1003 3755 ort.
1022 3699 1070 3755 18.
1088 3697 1153 3755 LL.
1171 3699 1264 3771 symb.
1280 3698 1318 3757 E.
1335 3698 1373 3761 L.
1389 3697 1473 3776 Lips.

269 3764 382 3847 1847,
409 3785 445 3845 P.
470 3782 498 3848 l.
521 3806 550 3865 p.
570 3781 611 3846 19
629 3807 653 3846 s.
670 3786 796 3863 Apoloy.
815 3805 839 3847 o.
856 3789 885 3846 8.
901 3806 932 3849 n.
950 3789 990 3846 66
1006 3806 1047 3847 as.
1065 3807 1094 3866 p.
1112 3784 1178 3848 219
1195 3807 1236 3850 ss.
1268 3789 1372 3848 Forat.
1397 3786 1475 3847 oon-

267 3872 367 3936 fflrd.
384 3878 422 3936 P.
439 3879 468 3935 1.
487 3896 512 3934 c.
529 3880 558 3936 2.
574 3877 611 3936 P.
629 3873 659 3938 3.
674 3897 704 3956 p.
721 3873 765 3938 25
782 3896 822 3936 sa.
840 3875 885 3935 Of.
903 3897 928 3936 c.
947 3880 975 3936 1.
992 3897 1023 3935 tt.
1041 3880 1158 3941 8-10.
1175 3898 1206 3957 p.
1224 3874 1264 3938 21
1284 3881 1353 3939 s.P.
1366 3881 1394 3937 2.
1408 3882 1473 3942 c,2.

234 4018 237 4045 ,Ι
265 3963 304 4023 P·
340 3962 383 4027 98
403 3986 444 4026 ss.
469 3985 493 4028 o.
515 3971 544 4027 1.
569 3987 600 4031 a.
622 3971 758 4030 10-11.
775 3987 804 4046 p.
824 3964 876 4029 86.
894 3967 1054 4027 Luther.
1072 3968 1105 4026 in
1123 3968 1198 4030 Gon.
1216 3988 1240 4030 c.
1258 3971 1308 4033 19.
1330 3971 1377 4028 De
1397 3988 1473 4029 sero.

234 4070 236 4125 ζ
265 4051 532 4137 “rbtaoppeu
546 4057 616 4118 an.
632 4054 811 4119 T.3.f.178
829 4075 855 4122 s,
872 4057 1054 4138 dilatrabat,
1073 4080 1097 4120 o.
1118 4056 1168 4123 10.
1186 4061 1216 4138 8.
1234 4056 1266 4121 4.
1282 4061 1398 4120 Aesert.
1416 4067 1473 4122 ort.

267 4145 369 4222 aad,
385 4148 507 4208 ubisit:
524 4147 668 4215 Iliberum
677 4148 841 4208 arbitrium
856 4155 902 4211 est
908 4148 1143 4226 fipmeolum
1158 4149 1197 4209 io
1212 4153 1322 4210 rebus
1339 4157 1373 4210 et
1387 4150 1472 4211 tito-

234 4286 237 4297 .
269 4217 340 4294 3²⁴⁸
354 4237 435 4308 siae
448 4232 521 4314 'qud
542 4259 596 4320 re,
614 4234 687 4316 q‘aio
706 4237 806 4299 nulli
833 4247 888 4304 est
902 4240 941 4302 in
955 4261 1064 4301 manu
1079 4240 1277 4319 quippiam
1294 4241 1472 4318 ospitare,

270 4326 341 4386 ”el
354 4328 441 4398 botei
455 4322 634 4401 vel'mali,
646 4334 700 4391 aed
713 4329 815 4391 omnio
831 4334 873 4390 de
888 4331 1118 4395 necessitate
1134 4332 1312 4393 absoluta
1327 4333 1472 4394 eveniunt.

274 4397 316 4506 {¹1
339 4419 510 4481 odansue
529 4421 686 4485 Samonion
708 4430 810 4483 tamen
831 4424 1012 4493 sententiam
1028 4423 1106 4482 hano
1123 4443 1161 4483 ex
1177 4431 1265 4503 parte
1281 4434 1418 4499 revocat,
1442 4432 1473 4485 et

274 4487 408 4572 hbarum
435 4503 595 4581 arbitrium
616 4514 654 4575 ad
669 4511 836 4573 iaciendum
858 4513 909 4572 vel
932 4514 1130 4575 omittendum
1145 4534 1240 4594 opera
1256 4524 1401 4597 externa,
1418 4535 1472 4576 seu

234 4646 239 4699 p
278 4588 321 4652 *d
338 4603 486 4680 justitiam
512 4604 628 4664 civilem
654 4625 708 4664 seu
723 4606 834 4679 carnis,
851 4604 902 4664 ubi
917 4604 1008 4664 bomo
1024 4605 1093 4684 lege
1110 4605 1249 4684 adigitur,
1268 4606 1408 4668 admittit.
1427 4641 1470 4653 -

234 4708 240 4761 p·
280 4669 430 4755 Oalvin.
462 4694 565 4759 Instit.
586 4696 606 4761 l.
634 4698 662 4756 1.
685 4715 709 4756 o.
728 4697 777 4755 16.
802 4716 832 4756 n.
857 4699 886 4756 8.
904 4693 981 4757 Gen.
1001 4692 1098 4762 1569.
1119 4716 1149 4775 p.
1169 4692 1243 4759 102.
1261 4699 1280 4759 l.
1298 4695 1328 4760 2.
1346 4718 1378 4759 n.
1395 4701 1424 4756 2.
1440 4717 1471 4759 n.

234 4772 240 4855 5²
282 4767 360 4845 18⁸.
375 4806 403 4865 p.
431 4781 496 4846 140
516 4806 554 4848 ss.
576 4787 596 4848 l.
618 4790 647 4846 2.
670 4807 695 4846 o.
712 4788 741 4847 5.
758 4804 782 4846 c.
801 4789 829 4848 1.
845 4806 876 4865 p.
895 4782 960 4848 179
977 4795 1036 4851 etc.
1053 4788 1143 4865 Ooof.
1162 4785 1241 4849 Soot.
1259 4795 1319 4850 ort.
1337 4789 1469 4852 attie-

234 4872 235 4881 ’
280 4871 421 4958 11¹eyer,
439 4877 515 4937 oott.
534 4877 631 4956 Oonff.
650 4879 687 4940 Ε.
706 4879 745 4937 R.
762 4877 799 4936 L.
819 4874 915 4939 1840.
933 4898 962 4957 p.
979 4874 1056 4940 342.
