3775 5625
1476 432 1540 498 271

365 594 398 658 ati
414 592 567 667 hominis,
599 597 683 679 quod
707 593 824 659 Christi
840 592 899 657 Dei
915 605 979 666 est,
1011 613 1104 677 quam
1127 612 1207 677 quae
1222 592 1308 656 Petri
1324 605 1411 667 surrt,
1443 596 1540 660 Paulo

358 703 454 768 'lrihrui
483 716 635 787 possunt,
668 703 741 768 licet
762 702 822 767 sihi
845 715 977 766 externe
1009 703 1211 786 copulentur,
1227 713 1259 765 et
1276 701 1345 765 vice
1362 722 1471 777 versa,
1488 715 1542 767 aut

364 812 452 878 etiam
467 812 682 899 proprietates
698 813 858 877 naturales
882 810 995 876 uxoris
1012 811 1044 874 in
1060 810 1208 876 maritum
1223 822 1256 873 et
1271 809 1415 875 vicissim
1438 824 1541 876 trans·

360 918 435 985 lerri
450 923 485 1001 ¹).

442 1067 502 1128 ·B.
528 1063 797 1141 Quemadmodum
828 1072 933 1126 autem
965 1064 1023 1125 SS.
1040 1060 1179 1124 Litterae
1203 1062 1241 1125 de
1256 1082 1318 1125 una
1334 1074 1454 1126 tantum
1470 1084 1541 1148 per-

330 1193 440 1238 sona
453 1170 486 1235 in
504 1171 633 1236 Christo
651 1172 820 1255 loquuntur
836 1191 900 1231 non
916 1170 1108 1252 separanda,
1129 1181 1198 1232 utut
1214 1171 1292 1234 duas
1308 1169 1340 1233 in
1356 1191 1396 1234 eo
1412 1154 1546 1237 naturas

317 1291 551 1371 agnoscant:
574 1279 619 1343 ita
642 1299 768 1363 quoque
791 1280 851 1341 SS.
875 1279 1017 1341 Patres
1049 1276 1169 1341 diserte
1200 1277 1364 1352 unionem,
1388 1299 1468 1363 quae
1492 1292 1544 1345 est

305 1411 357 1455 se
366 1389 535 1453 cundum
551 1386 749 1471 hypostasin,
772 1384 963 1449 unanimiter
991 1386 1029 1447 de
1055 1385 1176 1449 duabus
1207 1386 1328 1451 naturis
1346 1386 1464 1450 Christi
1479 1399 1542 1453 tra·

296 1498 358 1560 du
371 1509 451 1571 nt,
474 1509 507 1560 et
531 1494 738 1571 omnesalias
755 1493 882 1557 unionis
901 1493 1028 1578 speeies
1045 1514 1103 1558 seu
1119 1494 1232 1557 modos
1249 1495 1288 1558 ah
1305 1514 1345 1558 eo
1362 1496 1543 1561 excludunt.

290 1607 358 1668 Pr·
367 1605 564 1669 eieramus
595 1616 700 1668 tamen
726 1615 846 1667 tantum
869 1602 960 1677 illos,
985 1601 1036 1687 qui
1054 1614 1125 1667 ante
1143 1602 1319 1668 Concilium
1349 1603 1544 1688 Ephesinum

288 1711 521 1787 vixerunt,
537 1734 638 1797 neque
655 1713 716 1775 hos
733 1732 855 1786 omnes,
872 1709 930 1775 sed
947 1710 1073 1774 nonnisi
1088 1711 1295 1796 praecipuos,
1311 1732 1350 1775 ne
1366 1711 1488 1777 infinita
1502 1713 1545 1778 sit

288 1820 481 1885 isthaec
511 1834 623 1886 nostra
655 1820 837 1905 disputatio.
878 1819 948 1894 Sic,
971 1832 1005 1883 ut
1029 1818 1212 1883 omittamus
1245 1824 1279 1884 S.
1303 1820 1545 1907 lgnatium²),

290 1944 456 1993 urium
471 1931 582 1993 desum
599 1928 762 1994 Christum
789 1948 947 2013 unumque
964 1926 1131 2001 medicum,
1148 1939 1181 1990 et
1196 1948 1237 1990 ex
1253 1928 1323 1991 Deo
1340 1940 1430 1993 etex
1445 1929 1545 1995 Maria

296 2049 615 2130 asseverantem,
646 2038 831 2102 irenaeus
848 2058 889 2100 ex
912 2039 945 2101 S.
963 2034 1129 2119 Scriptura
1160 2034 1310 2110 adstruit,
1341 2058 1437 2100 unum
1468 2058 1543 2102 eun·

298 2141 341 2201 de
351 2161 493 2230 nique
510 2165 583 2208 esse
598 2142 700 2223 Λόγον
714 2148 806 2219 θεοῦ,
823 2158 855 2208 ot
870 2145 954 2208 hunc
970 2164 1043 2207 esse
1059 2142 1278 2230 Unigenitum,
1294 2156 1327 2207 et
1342 2145 1425 2208 hune
1441 2144 1543 2209 incar·

301 2258 466 2316 natum
483 2273 543 2336 pro
560 2253 660 2315 salute
676 2263 802 2325 nostra,
833 2253 944 2315 desum
975 2249 1150 2325 Christum,
1181 2250 1351 2314 Dominum
1382 2266 1544 2327 nostrum3

305 2364 452 2441 alque
469 2359 521 2445 qui
536 2359 569 2423 in
586 2360 667 2422 duos
683 2358 772 2423 illum
802 2360 995 2443 partiuntur,
1027 2359 1145 2424 aeriter
1175 2359 1355 2446 redarguit,
1372 2373 1404 2423 et
1419 2363 1545 2426 solvere

308 2460 523 2548 Cin-istum
539 2468 630 2548 ait³).
654 2468 866 2552 Dionysius
883 2470 985 2533 Alex.
1009 2471 1140 2533 Paulum
1165 2472 1409 2534 samosatenum
1435 2490 1544 2555 repre·

309 2568 476 2652 hendit,
493 2578 572 2642 duas
588 2578 782 2661 hypostases
798 2587 830 2639 et
847 2577 925 2640 duas
941 2598 1099 2661 personas
1111 2577 1203 2641 tinius
1214 2576 1333 2642 Christi
1344 2589 1546 2653 statuentem,

312 2673 429 2748 sive
445 2685 592 2751 Christos
608 2686 706 2758 duos,
728 2686 871 2770 duosque
887 2684 986 2759 lilios3
1020 2688 1103 2771 quod
1120 2686 1271 2770 deinceps
1289 2686 1422 2771 copiosa
1439 2687 1545 2771 dispu-

312 2786 479 2858 tatione
495 2793 610 2858 refellit
621 2798 659 2873 ⁴).
676 2793 933 2859 Athanasius:
954 2796 1119 2878 Christus,
1137 2793 1253 2880 inquit,
1269 2808 1320 2860 eat
1332 2799 1423 2859 Deus
1439 2799 1545 2864 domo.

313 2925 366 2938 -
423 2905 533 2967 Unus
554 2916 585 2967 et
606 2910 705 2966 idem
726 2916 786 2986 eat,
813 2910 871 2984 qui
892 2917 967 2968 oute
983 2912 1174 2967 saeculare
1189 2908 1306 2987 Putre,
1325 2918 1357 2968 et
1372 2911 1407 2968 in
1422 2911 1545 2969 ultimis

311 3002 472 3074 diebu,
482 3033 527 3074 eu
541 3015 676 3090 Virpine
685 3023 881 3076 exortuaeat
892 3013 928 3090 5).
942 3014 984 3076 Et
992 3011 1065 3076 alihi
1074 3011 1127 3087 ait,
1139 3013 1178 3077 ad
1194 3011 1332 3076 hominis
1342 3033 1384 3075 ex
1392 3011 1506 3096 spiritu
1515 3024 1547 3078 et

234 3150 238 3173 ·.
311 3123 456 3183 tal-ne
466 3118 639 3203 compositi
649 3126 891 3184 similitudinem
902 3127 1143 3199 iutelliqendum
1157 3142 1239 3201 eoae,
1253 3122 1420 3184 Christum
1435 3142 1548 3184 uuum

234 3212 241 3319 ξ
310 3233 435 3286 esee
446 3250 671 3310 personum,
687 3250 763 3291 nou
777 3229 919 3308 ἄτιμ’).
944 3229 1163 3315 Gregorius
1178 3229 1280 3293 Nam:
1304 3233 1346 3292 Id
1359 3239 1543 3311 quoderat,

234 3320 254 3389 '⁵-
312 3316 357 3380 ³i¹²
379 3375 406 3400 2
437 3341 639 3398 exinaniuit:
672 3342 719 3416 id,
737 3344 823 3415 quod
837 3357 903 3397 nou
918 3348 1002 3414 erat,
1020 3342 1189 3399 assumsit:
1221 3358 1298 3399 nou
1319 3345 1466 3417 duplea·
1478 3341 1545 3412 fa-

313 3437 417 3497 iiu
431 3465 464 3525 a,
482 3453 678 3507 sedunum
692 3466 737 3506 ear
752 3450 874 3523 duplici
888 3457 1010 3507 natura
1031 3449 1104 3521 fieri
1131 3452 1303 3510 sustineus.
1326 3449 1440 3509 Ambo
1461 3451 1546 3509 enim

314 3535 393 3596 ΒΘ
402 3571 481 3633 m,
497 3550 518 3616 i.
535 3571 563 3616 e.
580 3549 639 3618 Dei
655 3549 764 3624 Filius,
781 3571 839 3614 seu
857 3550 962 3617 divina
977 3572 1130 3635 persona,
1146 3558 1298 3617 nimirum
1314 3563 1401 3634 quod
1415 3574 1544 3618 aarum·

317 3646 395 3724 Μ,
435 3672 469 3723 et
481 3669 569 3740 quod
582 3671 758 3722 assumtum
774 3671 839 3722 est.-
856 3668 939 3723 duae
953 3673 1091 3724 naturae
1115 3667 1155 3724 iu
1174 3683 1291 3725 uuum
1307 3684 1546 3726 concurren-

319 3759 349 3810 te
362 3777 405 3817 ⁸
418 3815 439 3848 ,
454 3790 533 3831 nou
547 3777 620 3831 duo
634 3772 724 3842 filii
738 3770 774 3846 ⁷).
800 3768 1122 3852 Chrysostomus:
1147 3773 1223 3834 Etsi
1243 3777 1328 3834 euim
1347 3775 1470 3851 duplear
1483 3793 1546 3835 uu-

321 3867 449 3950 Wra,
464 3888 684 3941 verumtamen
699 3882 977 3951 indivisibilia,
994 3890 1026 3940 et
1039 3883 1336 3956 iudiaaipudilia
1352 3884 1494 3950 uaiitio,
1512 3885 1547 3941 iu

328 4041 628 4075 M...-

243 4226 246 4235 ·
469 4189 497 4263 ι)
515 4185 561 4246 uf.
578 4185 609 4248 S.
627 4186 748 4246 Thom.
770 4187 882 4263 Opuso.
898 4189 928 4247 3.
945 4207 970 4247 c.
987 4190 1056 4247 203.
1083 4185 1162 4266 Opp.
1180 4187 1220 4247 th.
1238 4187 1276 4250 Τ.
1295 4184 1346 4249 19.
1362 4208 1392 4265 p.
1411 4184 1486 4250 118.
1505 4223 1547 4233 -

234 4306 238 4311 ·
328 4254 352 4330 ¹)
380 4268 570 4354 Epistod
584 4279 814 4355 Ephea.u.20.
847 4275 1007 4339 Cotoler.
1038 4279 1172 4353 PP.ap.
1203 4276 1329 4341 Amstel.
1348 4274 1546 4341 1721112.

234 4404 254 4449 ,Ι
330 4363 356 4422 t·
389 4357 463 4429 16.
479 4387 511 4428 n.
528 4371 555 4430 7.
571 4388 602 4446 p.
621 4364 672 4428 13.
689 4365 803 4427 Similia
817 4366 909 4429 habet
923 4386 955 4430 u.
970 4369 1020 4426 18.
1037 4387 1068 4446 p.
1087 4362 1128 4428 15
1146 4388 1169 4428 s.
1185 4402 1229 4411 —
1249 4365 1275 4443 ³)
1294 4367 1378 4430 Ceut.
1395 4369 1477 4429 haer.
1489 4369 1545 4427 l.3.

234 4472 257 4546 ,g
336 4453 358 4496 ⁰·
382 4453 455 4518 16.
474 4478 503 4536 p.
521 4454 598 4521 204.
615 4492 657 4503 -
676 4456 701 4535 ⁴)
717 4457 817 4531 Epist.
849 4457 964 4533 specu
985 4460 1026 4516 ad
1040 4459 1132 4518 Paul.
1163 4458 1281 4517 Samos.
1313 4457 1449 4537 Mansi,
1472 4459 1546 4518 Call.

233 4548 257 4638 p
341 4525 454 4607 (ἴση.
472 4549 513 4610 Τ.
531 4545 561 4610 1.
577 4568 603 4609 e.
622 4544 708 4608 1039
725 4567 765 4610 ss.
781 4582 825 4595 -
843 4553 873 4620 ὅ1
891 4547 975 4609 orac.
986 4551 1016 4606 4.
1033 4551 1120 4607 nae.
1137 4545 1216 4626 opp.
1233 4547 1271 4608 u.
1283 4546 1312 4610 1.
1328 4548 1365 4606 P.
1377 4547 1405 4608 1.
1421 4569 1452 4626 p.
1469 4543 1547 4608 645.

233 4658 262 4729 p,
346 4650 393 4670 '⁵
422 4635 454 4715 ο)
468 4640 516 4698 De
530 4640 656 4703 locoru,
672 4658 703 4699 u.
720 4641 748 4698 2.
766 4639 804 4698 Τ.
821 4635 852 4698 2.
869 4659 900 4716 p.
916 4635 969 4700 34.
982 4638 1022 4699 D.
1041 4636 1086 4699 Of.
1102 4640 1149 4696 De
1164 4643 1287 4699 auuuut.
1296 4638 1387 4715 Deip.
1396 4659 1425 4697 u.
1437 4640 1485 4699 11.
1501 4637 1547 4698 Ib.

233 4724 261 4827 ᾗ
352 4703 442 4857 ἷξε).
465 4727 568 4805 aptae
585 4731 627 4788 aa
641 4727 741 4806 mter.
768 4729 806 4788 r.
825 4726 853 4788 1.
870 4728 907 4789 r.
923 4725 955 4790 a.
971 4749 1000 4807 p.
1019 4725 1081 4789 901
1101 4749 1140 4787 ss.
1157 4764 1200 4776 -
1219 4727 1245 4806 7)
1265 4728 1348 4788 otae.
1380 4731 1433 4792 31.
1466 4724 1546 4806 opp.

388 4815 451 4878 ·1.
470 4839 494 4879 c.
511 4814 576 4878 438
595 4839 634 4879 ss.
1002 4818 1004 4820 ’
