3775 5625
1458 394 1525 474 too

453 574 504 637 B.
516 571 602 639 Idem
618 576 746 641 tradunt
761 577 821 639 SS.
838 575 994 649 Patres,
1020 585 1053 639 nt
1068 596 1097 639 v.
1114 595 1163 663 gr.
1180 569 1398 661 Cyprianus
1414 573 1451 653 ¹),
1470 574 1527 641 Ps.

347 682 523 749 Ambros.
542 684 587 780 ξ),
615 697 707 769 atque
728 684 975 773 Augustinus
992 690 1029 764 ⁸).
1061 686 1103 749 Et
1123 683 1266 750 similiter
1286 682 1399 771 reliqui
1418 683 1455 763 ⁴).
1528 690 1529 693 ’

455 796 491 858 0.
522 781 619 859 lllsce
650 794 843 883 suffragatur
874 817 998 881 quoque
1030 794 1122 860 ratio.
1158 794 1238 859 Nam
1265 815 1359 880 quum
1383 793 1415 859 in
1443 789 1530 858 omni

348 922 446 967 causa
473 902 635 967 confidere
663 905 770 979 liceat,
802 924 882 989 quae
911 906 951 969 ad
980 903 1074 969 finem
1104 915 1245 988 optatum
1270 903 1529 989 consequendum

345 1010 462 1075 idonea
484 1026 717 1099 cognoscatur;
749 1026 841 1099 atque
864 1035 959 1099 quum
981 1013 1063 1078 sicut
1084 1012 1142 1077 Dei
1165 1011 1401 1086 misericordia,
1432 1011 1531 1076 itaet

345 1121 429 1183 bona
446 1120 559 1185 merita
574 1144 650 1187 vera
667 1122 778 1187 salutis
795 1144 892 1187 causa
909 1122 988 1187 sint:
1005 1122 1037 1186 in
1055 1120 1177 1188 meritis
1194 1121 1326 1205 aliquam
1344 1142 1433 1205 apem
1443 1118 1530 1205 poni,

345 1228 374 1293 si
390 1250 467 1293 vera
483 1230 548 1294 sint
563 1224 676 1296 merita
692 1245 724 1295 et
739 1232 847 1296 sobrie
864 1232 895 1295 id
911 1231 975 1306 liat,
1007 1230 1182 1315 improbari
1199 1230 1283 1293 nullo
1300 1230 1396 1293 modo
1413 1241 1529 1313 potest.

450 1343 596 1404 Attamen
624 1353 755 1424 propter
777 1340 1032 1405 incertitudinem
1060 1341 1208 1425 propriae
1227 1338 1370 1424 justitiae
1393 1351 1425 1403 et
1447 1337 1529 1423 peri·

345 1449 448 1511 culum
464 1447 567 1513 inanis
584 1449 706 1535 gloriae
727 1449 919 1514 tutissimum
941 1463 1005 1525 est,
1032 1449 1179 1513 liduciam
1194 1448 1227 1513 in
1244 1450 1314 1513 sola
1329 1447 1388 1512 Dei
1406 1446 1528 1512 miseri·

345 1556 455 1620 cordia
486 1569 517 1620 et
547 1557 741 1644 benignitate
773 1579 940 1643 reponere.
987 1558 1061 1622 Sine
1093 1558 1287 1622 revelatione
1319 1557 1403 1621 enim
1434 1577 1529 1620 nemo

345 1677 435 1728 certo
456 1664 540 1729 scire
561 1678 682 1749 potest,
705 1689 741 1731 se
757 1688 832 1731 esse
848 1668 879 1731 in
896 1680 981 1731 statu
992 1667 1151 1751 justitiae,
1184 1679 1217 1730 et
1237 1687 1314 1731 vera
1330 1667 1448 1730 habere
1465 1686 1529 1731 me·

346 1773 421 1847 rita,
452 1786 505 1836 aut
521 1773 553 1837 in
569 1774 616 1839 eis
633 1796 733 1860 usque
750 1777 790 1839 ad
806 1775 901 1841 finem
917 1788 1213 1860 perseveraturum,
1238 1787 1330 1861 atque
1347 1775 1390 1839 nil
1406 1773 1529 1839 facilius

343 1882 376 1945 in
393 1883 455 1945 hoc
472 1884 544 1945 loco
561 1884 759 1958 tentationis,
790 1906 882 1970 mam
899 1885 1081 1970 superbiam
1097 1906 1138 1950 ex
1155 1884 1411 1951 consideratione
1429 1886 1529 1949 boua-

344 2013 416 2055 rum
438 2012 570 2076 operum
592 1991 692 2079 gigni.
724 1992 760 2057 si
777 1993 847 2078 quis
862 1993 895 2058 in
912 1994 1053 2079 propriis
1076 1993 1197 2058 meritis
1217 1993 1261 2057 ita
1279 1991 1469 2067 confideret,
1496 2005 1532 2058 ut

345 2122 381 2163 se
405 2121 441 2163 ea
462 2123 524 2164 non
543 2122 584 2164 ex
607 2100 711 2187 gratia
725 2101 799 2176 Dei,
831 2105 888 2165 sed
905 2122 923 2166 a
939 2123 975 2166 se
995 2103 1113 2167 haltere
1138 2104 1299 2176 crederet,
1329 2103 1380 2166 vel
1402 2114 1531 2167 ceteros

346 2230 423 2294 prae
453 2231 489 2274 se
518 2210 714 2294 despiceret,
746 2222 799 2274 aut
830 2211 952 2294 majora
978 2231 1014 2274 se
1042 2209 1154 2274 merita
1179 2211 1297 2274 habere
1323 2209 1531 2293 existimaret,

347 2340 440 2403 quam
455 2340 569 2383 revera
583 2320 711 2383 habeat:
743 2319 773 2383 is
791 2340 855 2383 non
873 2331 934 2384 tarn
951 2319 983 2383 in
1000 2340 1090 2404 spem
1107 2318 1295 2406 erigeretur,
1320 2340 1413 2404 quam
1429 2318 1461 2383 in
1477 2340 1529 2384 su-

346 2426 475 2511 perbiae
506 2428 690 2491 barathrum
722 2427 993 2512 praecipitaretur.
1028 2428 1227 2512 Quapropter
1252 2440 1285 2491 et
1312 2439 1421 2491 monet
1451 2428 1530 2492 Sal·

345 2546 470 2598 vator:
491 2537 572 2598 Onm
585 2539 733 2610 feceritis
755 2541 881 2617 amnia,
908 2559 990 2615 puae
1008 2549 1180 2615 praecepta
1195 2549 1272 2600 aunt
1285 2542 1393 2617 nodia,
1416 2542 1530 2600 dieite:

346 2645 445 2706 Servi
461 2651 630 2707 tantitas
645 2666 776 2723 numum
808 2655 895 2724 qnod
910 2651 1076 2708 debuimus
1091 2649 1223 2727 faama,
1249 2644 1269 2708 i.
1287 2666 1314 2708 e.
1331 2644 1407 2709 nilril
1422 2645 1531 2731 singu·

346 2755 428 2828 lare,
456 2753 530 2817 nihil
547 2754 672 2842 egregii
688 2768 721 2819 et
736 2753 859 2829 eximii,
883 2754 966 2818 rrnde
981 2753 1113 2841 gloriari
1130 2775 1315 2839 possemus,
1337 2757 1478 2831 facimus
1494 2758 1532 2833 ὅ).

346 2867 449 2948 Atque
467 2876 638 2948 eapropter
650 2863 799 2929 Ecclesia
814 2863 845 2926 in
863 2861 1430 2950 collectaDominicaeSexagesimae
1447 2874 1532 2928 orat:

347 2976 448 3046 Dana,
464 2979 520 3051 qni
536 2980 708 3052 canapinis,
727 2979 783 3052 qni
799 2993 843 3034 aa
858 2976 953 3034 nulla
968 2978 1094 3034 actione
1109 2984 1223 3035 nostra
1238 2977 1437 3053 confidimns,
1456 2983 1532 3036 etc:

349 3094 380 3145 et
395 3081 427 3144 in
446 3081 575 3146 Canone
591 3094 666 3165 post
682 3080 973 3146 consecrationem:
991 3086 1089 3143 Intra
1104 3102 1241 3159 quornm
1256 3103 1316 3144 naa
1333 3087 1533 3144 aonaortium

348 3213 414 3254 nan
430 3197 616 3254 aestimator
630 3197 751 3265 meriti,
778 3199 835 3252 aad
848 3195 962 3252 veniae
978 3210 1174 3269 quaesumus
1190 3197 1330 3270 largitor·
1347 3197 1487 3256 admitte.

701 3427 737 3518 ξ.
762 3426 859 3498 130.
884 3427 1196 3500 continuatio.

460 3593 549 3672 Quod
566 3593 593 3656 si
609 3605 713 3656 autem
728 3592 870 3657 illicitum
885 3595 969 3657 haud
985 3606 1049 3667 est,
1077 3593 1225 3658 liduciam
1241 3594 1375 3680 aliquam
1390 3593 1422 3657 in
1439 3592 1533 3658 meri·

351 3702 393 3767 tis
425 3704 600 3767 collocare:
633 3715 748 3788 sponte
779 3723 837 3768 sua
868 3703 1083 3789 consequitur,
1115 3716 1280 3789 peccatum
1310 3705 1428 3768 nullum
1460 3722 1535 3768 esse

462 3942 487 4022 ¹)
501 3945 548 4002 De
563 3963 611 4020 op.
628 3950 656 4001 et
669 3945 767 4004 aleam.
783 3964 814 4002 n.
831 3948 880 4004 21.
908 3940 988 4023 Opp.
1006 3943 1043 4006 V.
1060 3941 1090 4005 2.
1107 3965 1138 4023 p.
1157 3938 1230 4005 148.
1259 3944 1428 4002 Praeclara
1444 3949 1472 4002 at
1486 3941 1533 4000 di·

353 4034 426 4093 vina
441 4053 502 4104 res,
522 4033 641 4111 fratrea
657 4033 842 4108 charissimi,
866 4033 1012 4094 salutaris
1028 4034 1171 4112 operatio,
1197 4033 1373 4096 solatium
1393 4035 1536 4109 prande

354 4123 591 4197 credentiam,
617 4125 845 4183 securitatis
860 4132 1013 4185 nostrae
1028 4127 1179 4185 salubre
1193 4123 1442 4202 praesidinm,
1466 4143 1535 4182 mu·

355 4216 554 4274 nimantnm
575 4214 669 4296 spei,
694 4216 784 4274 tutela
800 4214 882 4289 daei,
905 4219 1019 4277 medela
1033 4215 1159 4293 peceati.
1193 4250 1233 4259 -
1267 4215 1293 4295 θ)
1309 4218 1350 4274 In
1366 4219 1394 4277 2.
1414 4214 1484 4274 Oor.
1501 4216 1534 4294 3,

356 4311 405 4366 12.
445 4303 524 4384 Opp.
562 4306 725 4369 Ambros.
766 4308 804 4369 T.
841 4302 872 4367 2.
909 4328 978 4386 app.
1001 4328 1026 4367 e.
1060 4303 1133 4369 lit.
1185 4306 1274 4365 Nnne
1313 4325 1388 4383 opus
1424 4311 1480 4378 ast,
1505 4310 1540 4363 nt

356 4403 471 4454 crescat
485 4396 518 4454 in
534 4397 789 4475 nodisfiducia
805 4397 910 4456 bonis
926 4397 1076 4456 actibus
1092 4403 1238 4474 parata.
1256 4433 1299 4442 -
1319 4395 1344 4475 ³)
1361 4399 1402 4455 In
1413 4399 1468 4455 Pa.
1485 4397 1536 4454 31.

357 4490 469 4548 Enarr.
491 4491 519 4547 2.
537 4509 567 4552 n.
584 4490 613 4548 5.
638 4486 718 4567 Opp.
741 4487 778 4546 Τ.
802 4485 832 4551 2.
856 4508 881 4547 c.
904 4485 978 4550 173.
1026 4490 1083 4548 Ille
1103 4495 1239 4565 sperat,
1265 4487 1319 4564 qni
1341 4489 1447 4547 bonam
1470 4505 1537 4545 aon-

357 4577 513 4638 sciantiam
526 4577 613 4654 perit.
633 4577 725 4647 Quem
739 4597 808 4637 vero
820 4578 931 4654 pnngit
944 4580 1026 4638 maia
1042 4577 1232 4653 canscientia,
1255 4577 1382 4638 retrahit
1395 4597 1426 4638 aa
1440 4598 1460 4636 a
1475 4595 1537 4654 ape,

358 4676 385 4728 et
399 4689 460 4727 nan
474 4668 535 4727 sibi
550 4677 659 4746 eperat,
674 4669 738 4730 nisa
754 4669 981 4730 damnationem.
1019 4671 1058 4729 Ut
1071 4689 1140 4745 arpo
1156 4678 1278 4748 sperat
1299 4689 1460 4745 ragnum,
1482 4669 1535 4727 lta·

358 4762 545 4819 beatianam
560 4759 782 4831 conscientiam,
807 4763 1002 4821 eructabant
1020 4762 1126 4819 bonam
1147 4761 1373 4830 conscientiam,
1396 4761 1498 4818 eredat
1512 4765 1539 4818 at

360 4857 506 4927 operetur.
530 4885 574 4896 -
599 4848 624 4928 ⁴)
642 4849 687 4914 of.
704 4851 876 4914 Bellarm.
899 4852 920 4919 l,
937 4872 962 4915 e.
978 4871 1003 4914 e.
1022 4854 1048 4911 7.
1066 4872 1096 4934 p.
1111 4848 1186 4916 564.
1206 4888 1247 4898 -
1281 4855 1308 4933 5)
1323 4852 1397 4914 Luc.
1416 4846 1538 4928 17,10.

361 4941 406 5004 Cf.
422 4941 501 5006 Dan.
518 4939 549 5019 9,
567 4937 618 5008 18.
