3775 5625
1498 435 1545 503 etl

347 610 470 670 amoeni
486 609 661 688 generatim
678 607 864 667 desiderium
883 607 1008 667 carnale
1032 624 1088 664 scu
1105 605 1357 682 concupiscentia
1378 606 1428 665 vel
1453 606 1546 665 etiam
1595 680 1597 685 .

345 738 422 781 caro
453 719 524 797 ipsa
539 719 724 795 impelletur,
757 726 790 776 et
805 716 945 795 spiritui,
962 716 983 779 l.
1016 734 1042 775 e.
1076 715 1191 776 rationi
1206 734 1262 792 per
1293 716 1384 775 iidem
1406 715 1545 776 illustra·
1589 778 1591 785 ,

345 839 414 899 ιιι,
436 830 488 887 vel
509 830 612 905 potius
634 827 788 887 voluntati
808 825 1018 904 pergratiam
1050 824 1182 884 divinam
1215 826 1429 887 sanctificatae
1446 834 1478 884 et
1494 825 1546 885 ad·

341 939 432 1014 jutae
450 947 632 1017 opponatur.
672 935 739 1011 Quo
756 954 851 994 sensu
876 934 1059 994 cbristus
1082 934 1267 994 Dominus
1284 935 1342 995 sit:
1381 906 1545 1014 Sptrttos,

345 1049 366 1106 i.
384 1067 413 1107 e.
431 1047 533 1107 anima
554 1046 718 1105 rationalis
741 1044 840 1122 quoad
856 1044 1050 1120 superiorem
1066 1044 1272 1115 voluntatem,
1290 1063 1349 1123 qua
1365 1046 1477 1104 bonum
1494 1062 1546 1121 ap·

345 1158 443 1234 petit,
461 1159 586 1233 quidem
600 1163 749 1233 promtus
764 1158 826 1232 cst,
847 1154 883 1214 ad
899 1154 1106 1213 resistendum
1124 1154 1287 1214 tentationi
1303 1164 1449 1231 paratus,
1466 1172 1545 1214 caro

347 1276 469 1345 antem,
493 1266 513 1326 i.
531 1284 559 1323 ι.
576 1266 677 1326 anima
692 1264 791 1342 quoad
813 1263 994 1323 inferiorem
1018 1282 1104 1324 suam
1120 1265 1328 1334 voluntatem,
1345 1282 1405 1343 qua
1419 1265 1544 1323 labores

347 1375 513 1444 abhorret,
530 1375 674 1453 infirma,
708 1373 855 1441 debilior,
872 1390 963 1450 quam
979 1382 1014 1432 ut
1028 1374 1182 1432 resistere
1199 1383 1305 1451 quest,
1321 1374 1381 1433 nisi
1397 1374 1546 1451 impetra·

347 1495 379 1545 to
396 1503 454 1561 per
471 1484 643 1543 orationem
661 1483 775 1542 auxilio
793 1482 903 1542 divino.
936 1482 1113 1560 llodemque
1137 1500 1233 1542 sensu
1254 1483 1365 1544 scribit
1397 1484 1433 1547 S.
1458 1484 1547 1543 Pau·

347 1596 423 1655 lus:
448 1592 533 1654 Dico
564 1603 688 1655 autern:
713 1588 846 1670 Spiritu
875 1595 1051 1664 melate,
1072 1592 1094 1651 i.
1112 1611 1139 1652 e.
1161 1593 1256 1652 vivite
1273 1603 1305 1652 et
1320 1593 1549 1653 conversamini

348 1705 520 1765 secundnm
545 1704 699 1764 dictamen
728 1702 866 1780 Spiritus
894 1702 930 1766 8.
956 1702 1188 1762 manifestatum
1204 1703 1292 1762 vobis
1309 1703 1341 1762 ln
1356 1704 1429 1782 lege
1446 1703 1547 1763 cbari-

349 1816 440 1885 tatis,
457 1815 507 1873 vel
523 1823 557 1873 nt
573 1812 727 1874 bominem
744 1812 935 1890 spiritualem
953 1830 1008 1871 seu
1026 1812 1256 1872 sanctificatum
1271 1812 1377 1885 decet,
1408 1822 1442 1874 et
1459 1814 1548 1873 desi-

349 1927 443 1985 deria
475 1926 599 2002 earnis,
624 1923 645 1983 i.
662 1942 689 1982 e.
707 1941 758 1996 ea,
784 1941 862 2001 qnae
879 1922 980 1981 anima
996 1923 1155 1982 voluntate
1171 1922 1321 1982 inferiore
1339 1924 1427 1983 carni
1442 1922 1548 1984 inbae-

349 2045 441 2095 rente
466 2034 624 2094 desiderat
648 2044 679 2094 et
703 2033 910 2111 concupiscit,
943 2050 1003 2092 uon
1035 2033 1216 2110 perficietis.
1260 2030 1462 2111 Oaroenim,
1479 2034 1501 2094 i.
1520 2050 1548 2092 e.

351 2142 606 2221 eoncupiscentia
637 2161 750 2219 prava,
782 2161 839 2202 seu
861 2141 1066 2214 sensualitas,
1100 2160 1156 2203 seu
1178 2143 1321 2202 voluntas
1341 2141 1473 2202 inferior
1492 2159 1549 2220 per

349 2263 513 2331 peccatum
530 2254 715 2331 depravata,
741 2254 941 2330 concupiscit
961 2256 1118 2312 moerens
1133 2254 1299 2330 spiritum,
1317 2252 1338 2312 i.
1357 2270 1383 2311 e.
1401 2252 1549 2312 adversa·

352 2374 401 2422 tnr
417 2364 473 2436 iis,
491 2381 570 2440 quae
585 2362 738 2422 voluntati
754 2361 911 2438 superiori
927 2362 1142 2422 sanctificatae
1159 2363 1341 2438 probantur.
1366 2362 1549 2437 Apostolum

351 2473 400 2532 bic
418 2472 481 2532 loci
497 2473 553 2532 sub
578 2490 672 2532 carne
694 2491 758 2533 non
781 2472 880 2547 ipsam
897 2490 1039 2544 earnem,
1064 2473 1119 2531 sed
1135 2473 1238 2549 potins
1269 2489 1398 2549 pravam
1430 2472 1550 2532 animae

351 2582 514 2644 rationalis
546 2582 830 2659 concupiscentiam
860 2582 1057 2661 intelligere,
1075 2601 1111 2641 eo
1128 2583 1229 2642 minus
1246 2582 1419 2642 addubitari
1434 2589 1550 2658 potest,

351 2692 494 2771 qnoniam
511 2692 548 2752 ad
565 2710 659 2768 opera
676 2692 782 2753 carnis
798 2710 857 2751 non
874 2701 994 2752 tantum
1024 2692 1263 2766 immunditiam,
1279 2693 1335 2753 sed
1350 2701 1384 2752 et
1397 2691 1550 2752 idolorum

352 2803 487 2875 cultum,
511 2801 705 2876 inimicitias,
723 2802 954 2874 contentiones,
972 2803 1211 2876 aemulationes,
1238 2813 1271 2864 et
1298 2803 1372 2876 alia,
1392 2822 1469 2882 quae
1487 2802 1550 2881 spi·

308 2936 311 2937 ⁷
352 2912 414 2972 ritu
438 2911 659 2988 perficiuntur,
682 2912 797 2984 refert,
826 2921 918 2989 prout
942 2931 959 2970 e
984 2913 1143 2973 contrario
1166 2913 1249 2972 inter
1273 2913 1395 2973 fructus
1418 2912 1549 2990 spiritus

352 3039 409 3081 non
427 3029 546 3081 tantum
564 3022 666 3091 fldem,
684 3021 884 3093 charitatem,
900 3021 1142 3103 benignitatem,
1160 3022 1214 3082 sed
1232 3031 1264 3082 et
1279 3022 1500 3083 continentiam
1518 3031 1550 3082 at

353 3129 529 3192 castitatem
558 3141 728 3194 enumerat.
758 3133 859 3190 Porro
884 3132 1003 3209 quando
1024 3131 1150 3193 scribit:
1174 3130 1248 3207 Epo
1265 3134 1335 3209 ipse
1349 3139 1465 3212 mente,
1482 3132 1504 3196 i.
1521 3150 1548 3191 a.

352 3240 472 3300 ratione
490 3241 540 3298 vel
555 3241 714 3300 voluntate
731 3240 836 3320 gratis
851 3241 954 3301 divina
971 3249 1090 3321 sanata,
1106 3243 1229 3320 servio,
1246 3243 1267 3301 i.
1285 3260 1313 3303 e.
1330 3241 1450 3300 servire
1467 3242 1549 3319 volo,

353 3353 414 3427 lepi
430 3347 508 3428 Dei,
526 3367 626 3408 carue
642 3357 762 3428 autem,
784 3349 851 3410 ie.
867 3349 1005 3427 appetitu
1035 3349 1194 3431 inferiori,
1226 3367 1284 3427 quo
1316 3350 1347 3408 in
1372 3350 1550 3426 voluptates

354 3461 531 3519 etiamnum
549 3459 755 3519 oblectatione
773 3477 919 3519 sensuum
937 3459 1145 3537 corporalium
1162 3459 1342 3534 conjunctas
1358 3459 1460 3541 feror,
1485 3459 1551 3536 lapi

352 3571 488 3647 peceati,
505 3569 526 3627 i.
544 3587 571 3627 c.
589 3586 628 3628 ea
644 3568 769 3650 anhelo,
785 3588 862 3646 quac
878 3569 944 3648 legi
960 3570 1081 3629 divinae
1105 3570 1327 3651 adversantur,
1358 3586 1437 3647 qnae
1468 3569 1550 3630 mals

354 3688 435 3739 sunt.
459 3681 560 3756 Atque
582 3679 701 3756 quando
723 3679 782 3738 ait:
816 3676 884 3752 oco
906 3697 974 3740 non
993 3685 1168 3740 secundnm
1184 3697 1314 3740 cornero
1330 3682 1547 3761 ambulantos,

354 3793 408 3848 aed
428 3793 604 3849 meandum
629 3791 793 3868 spiritum,
812 3789 832 3849 i.
851 3809 878 3850 e.
895 3790 947 3866 qui
963 3808 1022 3849 non
1039 3790 1194 3850 desideria
1217 3790 1329 3849 indolis
1353 3799 1481 3851 nostrae
1497 3789 1548 3849 da·

354 3907 516 3979 pronatae,
538 3899 591 3957 sed
613 3899 795 3958 instinctum
828 3900 965 3976 Spiritus
988 3901 1023 3964 S.
1046 3901 1076 3959 in
1095 3901 1240 3961 cordibus
1256 3900 1375 3960 nostris
1392 3899 1484 3960 ebusi
1499 3918 1548 3960 so·

355 4009 485 4085 qnimnr.
520 4005 587 4081 ons
609 4012 694 4069 enim
710 4015 883 4070 secundum
915 4029 1058 4090 carnem,
1092 4013 1251 4092 carnales,
1268 4011 1441 4092 depravati,
1457 4020 1547 4090 eunt,

355 4136 436 4194 quoe
453 4120 566 4178 cornia
581 4128 670 4199 sunt,
688 4121 832 4200 sapiunt,
855 4139 951 4198 opera
969 4122 1048 4181 mala
1066 4121 1220 4202 cogitant,
1245 4130 1371 4203 curant,
1392 4123 1449 4199 qui
1470 4139 1549 4181 cero

356 4235 528 4291 meandum
543 4230 708 4308 spiritum,
725 4230 747 4290 i.
765 4248 792 4288 e.
810 4230 1004 4306 spirituales,
1021 4231 1169 4307 perlecti,
1184 4235 1280 4300 eunt,
1298 4248 1380 4307 quae
1396 4231 1548 4311 spiritus,

358 4347 442 4417 nunc,
460 4338 616 4410 sentiunt,
632 4337 662 4397 in
680 4356 776 4414 opera
792 4336 880 4411 bona,
898 4339 1032 4416 Spiritui
1049 4340 1084 4400 S.
1103 4349 1322 4412 consentanea,
1338 4339 1448 4399 intenti
1465 4349 1549 4405 sunt.

358 4445 439 4507 Nom
447 4449 626 4524 prudentio
642 4450 765 4525 carnis,
782 4447 803 4506 i.
822 4467 848 4507 e.
868 4466 991 4535 sapere,
1006 4449 1170 4526 providere
1188 4469 1236 4522 ea,
1253 4467 1328 4528 quae
1345 4449 1461 4523 carnis,
1477 4466 1549 4526 pra·

359 4574 392 4616 va
412 4566 503 4629 sunt,
529 4574 619 4617 mors
634 4566 698 4618 eet:
728 4561 904 4634 prudentio
934 4568 1041 4620 autent
1071 4562 1221 4639 spiritus,
1240 4559 1260 4618 i.
1278 4579 1307 4620 e.
1325 4577 1454 4632 curare,
1471 4576 1550 4638 qnae

362 4676 425 4727 sont
441 4677 566 4740 sancta,
583 4668 735 4744 perlecta,
751 4670 831 4748 cito,
851 4677 883 4729 et
894 4688 976 4745 pou.
996 4667 1160 4743 Quoniam
1176 4672 1338 4746 snpientia
1354 4671 1465 4730 carnis
1480 4672 1550 4730 iui-

362 4780 437 4838 mioa
456 4786 506 4838 est
526 4775 616 4837 Deo:
640 4776 705 4853 lapi
727 4779 812 4837 enirn
831 4776 896 4837 Dei
910 4796 978 4838 non
993 4789 1043 4840 eet
1057 4781 1212 4858 suffecta,
1246 4780 1317 4858 quin
1334 4779 1395 4839 imo
1412 4779 1441 4838 ei
1457 4796 1548 4856 repu-

364 4897 444 4962 gnat:
469 4905 529 4948 neo
550 4889 635 4948 enim
658 4887 799 4961 subjecta
820 4906 907 4971 csse,
930 4907 992 4967 pro
1009 4908 1066 4949 sna
1080 4889 1181 4949 indole
1198 4889 1336 4962 scilicet¹
1349 4898 1466 4966 petest.
1483 4889 1549 4949 Nee

1267 4993 1332 5058 ,μ
