3775 5625
355 417 422 486 364

354 586 411 651 lus
449 581 598 669 ΜΨ),
629 585 737 649 loen.
763 582 1201 671 Damascenus2),porro
1227 584 1518 668 Tertullianum),

354 706 467 760 auctor
498 696 574 756 libri
594 696 633 755 de
658 696 885 756 cardinalibus
911 697 1064 775 operibus
1087 697 1260 775 curum).
1292 697 1317 760 P
1325 716 1352 759 e.
1384 696 1516 762 Ambro-

354 803 489 881 sius⁵),
535 800 856 888 Hieronymus⁶),
910 802 1215 890 Augustinus'),
1252 803 1517 892 Fulgentiusi⁹

353 914 431 980 Leo
447 913 528 993 M.⁹)‚
548 910 773 999 vigiliusw),
790 912 1014 998 Gregorius
1031 911 1128 999 M.¹¹).

352 1245 433 1306 rimu
455 1244 637 1319 adimebant,
668 1245 813 1322 perficere
829 1247 1007 1315 dmreverat,
1024 1252 1053 1304 et
1072 1246 1119 1305 ad
1148 1245 1299 1323 inferos
1323 1265 1402 1305 eum
1420 1244 1519 1304 anino

352 1339 585 1406 descendere,
602 1343 635 1395 ut
646 1357 705 1407 eos,
724 1336 778 1413 qui
793 1343 881 1395 antea
895 1334 1008 1395 mortui
1023 1344 1122 1410 erant,
1144 1339 1200 1397 hoc
1216 1343 1274 1412 est,
1290 1335 1519 1397 Patriarcleasia

353 1430 478 1487 salutem
493 1429 654 1488 adsereret.
681 1428 725 1488 Of.
743 1431 836 1487 Haer.
856 1431 905 1488 20.
923 1426 967 1488 tit.
985 1430 1020 1485 de
1035 1429 1161 1491 Incarn.
1177 1448 1206 1486 n.
1231 1432 1260 1487 2.
1278 1450 1306 1507 p.
1324 1424 1379 1490 49.
1396 1436 1425 1486 et
1439 1427 1474 1488 el.

461 1523 490 1595 ¹)
508 1521 558 1578 De
574 1525 645 1578 rect.
667 1517 718 1591 ee.
736 1522 776 1578 ad
790 1522 902 1593 Imper.
920 1539 945 1579 c.
963 1521 1011 1577 22.
1046 1516 1127 1599 Opp.
1144 1519 1183 1578 T.
1200 1514 1230 1579 5.
1246 1517 1284 1577 P.
1301 1518 1332 1580 2.
1351 1539 1376 1579 s.
1392 1516 1423 1578 3.
1437 1539 1465 1598 p.
1479 1513 1520 1582 20.

353 1609 609 1679 Quemadmodum
620 1630 689 1686 erpo
700 1609 873 1686 unipenitus
889 1630 956 1668 cum
972 1608 1026 1689 iis,
1045 1608 1098 1684 qui
1113 1608 1147 1667 in
1162 1608 1342 1685 corporibus
1357 1607 1427 1668 suis
1441 1609 1521 1668 men

351 1702 502 1777 depebant,
518 1708 654 1760 versatus
670 1708 714 1760 cst
728 1701 763 1759 in
779 1720 920 1775 corpore:
947 1699 991 1759 ita
1007 1707 1035 1759 et
1049 1699 1269 1775 spiritibus,
1290 1700 1360 1776 qui
1373 1701 1468 1775 apud
1479 1698 1519 1757 in

346 1793 457 1870 feros
473 1796 708 1866 tenebantur,
724 1792 881 1853 animam
896 1798 1011 1851 mente
1027 1798 1059 1851 et
1072 1790 1221 1852 ratione
1231 1790 1447 1867 praeditam
1461 1789 1521 1850 sili

351 1885 584 1961 conjunctam
601 1886 738 1944 liabens
753 1883 1000 1943 concionatus
1017 1889 1088 1947 cst.
1105 1918 1147 1927 —-
1165 1877 1193 1965 ²)
1211 1885 1261 1942 De
1270 1883 1301 1960 f.
1320 1902 1346 1944 o.
1363 1884 1384 1943 l.
1400 1885 1430 1942 3.
1447 1903 1469 1942 c.
1482 1882 1520 1942 29.

352 1973 431 2054 Opp.
450 1970 488 2035 T.
508 1970 678 2054 1.p.252.
711 1975 910 2053 Deificata
940 1973 1062 2033 amima
1093 1975 1139 2032 ad
1164 1973 1313 2051 inferos
1338 1972 1520 2046 descendit

349 2072 383 2124 ut
407 2067 655 2141 quemadmodum
679 2066 744 2137 liis,
777 2065 831 2141 qui
854 2065 888 2123 in
913 2072 995 2124 terra
1010 2067 1216 2146 versabantur,
1233 2063 1377 2143 justitiae
1392 2066 1440 2123 sol
1453 2069 1517 2123 mm

350 2162 422 2229 erat,
438 2155 483 2215 ita
499 2156 587 2216 etiam
603 2155 676 2227 illis,
695 2156 748 2232 qui
763 2159 867 2216 suiten
884 2162 1004 2226 terram,
1021 2155 1056 2215 in
1071 2155 1200 2215 tenebris
1216 2163 1244 2215 et
1256 2154 1479 2234 umbramortis
1487 2171 1519 2214 n·

352 2249 468 2317 debant,
501 2246 643 2308 illuceret.
677 2284 718 2292 ——
751 2247 777 2327 ³)
802 2251 852 2309 De
879 2247 971 2307 anim.
988 2266 1013 2308 a.
1031 2249 1080 2307 55.
1114 2244 1193 2327 Opp.
1212 2241 1518 2328 001.Agripp.161t.

350 2362 380 2419 p.
399 2335 451 2400 84.
469 2339 506 2397 Ε.
524 2337 562 2399 Si
578 2338 720 2399 Christus
736 2373 781 2383 —
798 2337 1050 2398 descenditin
1067 2337 1269 2415 inferiora
1284 2341 1520 2408 terrarumet

350 2430 413 2489 illic
439 2430 642 2490 Patriarcuas
668 2437 696 2489 et
721 2432 892 2505 Prophetas
907 2437 1055 2505 compotes
1071 2428 1123 2489 sui
1130 2430 1270 2507 faceret:
1290 2430 1383 2489 hales
1400 2434 1428 2488 et
1441 2425 1517 2505 reple

349 2542 416 2581 uem
431 2520 601 2598 inferorum
622 2524 849 2582 subterraneam
870 2524 998 2581 credere.
1032 2556 1075 2567 -
1107 2519 1134 2600 ⁴)
1152 2522 1201 2579 De
1223 2519 1300 2580 unit.
1318 2518 1442 2581 alerien.
1456 2518 1517 2600 Opp.
1549 2525 1551 2568 ἶ

353 2611 457 2692 prr.
475 2612 522 2675 ed.
539 2613 635 2673 Maur.
657 2614 730 2676 Par.
750 2609 847 2674 1727.
877 2612 958 2692 App.
977 2632 1003 2677 o.
1023 2609 1097 2676 126.
1120 2613 1239 2671 Passus
1255 2618 1301 2671 est
1314 2614 1385 2672 Rea
1400 2609 1520 2680 illudid

350 2702 414 2762 vita
430 2701 546 2775 occidi,
564 2706 878 2779 descendensque
893 2705 939 2762 od
953 2702 1106 2781 inferos
1122 2701 1311 2778 captivam
1327 2701 1518 2777 abantiquo

350 2794 507 2855 redusit
521 2795 786 2871 captivitatem.
801 2832 842 2840 -
856 2789 938 2879 ⁵)De
952 2801 1041 2873 myst.
1052 2797 1161 2870 pasclr'.
1179 2815 1204 2856 c.
1220 2797 1250 2856 4.
1267 2814 1299 2854 n.
1317 2796 1346 2855 5.
1364 2791 1443 2875 Opp.
1457 2791 1518 2853 Aa·

349 2888 448 2948 bros.
466 2889 503 2947 T.
521 2885 552 2949 2.
569 2909 639 2967 app.
657 2908 681 2949 e.
698 2883 775 2948 437.
807 2889 848 2946 In
863 2889 950 2948 Rom.
968 2890 1017 2960 10,
1035 2890 1062 2948 7.
1093 2885 1139 2946 Ib.
1158 2908 1183 2947 o.
1201 2882 1516 2964 86.1a1upnu.e,s.

327 2979 395 3039 ¹Ib.
423 2999 448 3039 c.
474 2974 549 3041 240.
582 2982 705 3057 Expers
720 2978 837 3056 pcccati
853 2979 1029 3039 Christus
1053 2998 1135 3037 oum
1156 2980 1206 3037 ad
1221 2977 1373 3036 tartari
1388 2977 1515 3036 inuade

348 3090 388 3129 sc
399 3091 442 3129 en
451 3072 472 3128 d
481 3090 496 3128 e
506 3090 523 3128 r
533 3091 547 3128 e
557 3076 583 3145 t,
594 3090 680 3129 seras
691 3069 809 3147 inferni
809 3071 987 3148 januasque
998 3069 1204 3148 confrinpens‚
1216 3068 1335 3128 cinctas
1344 3064 1516 3146 peecatoani

346 3182 429 3233 mas,
451 3161 559 3221 mortis
585 3161 789 3221 dominatione
810 3163 976 3234 destructa,
1000 3167 1028 3219 et
1043 3160 1158 3220 diaboli
1168 3159 1319 3239 faucibus
1335 3156 1516 3219 reuocaeital

345 3253 447 3314 uitam.
482 3289 521 3298 —
551 3255 578 3333 ⁶)
595 3256 635 3313 In
650 3255 763 3330 Eplees.
781 3256 810 3325 4,
827 3255 855 3311 9.
875 3250 955 3333 Opp.
974 3247 1012 3313 Τ.
1032 3248 1060 3312 7.
1078 3273 1102 3311 o.
1121 3248 1196 3314 613.
1214 3251 1259 3313 Of.
1292 3250 1404 3312 InOs.
1422 3248 1513 3319 13,i.

347 3340 385 3408 T.
403 3343 432 3406 6.
450 3366 475 3404 c.
495 3341 568 3406 151.
601 3343 761 3422 Epistad
776 3343 926 3419 Alpesq.
945 3347 974 3404 1.
1008 3344 1047 3406 T.
1064 3341 1095 3404 2.
1111 3362 1137 3403 c.
1155 3340 1230 3405 821.
1263 3342 1425 3421 Inferiore
1439 3348 1512 3401 urim

345 3437 488 3514 infernus
504 3436 665 3514 accipitur,
692 3436 737 3493 ad
754 3455 853 3510 quem
868 3433 1057 3496 Dominus
1072 3441 1203 3495 noster
1218 3434 1461 3510 Salvatorpue
1472 3432 1510 3489 de·

345 3526 509 3598 scendit,
525 3535 559 3586 ut
575 3526 755 3585 Sanctorum
772 3526 900 3595 animas,
920 3545 996 3602 quoe
1011 3525 1056 3584 ibi
1071 3526 1245 3611 tenebamur-r
1265 3527 1419 3597 inclusae,
1439 3537 1508 3582 snei

345 3621 386 3677 ad
406 3619 502 3676 coelos
522 3617 619 3676 uictor
650 3620 816 3677 obduceret.
850 3652 890 3662 -
927 3617 953 3693 ⁷)
969 3617 1073 3695 Epist.
1099 3619 1168 3677 164.
1186 3619 1228 3675 ad
1243 3618 1340 3676 Eood.
1358 3636 1388 3677 n.
1404 3619 1432 3677 3.
1449 3614 1504 3691 Opp-

347 3710 384 3768 T.
402 3704 433 3768 2.
451 3728 476 3766 c.
494 3703 569 3768 574.
596 3708 762 3769 Dominum
778 3728 869 3768 carne
883 3706 1097 3781 mortificatum
1112 3707 1259 3766 venisse
1275 3706 1314 3765 in
1330 3706 1503 3774 internum

345 3800 421 3859 satis
437 3806 560 3861 constat.
579 3835 622 3845 —
642 3799 720 3870 Quis
736 3819 806 3876 erpo
821 3798 886 3858 nisi
900 3798 1034 3875 infidelis
1051 3799 1219 3875 nepcverit,
1239 3798 1345 3876 fuisse
1371 3797 1461 3875 apol
1470 3791 1501 3849 is
1548 3812 1551 3835 ⁴

339 3892 455 3969 feros
473 3890 653 3951 Cleristum?
685 3889 731 3951 cf.
748 3891 851 3969 Epist.
868 3893 917 3951 57.
936 3893 978 3949 ad
992 3893 1136 3951 Darden.
1154 3910 1178 3949 c.
1195 3894 1224 3950 2.
1242 3909 1272 3948 n.
1291 3891 1321 3951 5.
1354 3889 1400 3949 Ib.
1415 3876 1498 3947 atil·
1546 3892 1548 3901 ’

346 3981 638 4060 etnl.s.-⁸)Ad
658 3982 789 4042 Trasim.
807 3985 825 4042 l.
843 3985 872 4043 3.
890 4002 914 4044 c.
932 3985 981 4043 23.
1001 3979 1079 4061 Opp.
1097 4001 1127 4061 p.
1146 3977 1220 4042 129.
1240 3980 1445 4050 Quamtamm
1456 3986 1496 4032 td·
1541 4006 1551 4059 s

344 4093 410 4134 nem
425 4074 528 4133 necin
542 4081 638 4134 morte
655 4072 802 4133 divinitas
820 4072 961 4146 deseruit,
978 4073 1058 4132 sicut
1081 4092 1134 4132 nec
1149 4071 1184 4131 in
1207 4071 1363 4149 inferno
1379 4068 1494 4130 antem

345 4164 511 4240 dereliquit.
544 4165 589 4226 Of.
605 4169 656 4226 30.
674 4171 702 4224 et
715 4168 764 4224 34.
782 4186 812 4244 p.
832 4161 905 4227 136.
925 4160 1001 4227 140.
1033 4200 1076 4210 -
1110 4162 1137 4240 ⁹)
1155 4161 1251 4226 dorm.
1269 4165 1320 4227 69.
1353 4165 1403 4222 De
1416 4166 1491 4219 ruret-
1538 4157 1551 4179 ⁸

344 4261 435 4318 Dom.
455 4259 482 4318 1.
499 4277 524 4318 c.
541 4261 569 4316 2.
597 4254 677 4336 Opp.
693 4277 724 4335 p.
744 4253 817 4317 149.
845 4254 1039 4315 Resurrectio
1065 4254 1236 4316 Salvatoris
1250 4273 1306 4312 nec
1321 4239 1492 4313 animani»
1547 4252 1549 4261 '

345 4349 514 4427 inferno,
529 4368 582 4407 nec
598 4367 719 4407 earnem
736 4346 790 4405 diu
804 4353 923 4405 inorata
938 4343 1062 4431 (mereri
1077 4348 1181 4427 pesse)
1199 4352 1243 4404 est
1258 4344 1294 4403 in
1310 4345 1456 4423 sepulchro.
1467 4360 1489 4375 ‘
1545 4388 1548 4397 .

346 4437 386 4526 ¹⁰)
399 4439 484 4502 (lant.
501 4441 629 4516 Eutycli.
649 4441 667 4500 l.
679 4443 707 4499 2.
726 4458 750 4497 c.
768 4440 796 4502 9.
809 4438 983 4498 Biblmaoc.
996 4441 1063 4497 ΡΡ.
1075 4436 1175 4515 Lugd.
1193 4437 1232 4496 Τ.
1251 4433 1282 4497 8.
1299 4458 1330 4517 p.
1349 4431 1418 4497 727.
1430 4430 1488 4519 D<

344 4533 425 4592 Uaro
442 4531 512 4608 ipsi
528 4531 577 4589 die
591 4529 731 4608 nonfuit
754 4530 788 4588 in
811 4528 974 4606 paradiso,
990 4549 1055 4589 nec
1070 4528 1109 4587 in
1123 4527 1297 4605 inferno,
1314 4530 1369 4586 sed
1383 4517 1487 4585 maeel
1536 4535 1548 4585 ‚²²

335 4621 438 4699 jacuit
453 4621 486 4679 in
501 4623 679 4698 sepulchro:
700 4621 826 4680 anima
840 4640 906 4698 per
921 4620 1018 4680 illud
1034 4620 1198 4678 triduum
1213 4619 1254 4677 in
1272 4602 1483 4696 informasti
1536 4628 1551 4672 n

343 4733 403 4772 non
417 4713 452 4771 in
467 4715 635 4791 sepulchro.
654 4748 692 4758 -
716 4719 760 4784 Η)
777 4713 856 4772 Mor.
874 4714 893 4772 l.
912 4714 959 4772 13.
978 4732 1001 4772 o.
1019 4715 1069 4770 43.
1087 4731 1117 4774 n.
1135 4713 1185 4769 48.
1204 4708 1286 4790 Opp.
1304 4711 1343 4771 Τ.
1362 4706 1389 4769 1.
1404 4727 1423 4768 c.
1435 4688 1481 4761 433·

345 4804 490 4865 Conditor
505 4824 541 4864 ac
557 4806 716 4864 Redemtor
731 4809 832 4863 noster
857 4805 1027 4862 claustra
1051 4801 1214 4879 inferni
1232 4786 1482 4880 penetramus

344 4902 479 4965 storum
495 4894 629 4957 euinde
643 4895 789 4958 animas
805 4894 947 4966 educit,
965 4912 1021 4955 nos
1032 4892 1144 4954 illoire
1158 4912 1220 4954 uon
1229 4893 1358 4974 potitur,
1372 4879 1482 4962 usltlfl
1536 4914 1547 4931 ³
