3775 5625
425 402 492 467 438

425 573 495 642 Dei,
514 573 649 630 attamen
667 571 756 628 simul
774 570 898 645 propria
914 569 1046 627 hominis
1063 569 1136 641 vita,
1152 569 1333 645 imperfecta
1352 578 1412 638 est,
1432 570 1503 646 quia
1518 571 1606 630 eidem

426 684 575 758 reliquiae
589 680 699 738 mortis
711 680 926 746 adversantur,
940 680 1107 738 secundum
1119 679 1186 747 hos,
1203 680 1273 755 quia
1284 698 1379 755 penes
1396 698 1464 738 eam
1481 682 1512 739 in
1528 681 1606 739 nobis

425 810 510 850 mors
527 790 710 849 dominatur.

800 1045 825 1124 ς.
842 1040 909 1109 oo.
926 1039 1235 1110 continuatio.

532 1238 622 1316 Quod
639 1235 666 1300 si
684 1248 788 1299 autem
805 1256 862 1319 per
879 1233 1015 1321 gratiam
1027 1233 1258 1318 justificantem
1275 1236 1401 1302 interne
1417 1258 1609 1304 renovamur

425 1370 464 1413 uc
480 1346 732 1412 sanctificamur:
758 1345 830 1407 inde
847 1343 1033 1408 necessario

533 1457 560 1519 1.
579 1454 804 1540 consequitur,
836 1475 894 1537 per
905 1452 1171 1537 justificationem
1189 1468 1351 1538 peecata
1367 1457 1462 1521 nobis
1480 1480 1545 1522 non
1562 1480 1610 1522 ex·

425 1568 586 1631 trinsecus
618 1576 739 1628 tantum
770 1562 905 1636 remitti,
927 1582 985 1626 seu
1003 1562 1069 1649 tegi
1086 1575 1140 1625 aut
1156 1564 1241 1638 radi,
1264 1567 1320 1630 sed
1344 1566 1454 1650 reipsa
1470 1567 1561 1631 tolli
1575 1588 1612 1632 ac

426 1675 575 1747 deleri,
596 1673 615 1738 i.
639 1696 667 1737 e.
690 1695 754 1735 non
776 1674 880 1736 sotum
903 1673 1028 1755 cuipam
1049 1683 1142 1756 atque
1175 1694 1312 1755 poenam
1334 1674 1387 1738 itta
1408 1676 1612 1759 promeritam

427 1783 617 1856 condonari,
638 1784 695 1847 sed
712 1782 807 1845 etiam
823 1782 925 1866 ipsam
942 1780 1144 1845 aversionem
1161 1782 1367 1857 habitualem,
1390 1805 1471 1869 quae
1489 1797 1612 1869 peracta

426 1893 596 1958 aversione
621 1891 735 1956 actuali
752 1904 874 1965 rnarret,
907 1890 1025 1955 atrfcrri
1043 1913 1080 1955 ac
1096 1890 1255 1956 immutari
1261 1917 1270 1965 3
1288 1914 1359 1957 nam
1382 1894 1435 1980 qui
1462 1896 1504 1958 ad
1520 1894 1612 1957 Deum

427 2002 634 2077 convertitur,
645 2001 763 2085 abipso
775 2022 909 2065 aversus
918 2000 1011 2064 simut
1022 2021 1151 2064 manere
1161 2022 1224 2064 non
1236 2014 1353 2085 potest,
1364 2015 1459 2088 atque
1477 2003 1561 2066 idern
1569 2015 1612 2067 est

425 2111 610 2176 illuminatio
627 2124 659 2174 et
676 2111 878 2175 tenebrarum
895 2109 1052 2193 expulsio.
1078 2110 1111 2172 ld
1129 2110 1259 2173 disertis
1280 2110 1387 2175 verbis
1406 2111 1521 2207 detinit
1537 2112 1611 2177 Con·

427 2220 533 2286 citium
560 2220 707 2284 Triden
719 2219 839 2283 tinum
862 2231 974 2283 contro
996 2222 1235 2294 Protestantes,
1253 2221 1420 2284 anathema
1437 2220 1551 2286 diceus
1566 2221 1613 2295 itti,

426 2339 481 2414 qui
499 2352 560 2411 per
584 2332 670 2391 Jesu
693 2331 818 2391 C'lrriati
835 2333 967 2391 Domini
982 2337 1089 2391 nostri
1109 2336 1271 2408 qratiam,
1305 2338 1390 2411 pace
1413 2333 1612 2411 Baptismete

428 2441 615 2521 confertur,
650 2447 806 2501 rectem
833 2442 1048 2516 eripientis
1066 2447 1224 2519 peccati
1248 2446 1403 2501 remitti
1424 2450 1546 2518 nepat;
1562 2450 1615 2505 aet

427 2558 527 2612 etiem
545 2554 679 2626 usserit,
697 2570 763 2609 raon
780 2550 870 2610 tolli
888 2556 1011 2610 totum
1028 2551 1082 2625 td,
1102 2552 1203 2629 quod
1216 2570 1346 2610 cerem
1362 2557 1614 2631 etproprieot

427 2665 627 2720 rationem
640 2665 797 2738 peccati
813 2660 926 2733 tradet·
948 2661 1009 2719 sed
1026 2660 1113 2720 titud
1132 2662 1211 2720 dicit
1226 2667 1352 2721 tantum
1368 2663 1459 2738 rodi,
1481 2671 1542 2724 eut
1555 2684 1614 2723 noo

426 2771 628 2849 impeturn).
650 2767 736 2830 ldem
752 2778 857 2830 eutem
874 2786 999 2852 quoque
1017 2778 1076 2842 est,
1094 2767 1176 2852 quod
1194 2766 1290 2831 tradit
1300 2767 1525 2852 S.Scriptura.
1542 2770 1615 2834 Nam

426 2898 536 2942 veram
560 2889 592 2939 et
613 2876 788 2959 perfectam
810 2889 1018 2959 peccatorum
1038 2875 1264 2940 remissionem
1287 2876 1377 2960 ipsae
1404 2876 1551 2942 indicant
1566 2901 1613 2942 vo·

429 3008 495 3060 ces,
512 2985 625 3071 quihus
643 2988 702 3049 SS.
721 2984 907 3068 Scriptores
925 2997 1069 3058 utuntur,
1102 2987 1140 3048 de
1157 2985 1207 3049 itta
1224 2986 1321 3049 verba
1338 2985 1510 3052 facientes.
1528 2990 1616 3073 Ajuut

385 3116 387 3119 ·
428 3096 522 3170 enirn,
541 3104 712 3177 peccota
739 3100 916 3175 auferri,
938 3101 1089 3176 projici
1110 3103 1149 3159 in
1169 3099 1417 3176 profundum
1439 3103 1613 3177 maria²)‚

428 3209 856 3287 delert³),puryari⁴),
887 3215 1124 3287 peccatores
1156 3207 1339 3288 tavare),
1374 3212 1613 3286 nausearet),

428 3320 532 3378 corda
548 3324 666 3378 nostra
678 3317 954 3395 parificari⁷),
971 3327 1003 3378 et
1020 3314 1146 3399 quidem
1163 3315 1206 3378 ita
1222 3327 1354 3399 peccate
1376 3316 1500 3380 auferri
1517 3338 1555 3382 ac
1570 3319 1614 3381 de·

427 3424 496 3500 teri,
513 3424 720 3509 hominesque
739 3445 757 3488 a
773 3425 914 3508 peccatis
930 3424 1074 3488 mundari
1091 3445 1129 3488 ac
1145 3424 1317 3509 purificari,
1335 3426 1521 3510 etamplius
1534 3448 1613 3512 pror·

428 3555 484 3598 sus
495 3554 558 3596 non
571 3546 764 3608 remaneant,
776 3534 1005 3620 justificatique
1023 3533 1087 3599 sint
1104 3534 1285 3614 cdtett⁸)‚
1304 3543 1570 3617 sanctificati
1579 3537 1614 3615 ⁹),

428 3666 505 3705 nort
521 3646 710 3705 taedentes
726 3649 922 3708 maculem
936 3646 991 3725 ¹⁰),
1011 3666 1049 3709 ac
1065 3646 1151 3709 vetut
1167 3642 1414 3726 tuceffeeti11).
1432 3646 1614 3731 Aptioribus

429 3751 575 3835 proiecto
607 3753 716 3817 verbis
738 3775 801 3816 nou
822 3766 950 3837 poterat
972 3754 1115 3838 perfecta
1135 3752 1259 3837 peccati
1281 3753 1400 3818 ablutio
1424 3776 1467 3819 ac
1483 3756 1557 3821 inde
1571 3776 1612 3820 se·

432 3872 504 3924 cute
520 3860 690 3925 mundities
708 3874 739 3925 et
755 3862 877 3945 puritas
895 3862 1082 3950 significari.

534 3968 564 4034 2.
581 3972 685 4034 Porro
703 3971 730 4034 si
743 3970 932 4055 justificatio
951 3984 1000 4036 est
1016 3971 1140 4036 interne
1158 3971 1251 4036 simul
1263 3971 1380 4036 mentis
1396 3970 1574 4039 immutatio
1584 3993 1613 4036 sc

522 4305 545 4384 ¹)
563 4305 644 4365 Scae.
663 4306 692 4367 5.
724 4307 814 4367 Decr.
832 4307 962 4383 depecc.
980 4305 1056 4383 erip.
1074 4326 1140 4367 cote.
1158 4308 1187 4366 5.
1223 4341 1261 4349 -
1299 4300 1323 4388 ²)
1341 4305 1432 4365 Mieh.
1454 4304 1484 4378 7,
1504 4300 1607 4368 18.19.

428 4393 645 4468 Ps.102,12.
679 4431 723 4440 --
755 4391 782 4479 ³)
798 4397 841 4455 Is.
863 4394 918 4469 43,
936 4393 990 4458 25.
1007 4394 1061 4467 44,
1079 4394 1132 4458 22.
1166 4396 1220 4460 Ps.
1236 4392 1290 4468 50,
1308 4395 1338 4457 3.
1364 4396 1437 4458 Aet.
1457 4396 1489 4478 3,
1508 4394 1552 4458 19.
1575 4428 1605 4438 α

429 4494 457 4562 ⁴)
474 4487 570 4547 Hebr.
592 4485 619 4559 l,
636 4485 773 4565 3.-⁵)
792 4488 844 4548 Ps.
861 4484 915 4559 50,
932 4485 963 4549 4.
983 4524 1022 4532 -
1044 4487 1067 4567 ⁶)
1084 4487 1198 4567 Ephes.
1216 4486 1247 4561 5,
1265 4485 1318 4550 26.
1339 4484 1367 4547 l.
1386 4488 1480 4550 Joau.
1502 4489 1527 4559 l,
1545 4485 1568 4546 7.
1582 4482 1602 4543 9.

428 4579 479 4639 Pe.
497 4574 550 4657 50,
567 4574 599 4640 4.
618 4613 659 4621 -
681 4577 705 4653 ⁷)
723 4579 793 4638 Act.
813 4575 864 4648 15,
883 4577 912 4640 9.
933 4613 973 4623 -—
992 4579 1018 4657 ⁸)
1040 4577 1068 4640 1.
1088 4578 1158 4638 Gor.
1177 4577 1206 4651 6,
1227 4577 1277 4640 11.
1293 4613 1339 4624 -
1358 4579 1383 4658 ⁹)
1402 4571 1598 4658 Ephos.5,26·

432 4665 668 4740 1.00r.6,11.
701 4704 744 4714 -
778 4671 819 4750 ¹⁰)
836 4671 952 4750 Ephes.
969 4667 1001 4739 5,
1020 4667 1072 4730 27.
1106 4706 1149 4713 —
1184 4665 1224 4752 ¹¹)
1243 4668 1466 4748 Ephes.5,8.
1485 4670 1527 4730 Of.
1547 4667 1595 4724 Au-

428 4760 565 4838 gustin.
600 4759 685 4819 Ocni.
710 4763 787 4819 doce
811 4761 896 4838 epist.
915 4761 1074 4837 Petept'oo.
1093 4763 1111 4821 t.
1129 4764 1157 4822 1.
1175 4781 1199 4820 c.
1218 4765 1266 4822 13.
1284 4781 1313 4822 re.
1331 4764 1381 4822 26.
1415 4761 1494 4841 Opp.
1511 4760 1542 4821 T.
1558 4750 1591 4815 10-

429 4871 454 4922 c,
473 4847 548 4912 423.
566 4846 691 4913 Thom.
710 4854 738 4915 1.
755 4855 783 4913 2.
801 4872 829 4929 q.
848 4855 917 4914 113.
935 4858 992 4916 art,
1012 4855 1039 4911 6.
1058 4850 1137 4935 Opp.
1155 4851 1198 4918 th,
1215 4853 1254 4914 Τ.
1272 4849 1325 4914 21.
1342 4873 1374 4933 p.
1393 4849 1460 4914 639
1477 4873 1498 4912 s.
