3775 5625
1432 391 1497 460 11⁶

318 558 433 623 roinde
469 558 510 621 ad
536 567 704 641 peccatum
738 554 874 639 primum
905 554 1131 631 concurrisse,
1170 557 1302 641 ejusque
1331 569 1496 622 auctorem

318 666 415 742 risse,
439 686 497 731 seu
517 665 664 730 homines
685 665 725 728 ad
748 663 886 728 fructum
905 663 1037 728 vetitum
1063 665 1293 729 comedendum
1320 663 1496 750 impulisse,

319 796 470 841 ecessum
490 787 550 838 est.
583 811 625 821 —
657 774 762 837 Porro
792 772 980 837 Christus
1012 771 1201 837 Dominus
1225 794 1298 838 cum
1314 774 1496 840 Pharisaeis

318 884 480 970 inputans:
510 886 593 965 Vos,
624 882 682 957 ait,
705 904 751 945 aa
768 894 863 962 patre
883 888 1012 945 aiatoto
1033 887 1129 945 eada:
1154 895 1187 946 et
1205 888 1366 947 &naaria
1390 890 1498 966 patria

318 1000 402 1058 ratri
428 997 529 1056 onitas
548 995 672 1068 faeere.
702 994 780 1053 Jtte
807 994 1004 1055 homicida
1035 1004 1124 1054 erat
1150 999 1194 1054 ab
1223 997 1360 1069 initio,
1390 1005 1427 1057 et
1457 999 1497 1058 in

320 1108 470 1166 oritate
492 1123 572 1166 non
596 1106 724 1165 stetit:
749 1106 827 1180 ania
843 1122 909 1164 non
925 1112 977 1164 eat
991 1106 1113 1164 veritae
1132 1106 1168 1163 in
1183 1122 1238 1163 eo:
1262 1122 1334 1164 anm
1351 1107 1497 1181 inanitur

318 1216 511 1293 andaciam
541 1231 587 1273 ea
612 1215 759 1291 propriis
792 1215 955 1291 loquitar,
988 1214 1065 1289 ania
1087 1218 1229 1274 mendam
1251 1222 1318 1292 eet,
1347 1221 1381 1273 et
1402 1222 1498 1291 pater

318 1326 377 1386 uta.
411 1318 531 1397 Quibus
550 1317 659 1383 verbis
681 1317 830 1383 Christus
852 1329 963 1402 aperte
984 1318 1024 1381 ad
1040 1316 1261 1382 seductionem
1283 1330 1494 1402 protoparen-

319 1450 362 1493 rm
380 1429 422 1492 ad
438 1439 605 1512 peccatum
626 1426 763 1512 primum
780 1426 928 1511 respicit,
953 1438 1047 1511 atque
1062 1426 1277 1501 mendacium,
1301 1449 1364 1512 quo
1387 1448 1406 1490 a
1428 1447 1495 1491 ser·

318 1547 392 1602 ente
409 1537 514 1623 legem
530 1534 668 1600 divinam
697 1536 830 1620 ejusque
856 1534 1057 1600 sanctionem
1078 1547 1218 1623 negante
1239 1534 1334 1619 primi
1348 1536 1497 1600 homines

318 1645 423 1731 saepti
440 1657 529 1720 sunt,
554 1643 680 1709 diabolo
698 1644 868 1719 adscribit,
890 1656 923 1708 et
938 1644 1070 1719 mortis,
1092 1644 1143 1708 cui
1163 1643 1225 1728 ipsi
1247 1665 1305 1729 per
1328 1657 1496 1729 peccatum

318 1754 435 1819 rimum
446 1753 579 1818 obnoxii
595 1766 670 1818 sunt
685 1752 807 1828 effecti,
823 1754 958 1818 eundem
974 1765 1140 1818 auctorem
1156 1773 1231 1817 esse
1247 1752 1374 1817 asserit.
1406 1755 1495 1828 Pau·

318 1886 354 1929 rs
369 1885 453 1928 vero
468 1865 571 1927 Evam
594 1863 759 1927 seductam
781 1883 856 1928 esse
873 1863 912 1926 ab
930 1874 1037 1927 astuto
1059 1874 1224 1946 serpente,
1247 1873 1283 1925 ut
1303 1882 1402 1945 supra
1417 1860 1495 1925 vidi·

318 1995 381 2049 rus,
407 1984 579 2047 memorat,
596 1983 689 2058 atquc
706 1972 765 2036 suh
782 1983 932 2056 serpente
950 1983 1143 2035 tentatorem
1160 1982 1192 2035 et
1215 1970 1420 2034 seductorem
1430 1991 1495 2035 ma·

318 2103 358 2146 tm
374 2081 508 2170 genium
525 2079 727 2161 describit¹).
749 2081 897 2165 Adpeilat
918 2092 1024 2144 autem
1045 2079 1224 2164 Apostolus
1246 2077 1405 2143 diabolum
1428 2099 1495 2143 ser·

318 2203 426 2255 antem
453 2202 540 2254 certe
568 2190 685 2253 nullam
712 2188 805 2253 aliam
829 2190 870 2252 ob
892 2208 1038 2263 causam,
1068 2208 1161 2273 quam
1181 2200 1317 2269 propter
1343 2193 1498 2252 astudam

318 2305 437 2381 iubati,
463 2310 497 2362 ut
513 2296 557 2362 ait
579 2300 613 2361 S.
634 2296 929 2385 Augustinus2),
950 2319 1035 2378 anae
1055 2302 1091 2360 in
1111 2301 1170 2360 illo
1192 2305 1282 2360 etde
1302 2302 1360 2359 atto
1384 2301 1499 2374 aaedat

318 2416 424 2489 atam,
450 2417 699 2491 protoparentes
715 2405 755 2469 ad
771 2416 940 2490 peccatum
957 2403 1143 2469 sollicitans.
1167 2404 1290 2468 Eadem
1307 2424 1349 2467 ex
1370 2403 1495 2468 ratione

318 2518 467 2581 'oannes
483 2534 609 2600 quoque
626 2513 786 2577 diabolum
800 2523 1010 2577 draconem
1025 2519 1138 2576 ittam
1153 2534 1344 2592 mannam,
1360 2525 1398 2577 et
1412 2534 1496 2576 aar·

318 2638 444 2690 rentem
460 2630 663 2704 antianum
677 2634 791 2697 voest,
815 2628 872 2703 ani
888 2629 1013 2686 seducit
1029 2620 1187 2703 (seduxit,
1211 2621 1348 2698 niardo)
1365 2628 1496 2686 annuer-

318 2754 366 2798 unt
382 2742 491 2798 ortem
498 2738 538 2815 ³),
554 2744 647 2820 atque
663 2732 798 2818 insuper
814 2733 921 2807 docet,
938 2737 973 2795 in
990 2737 1051 2796 ltoe
1066 2736 1260 2814 apparuisse
1275 2732 1403 2795 Filiam
1418 2733 1495 2815 Det,

318 2850 540 2908 nmeaoteeret
558 2865 678 2924 opera
699 2848 851 2905 diaboti
859 2846 896 2922 ⁴).
921 2841 1026 2917 Unde,
1051 2863 1148 2927 quum
1165 2839 1270 2906 omnis
1287 2839 1418 2906 miseria
1439 2861 1495 2929 ge·

318 2951 711 3036 terishumaniexpeccato
729 2952 818 3017 Adae
834 2963 1010 3036 repetatur,
1026 2949 1058 3015 iu
1075 2951 1177 3015 hoece
1195 2950 1355 3015 diabolum
1371 2962 1495 3035 partem

318 3059 446 3126 tabuisse
461 3061 667 3126 manifestum
684 3073 744 3126 est.

399 3175 440 3235 B.
474 3169 577 3235 Simiii
608 3170 705 3233 modo
746 3171 876 3234 tradunt
914 3173 974 3234 SS.
1010 3171 1165 3242 Patres,
1203 3180 1496 3252 protoparentesa

318 3270 421 3342 limato
454 3278 645 3343 sollicitatos
676 3291 843 3363 peccatum
874 3277 1011 3363 primum
1044 3276 1256 3341 commisisse.
1297 3276 1389 3354 Quot
1429 3290 1492 3341 tra-

318 3379 375 3450 dunt
403 3387 635 3467 iustinns⁶),
673 3387 911 3467 lrenseus⁸),
951 3386 1113 3473 Gregor.
1148 3385 1289 3464 Nazff).
1331 3383 1494 3470 Chryso-

318 3487 573 3509 Q———n

399 3536 425 3616 ¹)
444 3533 618 3607 1.Tim.2,
638 3533 688 3597 14.
706 3534 825 3598 2.0or.
844 3533 903 3607 13,
922 3533 973 3597 11.
992 3535 1058 3597 coll.
1076 3556 1115 3597 ss.
1156 3570 1197 3580 -
1230 3536 1258 3612 ²)
1275 3535 1324 3592 De
1347 3532 1421 3596 Gen.
1450 3537 1492 3593 ad

318 3615 355 3683 t'tt.
370 3627 386 3688 l.
402 3629 451 3688 11.
468 3647 493 3689 c.
511 3629 560 3688 29.
577 3647 607 3687 n.
623 3629 673 3688 36.
696 3624 776 3706 Opp.
802 3623 841 3688 Τ.
859 3623 889 3688 3.
906 3625 942 3688 P.
963 3624 991 3689 1.
1009 3647 1033 3689 c.
1050 3623 1126 3690 288.
1145 3660 1187 3672 --
1205 3627 1233 3703 8)
1255 3624 1351 3703 Apso.
1378 3621 1435 3697 12,
1459 3621 1490 3686 9.

318 3705 333 3785 ι)
348 3712 370 3777 l.
385 3716 476 3779 Joan.
494 3716 525 3790 3,
543 3714 572 3778 8.
590 3753 634 3762 -
652 3716 677 3797 ⁸)
694 3717 779 3779 Diui.
798 3738 822 3778 c.
842 3719 956 3794 Trypi.
979 3739 1009 3780 n.
1028 3721 1097 3780 124.
1115 3714 1195 3797 Opp.
1213 3737 1242 3797 p.
1268 3711 1344 3778 229.
1369 3715 1494 3775 Dictum

318 3807 353 3882 Μ,
371 3807 479 3889 iuquit:
504 3811 605 3879 „Ecce
627 3807 708 3866 siem
721 3808 856 3867 domninae
871 3808 1041 3889 morimini,
1071 3815 1098 3867 ei
1118 3807 1198 3867 sieut
1211 3826 1291 3866 nnus
1312 3807 1349 3864 de
1368 3805 1490 3880 panci-

318 3888 383 3957 ’tias
404 3898 546 3970 caditia“,
569 3905 604 3957 at
633 3899 866 3958 inobedientiam
894 3899 1049 3959 hominum
1066 3901 1209 3970 declaret,
1231 3898 1337 3970 idest,
1358 3897 1443 3955 Adae
1468 3903 1497 3954 et

318 3975 393 4062 ivae,
417 3996 446 4048 ei
460 4010 566 4050 casnm
580 3989 674 4049 anias
690 4010 728 4050 ecc
737 3990 951 4066 principiano,
967 3990 1003 4049 id
1018 3997 1075 4065 est,
1092 3989 1193 4065 iilius,
1217 3989 1271 4066 qui
1298 4005 1423 4062 serpens
1448 3987 1494 4046 di-

318 4073 361 4136 im
383 4087 439 4152 est,
465 4098 624 4158 acmapno
648 4099 722 4140 cusu
742 4080 890 4153 concidit,
908 4101 941 4141 eo
967 4084 1048 4156 quood
1071 4083 1183 4139 Eoum
1212 4077 1426 4153 decepisset.
1450 4112 1494 4125 -

318 4155 412 4232 tan.
428 4173 511 4234 nan.
529 4174 548 4234 t
565 4174 593 4232 e.
611 4191 635 4232 c.
653 4174 702 4232 24.
727 4193 757 4234 n.
778 4175 808 4233 3.
825 4192 854 4251 p.
872 4169 947 4234 322.
970 4171 1169 4242 anatome,
1190 4174 1363 4245 apotome
1394 4168 1493 4229 east-

320 4254 394 4322 iens
410 4262 585 4339 Ampelos,
610 4262 665 4320 noc
690 4269 928 4345 tennemonn,
956 4266 1037 4338 quod
1057 4269 1084 4321 et
1105 4261 1186 4338 epit
1204 4261 1242 4320 in
1267 4258 1494 4335 principio:

318 4349 468 4412 euasere
483 4361 514 4412 et
528 4356 744 4413 abstrahere
758 4361 906 4415 mentem
928 4353 1027 4414 homi
1037 4353 1099 4411 nis
1115 4355 1164 4412 od
1178 4351 1494 4427 transpredienda

319 4447 488 4519 'accepia
502 4445 589 4515 Dei,
614 4451 643 4502 et
651 4444 805 4518 paulatim
825 4447 984 4505 obcaecare
999 4447 1093 4504 eorda
1109 4461 1220 4504 eormn.
1237 4440 1283 4504 cf.
1300 4462 1325 4503 o.
1350 4444 1400 4503 23.
1415 4461 1446 4503 n.
1464 4443 1493 4503 1.

318 4526 413 4596 1320.
430 4537 450 4596 i.
466 4538 496 4596 4.
508 4536 612 4613 praef.
633 4555 663 4596 n.
686 4539 715 4597 4.
738 4556 768 4614 p.
790 4531 866 4598 228.
883 4571 925 4582 -
947 4535 972 4612 ’)
992 4535 1076 4595 Orat.
1097 4537 1147 4596 38.
1165 4531 1245 4613 Opp.
1263 4529 1302 4595 T.
1328 4532 1356 4595 1.
1374 4552 1399 4597 o.
1415 4528 1492 4594 549.

319 4620 459 4702 'Oeipaam
490 4625 636 4685 diaboli
665 4625 833 4699 invidia,
858 4625 1039 4687 etmnlieris
1063 4625 1278 4700 impressione,
1310 4659 1354 4672 -
1380 4623 1494 4699 accepti

319 4715 428 4775 nudati
441 4716 619 4777 mmoriam
639 4717 760 4794 abjecit,
778 4722 807 4775 et
825 4719 862 4774 ab
883 4718 992 4776 acerba
1018 4717 1109 4775 iterio
1130 4715 1229 4775 victus
1249 4721 1313 4775 esi:
1336 4723 1398 4776 tam
1420 4733 1491 4774 vero

318 4808 382 4864 mat
402 4813 431 4866 ei
454 4827 474 4865 a
496 4807 578 4882 liano
593 4808 684 4876 vitae,
710 4814 738 4866 ei
752 4826 771 4865 a
782 4808 952 4880 paradiso,
974 4814 1002 4866 et
1017 4808 1054 4866 ab
1070 4805 1140 4880 ipso
1159 4809 1223 4866 Deo
1235 4813 1362 4882 propter
1382 4824 1491 4881 peeca-

318 4903 350 4950 ’τι
366 4897 537 4972 προαίίιιν.
1221 4893 1241 4958 8
1258 4893 1275 4931 ⁸
