3775 5625
1461 423 1500 492 11

405 601 565 661 Adversus
592 599 764 661 doctrinam
789 598 969 667 Ecclesiae,
993 598 1081 657 modo
1104 598 1364 667 demonstratam,
1393 600 1501 658 adver·

297 713 378 778 sarii
395 711 560 786 objiciunt:

410 819 441 885 1.
459 822 557 897 Quum
573 837 672 879 novus
689 820 930 881 orbis'sacculo
956 820 1052 888 xvi,
1079 828 1170 895 atquc
1191 819 1312 877 insulae
1333 818 1363 877 in
1386 837 1503 879 oceano

299 934 433 995 australi
457 932 537 991 sitae
561 931 687 991 saeculo
711 930 826 989 XVlll.
844 928 1088 1008 detegerentur:
1113 937 1258 1005 repertae
1285 939 1357 987 suut
1392 929 1503 989 incolis

299 1042 587 1121 frequentissimae,
605 1042 657 1118 qui
677 1049 779 1099 tamen
797 1041 834 1099 ab
850 1040 967 1098 Adamo
983 1039 1136 1118 originem
1153 1038 1269 1098 habere
1286 1059 1345 1099 non
1363 1049 1503 1117 possunt,
1524 1009 1530 1024 ¹

300 1155 391 1233 quia,
417 1171 477 1230 qua
500 1151 551 1210 via
577 1151 607 1209 in
631 1150 808 1211 Americam
834 1159 865 1209 ct
892 1150 1012 1209 insulas
1041 1150 1112 1208 illas
1148 1151 1390 1221 transmearint,
1423 1149 1502 1210 haud

299 1262 500 1341 intelligitur.
533 1293 578 1305 -
595 1258 661 1335 Qua
676 1260 727 1318 via
749 1259 865 1336 antiqui
889 1259 974 1318 orbis
998 1259 1191 1318 habitatores
1214 1260 1245 1318 in
1267 1260 1338 1318 illas
1355 1260 1504 1339 regiones

300 1372 519 1451 pervenerint,
535 1379 675 1429 nostrum
693 1388 752 1428 non
770 1379 819 1429 cst
835 1370 1003 1445 explicare,
1020 1369 1180 1429 dummodo
1199 1378 1337 1440 constat,
1354 1370 1384 1429 id
1402 1371 1504 1447 aliquo

300 1485 392 1543 modo
415 1482 485 1541 lieri
508 1481 657 1558 potuisse.
690 1479 760 1540 Hoc
777 1490 879 1539 autem
897 1481 1109 1539 demonstrant
1124 1480 1232 1538 variae
1254 1480 1504 1540 doctissimorum

301 1596 442 1653 virorum
458 1592 591 1667 desuper
608 1592 817 1667 conjecturae.
852 1590 997 1650 (ictorum
1013 1590 1133 1650 incolas
1151 1591 1334 1660 Americae,
1359 1591 1404 1649 uti
1420 1591 1504 1649 insu·

302 1707 403 1764 larum
421 1702 525 1761 Indiae
542 1702 705 1771 australis,
721 1700 845 1758 minime
862 1708 966 1758 tantae
984 1699 1175 1776 antiquitatis
1193 1709 1314 1759 esseut
1331 1700 1505 1760 adversarii

287 1821 479 1881 'autumant,
512 1812 566 1871 scd
577 1811 770 1872 ‘recentioris
788 1828 860 1868 esse
877 1809 1027 1888 originis,
1058 1808 1127 1885 ipsa
1143 1810 1304 1868 multitudo
1320 1811 1503 1886 populorum

303 1933 334 1983 et
350 1938 539 2000 regnorum,
559 1939 637 1997 quae
654 1920 682 1978 si
697 1919 894 1978 ldexicanum
911 1926 942 1977 et
959 1917 1166 1977 Pcruvianum
1184 1918 1367 1994 excipiatur,
1392 1919 1506 1998 exigua

302 2050 436 2111 prorsus
453 2039 554 2100 eraut,
571 2040 603 2090 et
619 2039 701 2099 sunt,
718 2039 809 2106 utque
827 2027 924 2088 arctis
943 2028 1182 2105 circumscripta
1198 2029 1359 2097 limitibus,
1380 2028 1505 2089 evincit.

302 2145 406 2203 Porro
428 2140 555 2200 eandem
577 2140 730 2220 originem
757 2139 827 2198 illos
855 2139 985 2215 populos
1003 2156 1072 2197 cum
1094 2139 1223 2197 aliarum
1245 2148 1351 2198 terrae
1372 2140 1506 2216 partium

303 2251 417 2313 ineolis
434 2249 560 2319 hahere,
576 2249 691 2309 invicte
707 2249 951 2324 probantplures
969 2266 1074 2307 eorum
1087 2249 1180 2318 ritus,
1197 2250 1345 2326 pluraque
1360 2249 1507 2327 dogmata

306 2380 376 2423 cum
391 2361 441 2419 his
458 2359 640 2421 communia.
659 2358 714 2418 Sic
730 2359 880 2417 memorie
896 2357 1002 2417 diluvii
1018 2358 1096 2434 apud
1114 2376 1168 2416 eos
1185 2358 1284 2437 viget,
1304 2358 1441 2417 etunius
1459 2360 1503 2417 ia·

306 2472 409 2531 miliae
438 2487 476 2527 ex
505 2487 540 2527 eo
565 2477 718 2527 servatae.
750 2468 908 2527 Mexicani
936 2468 1206 2528 circumcisionem
1236 2467 1363 2538 habent,
1396 2469 1506 2527 sabbo-

306 2592 370 2639 tum
388 2580 519 2656 septimo
536 2578 651 2648 die,'et
660 2579 831 2653 jubilaeum
849 2578 1104 2656 quinquagesimo
1118 2597 1196 2637 anno
1214 2587 1401 2639 occurrente
1425 2579 1504 2638 celc-

306 2692 401 2748 hrant
417 2692 459 2760 ¹).

412 2793 444 2859 2.
462 2798 495 2856 ln
515 2797 583 2875 ipso
600 2798 742 2874 Moysis
758 2797 859 2870 libro,
888 2817 977 2875 quem
1007 2798 1043 2858 de
1068 2798 1225 2859 creatione
1244 2799 1346 2859 mundi
1368 2799 1506 2860 conscri-

306 2911 384 2989 psit,
416 2927 476 2967 uon
494 2909 628 2968 obscura
645 2909 796 2968 habentur
812 2908 942 2978 indicia,
970 2909 1034 2983 jam
1057 2918 1128 2967 aute
1149 2909 1296 2969 Adamum
1313 2909 1453 2969 homines
1476 2909 1506 2969 in

307 3021 382 3079 orbe
400 3019 508 3080 luisse.
540 3021 615 3077 Nam
634 3018 709 3078 (lain
727 3018 891 3077 fratricida
908 3019 967 3077 ait:
998 3017 1087 3079 Ecce
1108 3021 1200 3097 ejicis
1220 3038 1270 3080 me
1293 3021 1389 3081 hodie
1412 3040 1433 3081 o
1446 3021 1508 3094 fo·

307 3133 354 3190 eie
370 3138 495 3201 terroe,
518 3138 551 3189 et
564 3148 585 3187 a
598 3128 688 3201 facie
704 3137 762 3188 tuo
776 3132 972 3207 abscondar,
1006 3139 1040 3190 et
1059 3146 1115 3189 cro
1139 3148 1257 3206 oopus,
1283 3139 1318 3191 et
1341 3131 1510 3208 profugus

306 3242 342 3299 in
357 3249 466 3300 terro:
484 3241 588 3300 omnis
604 3241 717 3315 igitur,
734 3241 791 3315 qui
806 3241 970 3299 invenerit
983 3257 1047 3313 me,
1064 3242 1188 3300 occidet
1201 3238 1298 3318 παρ’).
1333 3239 1417 3316 Quae
1441 3241 1509 3299 sine

307 3349 463 3408 hominum
479 3349 672 3408 multitudine
689 3349 824 3428 intelligi
840 3357 1005 3425 nequeunt.
1038 3350 1139 3409 Porro
1156 3350 1269 3409 dicitur
1287 3351 1361 3409 cain
1379 3369 1508 3410 uxorem

305 3458 471 3528 habuisse3
503 3458 611 3517 Adami
627 3458 720 3517 liliam
738 3466 839 3516 autem
856 3458 971 3518 ducere
987 3458 1067 3517 haud
1090 3467 1250 3535 potuerat,
1283 3475 1353 3520 cum
1375 3461 1404 3519 ci
1425 3461 1511 3520 nulls

308 3567 406 3627 adhuc
423 3576 497 3627 nata
514 3576 600 3626 esset
617 3572 659 3640 ³).
691 3568 773 3627 Dein
788 3568 970 3644 perhibetur
996 3569 1072 3627 (lain
1092 3569 1234 3648 agricola
1251 3566 1299 3643 4);
1337 3570 1508 3650 agricultu-

307 3696 342 3735 ra
358 3685 461 3736 autcm
478 3686 509 3736 et
525 3695 578 3735 ars
595 3678 733 3736 aratoria
748 3679 853 3754 plures
870 3679 948 3737 alias
965 3679 1065 3757 exigit
1081 3688 1176 3738 artes.
1209 3680 1380 3739 Praeterea
1402 3680 1438 3739 de
1456 3698 1508 3739 eo·

308 3788 375 3845 dem
397 3787 525 3867 legitur,
558 3787 741 3848 aedificasse
761 3789 862 3864 ipsum
878 3789 1035 3848 civitatem
1059 3793 1106 3861 ⁵);
1140 3788 1305 3850 architecti
1321 3791 1420 3869 igitur
1437 3789 1507 3848 ude·

308 3905 389 3964 rant,
408 3896 548 3965 aderant,
567 3915 642 3973 quos
658 3897 689 3955 in
706 3915 773 3956 eam
791 3897 969 3969 deduceret,
987 3899 1082 3958 cives.
1105 3897 1234 3972 Quinam
1251 3909 1353 3958 autem
1370 3899 1393 3957 ii
1409 3918 1447 3957 ex
1464 3899 1509 3958 ia·

308 4005 391 4064 milia
407 4005 492 4064 Adae
508 4004 639 4076 luerint,
664 4024 756 4082 quum
771 4006 937 4066 interiecto
955 4008 1050 4066 Abcle
1066 4025 1145 4065 unus
1161 4008 1258 4066 Adam
1287 4027 1355 4068 cum
1372 4012 1440 4068 llva
1457 4027 1508 4067 su·

308 4118 472 4190 peressetl
496 4146 542 4158 -
556 4116 702 4173 Attamen
718 4115 857 4192 quamvis
875 4115 1042 4193 Scriptura
1060 4136 1095 4175 eo
1112 4117 1192 4187 loco,
1210 4118 1261 4177 ubi
1280 4118 1316 4176 de
1334 4116 1509 4177 fratricidio

310 4222 398 4282 Caini
415 4240 519 4281 sermo
537 4232 604 4291 est,
629 4232 748 4282 tantum
770 4225 898 4283 duorum
922 4225 1056 4285 liliorum
1080 4228 1166 4287 Adae
1188 4229 1372 4287 mentionem
1400 4229 1509 4292 iaciat:

308 4332 376 4391 inde
393 4332 518 4391 minime
536 4333 649 4408 conjici
664 4343 778 4410 potest,
794 4334 851 4395 hos
869 4337 953 4395 solos
970 4336 1086 4396 liberos
1104 4338 1374 4414 protoparentilsus
1392 4340 1507 4412 luisse;

310 4441 368 4501 imo
383 4442 516 4501 inferius
534 4460 683 4520 expresse
701 4445 892 4504 contrarium
909 4446 1040 4526 legitur,
1074 4465 1142 4507 eum
1169 4448 1336 4508 memoriae
1357 4450 1509 4525 proditur,

417 4716 444 4797 ¹)
465 4717 649 4778 Oateclcc'sme
665 4719 779 4795 philos.
805 4722 843 4782 P.
861 4723 889 4783 1.
907 4729 964 4784 art.
989 4723 1017 4785 5.
1030 4742 1064 4785 oc.
1087 4724 1137 4784 48.
1162 4729 1190 4781 et
1215 4742 1240 4784 s.
1272 4723 1320 4781 Lo
1347 4721 1392 4784 Sa
1420 4722 1511 4784 Bidle

317 4807 437 4884 Vorapte.
460 4803 499 4870 Τ.
524 4805 553 4871 1.
573 4831 605 4890 p.
627 4805 704 4872 295.
729 4831 753 4871 s.
777 4846 821 4857 -
845 4810 869 4892 ²)
892 4811 971 4874 Gen.
994 4810 1026 4886 4,
1050 4810 1101 4876 14.
1125 4848 1169 4859 -
1190 4814 1217 4895 ³)
1235 4807 1316 4880 Gen.
1339 4810 1371 4891 4,
1396 4810 1448 4881 17.
1467 4849 1509 4864 -

312 4897 337 4978 4)
354 4896 433 4960 Gen.
450 4895 482 4974 4,
498 4895 530 4962 4.
546 4934 591 4946 -
608 4900 635 4982 ⁸)
654 4899 731 4964 Gen.
748 4899 780 4979 4,
800 4898 850 4965 ll.
