3775 5625
358 419 424 495 388

357 597 562 674 percipiendi,
584 607 615 655 et
640 597 799 655 voluntate
823 612 882 655 non
904 602 1021 655 tautum
1046 595 1128 655 omni
1144 595 1292 657 facultate
1309 614 1345 654 se
1363 614 1418 672 per
1434 605 1522 655 senet·

355 708 455 783 ipsam
472 707 539 766 sive
556 707 592 766 ad
610 708 721 765 honum
739 706 804 764 sive
822 706 914 764 etiam
932 706 969 764 ad
987 706 1098 764 malum
1116 706 1318 782 appetendum
1338 706 1524 768 commovendi

355 835 411 875 seu
428 816 667 884 determinandi,
690 816 745 873 sed
762 824 793 873 et
809 815 876 892 ipsa
893 815 1040 875 facultate
1058 815 1168 875 bouum
1193 816 1358 893 appetendi
1375 814 1480 883 exuti,
1494 816 1523 874 its

356 935 387 985 ut
404 945 482 1005 ergo
500 944 559 986 non
576 926 694 993 solnm,
713 943 910 1002 quaecunque
928 925 964 984 ab
981 925 1103 984 homine
1120 926 1206 996 fiant,
1223 926 1407 985 necessario
1425 925 1523 1001 fland),

354 1053 462 1093 verum
493 1035 585 1094 etiam
617 1034 684 1111 ipse
711 1035 748 1093 ad
771 1035 872 1093 omnia
894 1034 997 1093 divina
1023 1043 1054 1093 et
1076 1035 1249 1112 spiritualia
1275 1036 1317 1093 sit
1333 1052 1466 1112 prorsus
1478 1034 1524 1092 ine·

353 1154 423 1221 ptus
431 1147 472 1216 ²),
490 1162 588 1222 neque
607 1144 698 1202 aliam
714 1144 812 1219 ipsurn
829 1144 997 1218 potentiam
1013 1144 1193 1213 retinuisse,
1211 1144 1272 1203 nisi
1287 1145 1324 1203 ad
1342 1144 1525 1222 peccandum:

352 1253 530 1314 necessario
548 1254 661 1314 docere
678 1253 847 1324 debebant,
868 1228 1020 1313 hominern
1047 1255 1178 1313 nondum
1199 1263 1344 1314 renatum
1365 1272 1427 1313 non
1442 1271 1527 1331 posse,

351 1363 412 1422 nisi
427 1364 457 1421 in
474 1364 568 1422 rebus
585 1363 696 1422 divinis
715 1383 833 1445 errare,
851 1374 943 1442 atque
960 1364 990 1422 iu
1002 1364 1141 1424 omnibus
1154 1365 1219 1423 suis
1235 1364 1384 1440 operibus
1401 1381 1528 1441 peceare,

242 1547 244 1552 Ι
350 1474 451 1551 nilque
484 1475 520 1532 eb
554 1492 589 1532 eo
621 1473 763 1549 prodire,
796 1475 875 1550 quod
904 1474 1097 1533 damnatione
1121 1474 1245 1552 dignum
1270 1474 1407 1543 nonsit,
1430 1472 1529 1532 etideo

350 1583 449 1642 omnia
463 1583 630 1642 infidelium
648 1602 742 1661 opera
759 1584 887 1644 totidem
904 1603 975 1643 essa
992 1593 1137 1661 peccata,
1160 1602 1196 1643 ac
1212 1583 1463 1662 philosophorum
1477 1582 1530 1640 vir·

348 1702 431 1753 tutes
448 1694 574 1753 totidem
592 1713 663 1753 csse
680 1694 766 1755 vitia.
796 1695 860 1753 lmo
879 1713 914 1754 eo
932 1713 1029 1771 usque
1047 1694 1196 1752 amentiae
1217 1701 1430 1771 proruperunt
1443 1694 1530 1751 Nova·

348 1813 450 1874 tores,
476 1813 509 1862 ut
540 1804 608 1881 ipsa
635 1823 747 1879 opera,
773 1822 851 1880 quae
869 1804 946 1863 tiunt
962 1804 992 1863 iu
1010 1813 1094 1863 statu
1105 1803 1268 1877 justitiae,
1302 1812 1453 1882 quatenus
1470 1810 1531 1861 suut

348 1932 443 1991 opera
458 1913 600 1983 hominis,
618 1924 748 1989 peccata
765 1933 835 1973 csse
854 1915 1095 1987 contenderent,
1118 1923 1149 1972 et
1166 1914 1258 1973 etiam
1274 1914 1382 1989 justos
1398 1913 1429 1972 iu
1446 1912 1530 1971 omni·

345 2025 402 2082 bus
420 2023 486 2083 suis
504 2024 648 2100 operibus
665 2033 793 2101 propter
811 2026 1081 2100 concupiscentiae
1098 2027 1213 2094 labem,
1235 2043 1314 2101 quae
1333 2024 1398 2082 illis
1420 2040 1530 2100 semper

347 2134 569 2205 adhaerescat,
586 2153 719 2211 peecare
738 2144 934 2208 assererent,
952 2136 1077 2195 tametsi
1098 2136 1273 2194 faterentur
1294 2142 1424 2211 propter
1453 2132 1530 2191 fidon

348 2244 498 2318 ejusmodi
513 2255 642 2321 peccata
652 2243 749 2318 justis
767 2264 826 2303 non
842 2245 988 2322 imputari
1006 2246 1042 2304 ad
1060 2246 1227 2322 culpam³).
1258 2244 1458 2320 Quapropter
1473 2241 1529 2300 ieii·

344 2354 469 2413 citatem
502 2365 660 2414 aeternam
693 2374 752 2414 non
776 2374 813 2413 ex
841 2364 949 2413 nostra
972 2374 1040 2414 curn
1064 2356 1168 2433 gratia
1185 2353 1288 2413 diviua
1309 2351 1529 2430 cooperatione,

343 2466 397 2523 sed
415 2484 453 2523 ex
482 2464 762 2541 praedestinatione
786 2465 887 2523 diviua
903 2484 959 2541 per
977 2484 1188 2542 consequens,
1221 2474 1313 2541 atque
1329 2462 1473 2522 vicissim
1487 2460 1528 2519 da·

344 2575 528 2632 rnnatiouem
550 2584 708 2634 aeternam
725 2593 784 2632 non
802 2592 840 2632 ex
857 2574 947 2633 malis
965 2574 1082 2633 nostris
1100 2575 1235 2643 meritis,
1269 2591 1359 2649 quam
1381 2572 1484 2649 potius
1499 2587 1529 2627 ex
1569 2599 1571 2606 ·

342 2684 560 2759 reprobatione
593 2684 695 2743 divina
727 2693 759 2742 et
789 2683 1034 2760 Luthcrua⁴)‚
1068 2694 1099 2743 et
1119 2684 1286 2761 praecipue
1310 2682 1528 2749 Calvinum

342 2792 535 2870 repetebant.

447 2907 506 2963 Ast
522 2903 652 2963 Lutheri
674 2914 704 2962 et
729 2903 849 2962 calvini
876 2905 1017 2964 asseclae
1035 2904 1101 2963 iere
1119 2922 1225 2963 omnes
1244 2923 1261 2962 a
1278 2905 1357 2962 duro
1374 2903 1527 2981 magistro·

343 3033 410 3072 rum
427 3016 571 3092 dogmate
588 3022 806 3083 recesserunt,
830 3022 861 3072 et
877 3014 1026 3085 medium,
1052 3015 1082 3072 in
1099 3032 1157 3092 quo
1175 3023 1239 3073 stat
1254 3013 1392 3083 veritas,
1409 3011 1526 3072 transui·

451 3339 478 3415 ¹)
495 3334 688 3407 Necessario,
705 3336 748 3394 ait
762 3333 972 3405 Lutherue‚
998 3333 1076 3405 dieo,
1094 3354 1155 3394 non
1172 3341 1286 3406 coacte,
1312 3336 1368 3393 sed
1382 3339 1418 3392 ct
1432 3331 1477 3391 itta·
1491 3328 1523 3388 di·

343 3435 423 3508 cont,
439 3426 613 3486 necessitate
628 3424 893 3496 immortabilitutis,
910 3444 973 3484 non
989 3424 1165 3486 coactionis.
1205 3428 1256 3485 De
1272 3445 1352 3485 aero.
1369 3426 1435 3484 arb.
1460 3420 1522 3501 Opp.

343 3519 390 3581 ed.
408 3538 433 3577 c.
451 3518 490 3578 Τ.
509 3514 540 3580 2.
555 3517 575 3581 f.
591 3514 668 3581 434.
686 3552 727 3561 —
745 3517 799 3579 Sto
815 3518 949 3576 humana
963 3518 1103 3576 uoluntas
1118 3516 1152 3574 in
1168 3517 1267 3577 medio
1285 3515 1396 3592 posita
1411 3521 1467 3585 eet,
1486 3531 1522 3571 cet

337 3610 518 3687 jumentum,
535 3605 564 3664 ei
580 3606 727 3667 insederit
740 3610 836 3678 Dece,
852 3610 917 3667 volt
933 3615 961 3667 et
974 3607 1070 3679 vadit,
1087 3627 1145 3684 quo
1161 3609 1225 3668 vult
1238 3610 1335 3668 Deua.
1368 3643 1413 3652 —
1442 3603 1478 3666 si
1489 3602 1521 3661 ta·

344 3696 459 3756 sederit
472 3695 584 3771 Satan,
608 3700 672 3757 uolt
691 3706 718 3757 et
739 3698 839 3773 uadit,
857 3719 915 3774 quo
931 3701 996 3758 vult
1010 3699 1122 3774 Satan,
1143 3719 1196 3759 nee
1218 3699 1312 3759 estin
1330 3700 1397 3778 ejus
1413 3692 1521 3757 arbitrio

253 3829 259 3837 .
345 3790 387 3846 ad
401 3793 502 3848 uirum
518 3787 612 3851 aliwrn
619 3787 773 3850 Sessorena
790 3809 921 3861 currere,
939 3797 993 3849 aot
1008 3810 1073 3850 eum
1089 3810 1240 3873 quaeum,
1258 3793 1312 3850 aed
1327 3789 1393 3866 ipei
1400 3787 1521 3850 Ssssoret

345 3886 460 3939 certant
480 3881 515 3938 ob
546 3879 648 3955 ipsum
679 3882 872 3941 obtinendum
904 3889 932 3941 et
947 3881 1179 3956 possidendum.
1203 3883 1251 3945 Ib.
1268 3884 1288 3948 f.
1305 3878 1386 3944 434.
1403 3903 1433 3961 p.
1448 3877 1476 3941 2.
1491 3907 1518 3920 ν

346 3969 371 4048 ²)
388 3973 491 4032 Forat.
508 3977 647 4034 concord.
672 3975 711 4036 P.
728 3977 757 4031 2.
775 3994 799 4034 e.
818 3976 845 4034 1.
863 3993 893 4032 aa.
910 3977 961 4035 10.
994 3975 1060 4038 LL.
1077 3974 1171 4051 spond.
1203 3975 1241 4034 E.
1262 3975 1300 4035 L.
1334 3973 1422 4054 Lipa.
1445 3961 1517 4032 184t.

345 4061 381 4122 P.
398 4057 428 4121 3.
445 4081 475 4141 p.
493 4059 546 4124 86.
565 4064 612 4130 cf,
638 4065 765 4139 Apotop.
782 4084 806 4126 e.
824 4067 852 4124 l.
870 4071 928 4124 ort.
945 4067 975 4124 2.
991 4085 1022 4125 n.
1039 4067 1178 4124 48-51.
1210 4065 1258 4128 Ib.
1273 4065 1312 4126 P.
1332 4063 1360 4126 1.
1378 4085 1412 4146 p.
1428 4057 1516 4126 63³

346 4154 374 4230 ³)
391 4151 543 4214 Luther.
577 4157 692 4216 desert.
716 4162 776 4215 art.
799 4157 828 4219 2.
845 4157 874 4218 3.
893 4158 945 4216 31.
963 4158 1013 4220 32.
1030 4158 1080 4217 35.
1097 4159 1147 4216 36.
1182 4152 1263 4236 Opp.
1281 4155 1332 4216 ed.
1350 4176 1374 4216 o.
1397 4156 1416 4216 i.
1440 4149 1476 4215 91
1490 4169 1515 4208 st·

347 4237 421 4302 109.
441 4241 595 4308 110.111
615 4268 655 4307 es.
674 4282 717 4291 -
734 4245 876 4307 Calvia.
894 4245 1000 4306 Anno.
1019 4247 1109 4309 Oonc.
1130 4247 1215 4308 Trici.
1231 4248 1273 4306 In
1289 4267 1366 4308 oeae.
1385 4249 1413 4308 6.
1432 4242 1514 4306 cond

346 4338 374 4391 et
390 4335 440 4397 25.
458 4334 504 4398 ed.
521 4357 545 4398 c.
562 4359 593 4416 p.
613 4334 686 4399 163.
711 4335 787 4400 241.
820 4337 923 4399 Iustit.
942 4340 960 4397 l.
979 4342 1007 4399 2.
1026 4357 1050 4399 o.
1068 4341 1098 4402 3.
1115 4341 1180 4399 nl
1198 4357 1239 4399 so.
1255 4338 1305 4399 ed.
1325 4360 1353 4401 c.
1370 4360 1402 4419 p.
1420 4333 1475 4399 161
1489 4350 1514 4389 st·

347 4458 389 4468 -
405 4422 583 4492 Chemnit.
616 4432 726 4490 Eccum.
750 4429 840 4489 Oeno.
867 4429 951 4488 Trio.
985 4432 1035 4489 Ad
1055 4449 1129 4494 sess.
1147 4432 1174 4488 6.
1193 4449 1260 4493 ean.
1287 4434 1316 4489 7.
1350 4429 1427 4493 Gen.
1443 4419 1513 4487 1668.

346 4535 374 4592 p.
394 4511 458 4574 155
474 4537 515 4579 ss.
536 4554 574 4562 ῃ
595 4523 619 4597 ⁸)
637 4523 683 4577 De
699 4538 777 4582 suu.
795 4523 858 4578 arb.
877 4519 956 4600 Opp.
975 4522 1020 4582 ed.
1039 4542 1063 4580 c.
1081 4522 1121 4580 Τ.
1139 4518 1168 4581 2.
1187 4518 1302 4582 1434.
1338 4522 1399 4580 Hic
1415 4509 1513 4592 estfidei

347 4625 479 4664 eumenus
499 4613 616 4682 prades
640 4646 683 4656 -
709 4612 828 4668 credere
835 4612 972 4688 justum,
990 4612 1043 4686 qui
1058 4633 1116 4691 eun
1131 4614 1283 4671 voluntate
1300 4633 1358 4671 uos
1374 4601 1512 4672 accusarit

349 4697 532 4757 damnabiles
541 4701 633 4776 facit.
651 4737 693 4747 -
713 4700 739 4785 Ι·)
758 4700 860 4760 [notit.
878 4704 897 4760 l.
915 4705 944 4762 3.
963 4723 987 4763 c.
1006 4705 1056 4763 23.
1073 4724 1103 4767 o.
1122 4705 1149 4763 6.
1166 4724 1198 4783 p.
1222 4701 1299 4767 608.
1335 4704 1443 4788 (Deus)
1457 4713 1510 4756 coa·

349 4783 438 4844 sitio
453 4796 585 4864 notoque
599 4791 644 4849 ita
660 4812 714 4850 cuo
731 4792 898 4864 ordinat,
915 4800 950 4851 ut
963 4794 1043 4852 inter
1058 4793 1194 4853 homines
1209 4803 1392 4869 maeander,
1407 4796 1440 4854 ab
1451 4794 1509 4849 cietv

349 4882 473 4937 certae
487 4881 597 4940 morti
613 4883 750 4957 devoti,
767 4883 821 4959 poi
836 4903 891 4944 ooo
907 4884 1000 4944 coitio
1017 4885 1118 4964 ipsios
1134 4907 1244 4948 nomen
1258 4888 1428 4971 plorefleent
