<?xml version="1.0" encoding="UTF-8"?>
<!DOCTYPE html PUBLIC "-//W3C//DTD XHTML 1.0 Transitional//EN"
    "http://www.w3.org/TR/xhtml1/DTD/xhtml1-transitional.dtd">
<html xmlns="http://www.w3.org/1999/xhtml" xml:lang="en" lang="en">
 <head>
  <title>
</title>
<meta http-equiv="Content-Type" content="text/html;charset=utf-8" />
  <meta name='ocr-system' content='tesseract 3.04.00' />
  <meta name='ocr-capabilities' content='ocr_page ocr_carea ocr_par ocr_line ocrx_word'/>
</head>
<body>
  <div class='ocr_page' id='page_1' title='image "./theologiadogmat00schwgoog/theologiadogmat00schwgoog_0378.png"; bbox 0 0 3775 5625; ppageno 0'>
   <div class='ocr_carea' id='block_1_1' title="bbox 349 408 415 473">
    <p class='ocr_par' dir='ltr' id='par_1_1' title="bbox 349 408 415 473">
     <span class='ocr_line' id='line_1_1' title="bbox 349 408 415 473; baseline 0 0"><span class='ocrx_word' id='word_1_1' title='bbox 349 408 415 473; x_wconf 82' lang='lat'><strong>362</strong></span> 
     </span>
    </p>
   </div>
   <div class='ocr_carea' id='block_1_2' title="bbox 278 572 1549 3399">
    <p class='ocr_par' dir='ltr' id='par_1_2' title="bbox 278 572 1549 3399">
     <span class='ocr_line' id='line_1_2' title="bbox 278 572 1519 659; baseline 0.001 -21"><span class='ocrx_word' id='word_1_2' title='bbox 278 595 280 600; x_wconf 71' lang='grc'>’</span> <span class='ocrx_word' id='word_1_3' title='bbox 347 573 417 649; x_wconf 90' lang='lat' dir='ltr'><strong>tuti,</strong></span> <span class='ocrx_word' id='word_1_4' title='bbox 432 572 661 659; x_wconf 84' lang='lat' dir='ltr'><strong>poenitentiam</strong></span> <span class='ocrx_word' id='word_1_5' title='bbox 678 585 897 658; x_wconf 88' lang='lat' dir='ltr'><strong>conceperunt</strong></span> <span class='ocrx_word' id='word_1_6' title='bbox 912 577 1047 652; x_wconf 87' lang='lat' dir='ltr'><strong>venam).</strong></span> <span class='ocrx_word' id='word_1_7' title='bbox 1078 609 1122 622; x_wconf 91' lang='lat'><strong>-·</strong></span> <span class='ocrx_word' id='word_1_8' title='bbox 1152 576 1301 655; x_wconf 78' lang='lat' dir='ltr'><em>Propter</em></span> <span class='ocrx_word' id='word_1_9' title='bbox 1324 580 1389 637; x_wconf 69' lang='lat' dir='ltr'><strong>hoe</strong></span> <span class='ocrx_word' id='word_1_10' title='bbox 1408 582 1519 639; x_wconf 72' lang='lat' dir='ltr'><strong>enimet</strong></span> 
     </span>
     <span class='ocr_line' id='line_1_3' title="bbox 348 682 1517 764; baseline 0.003 -18"><span class='ocrx_word' id='word_1_11' title='bbox 348 691 520 746; x_wconf 80' lang='lat' dir='ltr'><strong>morteto</strong></span> <span class='ocrx_word' id='word_1_12' title='bbox 542 686 868 761; x_wconf 73' lang='lat' dir='ltr'><strong>eennpeltzntnm</strong></span> <span class='ocrx_word' id='word_1_13' title='bbox 892 692 955 746; x_wconf 79' lang='lat' dir='ltr'><strong>eet</strong></span> <span class='ocrx_word' id='word_1_14' title='bbox 976 684 1094 764; x_wconf 87' lang='lat' dir='ltr'><strong>(laetus</strong></span> <span class='ocrx_word' id='word_1_15' title='bbox 1120 682 1249 748; x_wconf 90' lang='lat' dir='ltr'><strong>nuntius</strong></span> <span class='ocrx_word' id='word_1_16' title='bbox 1272 684 1312 748; x_wconf 90' lang='lat' dir='ltr'><strong>de</strong></span> <span class='ocrx_word' id='word_1_17' title='bbox 1339 684 1517 754; x_wconf 80' lang='lat' dir='ltr'><strong>redemtione</strong></span> 
     </span>
     <span class='ocr_line' id='line_1_4' title="bbox 346 792 1517 880; baseline 0 -21"><span class='ocrx_word' id='word_1_18' title='bbox 346 806 479 880; x_wconf 83' lang='lat' dir='ltr'><strong>peracta</strong></span> <span class='ocrx_word' id='word_1_19' title='bbox 494 794 616 867; x_wconf 88' lang='lat' dir='ltr'><strong>allatus,</strong></span> <span class='ocrx_word' id='word_1_20' title='bbox 632 804 665 857; x_wconf 91' lang='lat' dir='ltr'><strong>et</strong></span> <span class='ocrx_word' id='word_1_21' title='bbox 680 792 733 877; x_wconf 92' lang='lat' dir='ltr'><strong>qui</strong></span> <span class='ocrx_word' id='word_1_22' title='bbox 748 792 779 857; x_wconf 93' lang='lat' dir='ltr'><strong>in</strong></span> <span class='ocrx_word' id='word_1_23' title='bbox 797 812 928 857; x_wconf 85' lang='lat' dir='ltr'><strong>carcere</strong></span> <span class='ocrx_word' id='word_1_24' title='bbox 945 794 1146 867; x_wconf 89' lang='lat' dir='ltr'><strong>tenebantur,</strong></span> <span class='ocrx_word' id='word_1_25' title='bbox 1162 793 1265 879; x_wconf 82' lang='lat' dir='ltr'><strong>erepti</strong></span> <span class='ocrx_word' id='word_1_26' title='bbox 1281 798 1390 874; x_wconf 87' lang='lat' dir='ltr'><strong>sunt):</strong></span> <span class='ocrx_word' id='word_1_27' title='bbox 1413 803 1451 858; x_wconf 82' lang='lat' dir='ltr'><strong>nt</strong></span> <span class='ocrx_word' id='word_1_28' title='bbox 1468 800 1517 874; x_wconf 84' lang='lat' dir='ltr'><strong>jn·</strong></span> 
     </span>
     <span class='ocr_line' id='line_1_5' title="bbox 348 906 1517 985; baseline 0.002 -19"><span class='ocrx_word' id='word_1_29' title='bbox 348 908 497 966; x_wconf 75' lang='lat' dir='ltr'><strong>dicentur</strong></span> <span class='ocrx_word' id='word_1_30' title='bbox 513 906 641 985; x_wconf 80' lang='lat' dir='ltr'><strong>quidem</strong></span> <span class='ocrx_word' id='word_1_31' title='bbox 656 906 835 965; x_wconf 73' lang='lat' dir='ltr'><strong>nectendum</strong></span> <span class='ocrx_word' id='word_1_32' title='bbox 857 908 1004 965; x_wconf 76' lang='lat' dir='ltr'><strong>homines</strong></span> <span class='ocrx_word' id='word_1_33' title='bbox 1024 909 1059 964; x_wconf 77' lang='lat' dir='ltr'><strong>in</strong></span> <span class='ocrx_word' id='word_1_34' title='bbox 1080 924 1181 964; x_wconf 84' lang='lat' dir='ltr'><strong>earne</strong></span> <span class='ocrx_word' id='word_1_35' title='bbox 1190 948 1202 980; x_wconf 92' lang='lat'><strong>,</strong></span> <span class='ocrx_word' id='word_1_36' title='bbox 1225 909 1337 968; x_wconf 71' lang='lat' dir='ltr'><strong>oleant</strong></span> <span class='ocrx_word' id='word_1_37' title='bbox 1357 912 1463 974; x_wconf 78' lang='lat' dir='ltr'><strong>anteon</strong></span> <span class='ocrx_word' id='word_1_38' title='bbox 1475 927 1517 968; x_wconf 84' lang='lat' dir='ltr'><strong>n·</strong></span> 
     </span>
     <span class='ocr_line' id='line_1_6' title="bbox 348 1009 1516 1098; baseline 0.002 -22"><span class='ocrx_word' id='word_1_39' title='bbox 348 1016 489 1076; x_wconf 80' lang='lat' dir='ltr'><strong>eandum</strong></span> <span class='ocrx_word' id='word_1_40' title='bbox 504 1014 609 1074; x_wconf 80' lang='lat' dir='ltr'><strong>Deum</strong></span> <span class='ocrx_word' id='word_1_41' title='bbox 625 1017 659 1075; x_wconf 81' lang='lat' dir='ltr'><strong>in</strong></span> <span class='ocrx_word' id='word_1_42' title='bbox 674 1018 795 1093; x_wconf 74' lang='lat' dir='ltr'><strong>optrito</strong></span> <span class='ocrx_word' id='word_1_43' title='bbox 816 1009 851 1090; x_wconf 80' lang='lat' dir='ltr'><strong>(i.</strong></span> <span class='ocrx_word' id='word_1_44' title='bbox 868 1031 896 1075; x_wconf 86' lang='lat' dir='ltr'><strong>e.</strong></span> <span class='ocrx_word' id='word_1_45' title='bbox 914 1009 1058 1095; x_wconf 86' lang='lat' dir='ltr'><strong>quamvis</strong></span> <span class='ocrx_word' id='word_1_46' title='bbox 1082 1023 1275 1075; x_wconf 77' lang='lat' dir='ltr'><strong>censeantur</strong></span> <span class='ocrx_word' id='word_1_47' title='bbox 1296 1013 1437 1078; x_wconf 86' lang='lat' dir='ltr'><strong>humano</strong></span> <span class='ocrx_word' id='word_1_48' title='bbox 1452 1013 1516 1098; x_wconf 88' lang='lat' dir='ltr'><strong>judi·</strong></span> 
     </span>
     <span class='ocr_line' id='line_1_7' title="bbox 349 1119 1518 1213; baseline 0.003 -28"><span class='ocrx_word' id='word_1_49' title='bbox 349 1122 432 1187; x_wconf 86' lang='lat' dir='ltr'><strong>dicio</strong></span> <span class='ocrx_word' id='word_1_50' title='bbox 453 1123 545 1207; x_wconf 90' lang='lat' dir='ltr'><strong>plane</strong></span> <span class='ocrx_word' id='word_1_51' title='bbox 573 1119 750 1195; x_wconf 88' lang='lat' dir='ltr'><strong>interiisse,</strong></span> <span class='ocrx_word' id='word_1_52' title='bbox 771 1120 879 1184; x_wconf 76' lang='lat' dir='ltr'><strong>vivant</strong></span> <span class='ocrx_word' id='word_1_53' title='bbox 901 1131 1008 1184; x_wconf 86' lang='lat' dir='ltr'><strong>tannen</strong></span> <span class='ocrx_word' id='word_1_54' title='bbox 1031 1141 1140 1184; x_wconf 88' lang='lat' dir='ltr'><strong>conam</strong></span> <span class='ocrx_word' id='word_1_55' title='bbox 1163 1120 1234 1213; x_wconf 87' lang='lat' dir='ltr'><strong>Deo</strong></span> <span class='ocrx_word' id='word_1_56' title='bbox 1245 1122 1283 1202; x_wconf 86' lang='lat'><strong>¹).</strong></span> <span class='ocrx_word' id='word_1_57' title='bbox 1322 1121 1384 1186; x_wconf 89' lang='lat' dir='ltr'><strong>Hic</strong></span> <span class='ocrx_word' id='word_1_58' title='bbox 1399 1121 1461 1188; x_wconf 91' lang='lat' dir='ltr'><strong>loci</strong></span> <span class='ocrx_word' id='word_1_59' title='bbox 1475 1124 1518 1188; x_wconf 87' lang='lat' dir='ltr'><strong>soh</strong></span> 
     </span>
     <span class='ocr_line' id='line_1_8' title="bbox 348 1228 1518 1316; baseline 0 -20"><span class='ocrx_word' id='word_1_60' title='bbox 348 1230 524 1316; x_wconf 89' lang='lat' dir='ltr'><strong>spiritibus,</strong></span> <span class='ocrx_word' id='word_1_61' title='bbox 557 1252 638 1315; x_wconf 82' lang='lat' dir='ltr'><strong>quos</strong></span> <span class='ocrx_word' id='word_1_62' title='bbox 656 1251 788 1294; x_wconf 85' lang='lat' dir='ltr'><strong>carcere</strong></span> <span class='ocrx_word' id='word_1_63' title='bbox 806 1232 954 1295; x_wconf 87' lang='lat' dir='ltr'><strong>detentos</strong></span> <span class='ocrx_word' id='word_1_64' title='bbox 971 1228 1088 1305; x_wconf 83' lang='lat' dir='ltr'><strong>luisse,</strong></span> <span class='ocrx_word' id='word_1_65' title='bbox 1112 1242 1248 1294; x_wconf 86' lang='lat' dir='ltr'><strong>testatur</strong></span> <span class='ocrx_word' id='word_1_66' title='bbox 1264 1232 1457 1316; x_wconf 78' lang='lat' dir='ltr'><strong>Apostolus,</strong></span> <span class='ocrx_word' id='word_1_67' title='bbox 1471 1231 1518 1298; x_wconf 86' lang='lat' dir='ltr'><strong>uni·</strong></span> 
     </span>
     <span class='ocr_line' id='line_1_9' title="bbox 347 1338 1521 1428; baseline 0.001 -23"><span class='ocrx_word' id='word_1_68' title='bbox 347 1363 416 1406; x_wconf 87' lang='lat' dir='ltr'><strong>mas</strong></span> <span class='ocrx_word' id='word_1_69' title='bbox 447 1340 669 1405; x_wconf 89' lang='lat' dir='ltr'><strong>defunctorum</strong></span> <span class='ocrx_word' id='word_1_70' title='bbox 693 1338 918 1426; x_wconf 84' lang='lat' dir='ltr'><strong>intelligendas</strong></span> <span class='ocrx_word' id='word_1_71' title='bbox 940 1361 1030 1411; x_wconf 85' lang='lat' dir='ltr'><strong>esse,</strong></span> <span class='ocrx_word' id='word_1_72' title='bbox 1048 1341 1116 1424; x_wconf 89' lang='lat' dir='ltr'><strong>jam</strong></span> <span class='ocrx_word' id='word_1_73' title='bbox 1132 1339 1205 1404; x_wconf 92' lang='lat' dir='ltr'><strong>inde</strong></span> <span class='ocrx_word' id='word_1_74' title='bbox 1222 1341 1374 1425; x_wconf 78' lang='lat' dir='ltr'><strong>adparet,</strong></span> <span class='ocrx_word' id='word_1_75' title='bbox 1390 1342 1521 1428; x_wconf 85' lang='lat' dir='ltr'><strong>quoniam</strong></span> 
     </span>
     <span class='ocr_line' id='line_1_10' title="bbox 348 1448 1522 1536; baseline 0.002 -21"><span class='ocrx_word' id='word_1_76' title='bbox 348 1451 407 1515; x_wconf 84' lang='lat' dir='ltr'><strong>suh</strong></span> <span class='ocrx_word' id='word_1_77' title='bbox 424 1449 545 1534; x_wconf 84' lang='lat' dir='ltr'><strong>Spiritu</strong></span> <span class='ocrx_word' id='word_1_78' title='bbox 562 1448 692 1524; x_wconf 82' lang='lat' dir='ltr'><strong>Christi,</strong></span> <span class='ocrx_word' id='word_1_79' title='bbox 706 1461 816 1534; x_wconf 87' lang='lat' dir='ltr'><strong>utpote</strong></span> <span class='ocrx_word' id='word_1_80' title='bbox 834 1448 922 1513; x_wconf 87' lang='lat' dir='ltr'><strong>carni</strong></span> <span class='ocrx_word' id='word_1_81' title='bbox 939 1448 1102 1533; x_wconf 86' lang='lat' dir='ltr'><strong>opposito,</strong></span> <span class='ocrx_word' id='word_1_82' title='bbox 1120 1450 1323 1515; x_wconf 81' lang='lat' dir='ltr'><strong>solumunodo</strong></span> <span class='ocrx_word' id='word_1_83' title='bbox 1336 1450 1441 1516; x_wconf 86' lang='lat' dir='ltr'><strong>animo</strong></span> <span class='ocrx_word' id='word_1_84' title='bbox 1456 1453 1522 1536; x_wconf 82' lang='lat' dir='ltr'><strong>ejus,</strong></span> 
     </span>
     <span class='ocr_line' id='line_1_11' title="bbox 348 1556 1522 1643; baseline 0.001 -19"><span class='ocrx_word' id='word_1_85' title='bbox 348 1582 366 1624; x_wconf 94' lang='lat' dir='ltr'><strong>a</strong></span> <span class='ocrx_word' id='word_1_86' title='bbox 381 1580 521 1643; x_wconf 90' lang='lat' dir='ltr'><strong>corpore</strong></span> <span class='ocrx_word' id='word_1_87' title='bbox 545 1561 663 1632; x_wconf 87' lang='lat' dir='ltr'><strong>solnta,</strong></span> <span class='ocrx_word' id='word_1_88' title='bbox 694 1556 826 1643; x_wconf 82' lang='lat' dir='ltr'><strong>intelligi</strong></span> <span class='ocrx_word' id='word_1_89' title='bbox 843 1569 966 1641; x_wconf 89' lang='lat' dir='ltr'><strong>potest,</strong></span> <span class='ocrx_word' id='word_1_90' title='bbox 988 1569 1020 1621; x_wconf 90' lang='lat' dir='ltr'><strong>et</strong></span> <span class='ocrx_word' id='word_1_91' title='bbox 1036 1556 1149 1621; x_wconf 87' lang='lat' dir='ltr'><strong>deinde</strong></span> <span class='ocrx_word' id='word_1_92' title='bbox 1166 1558 1317 1643; x_wconf 88' lang='lat' dir='ltr'><strong>quoniam</strong></span> <span class='ocrx_word' id='word_1_93' title='bbox 1332 1559 1467 1625; x_wconf 86' lang='lat' dir='ltr'><strong>inferius</strong></span> <span class='ocrx_word' id='word_1_94' title='bbox 1480 1581 1522 1624; x_wconf 84' lang='lat' dir='ltr'><strong>ox·</strong></span> 
     </span>
     <span class='ocr_line' id='line_1_12' title="bbox 346 1664 1523 1754; baseline 0.001 -21"><span class='ocrx_word' id='word_1_95' title='bbox 346 1689 460 1754; x_wconf 84' lang='lat' dir='ltr'><strong>presse</strong></span> <span class='ocrx_word' id='word_1_96' title='bbox 482 1667 600 1731; x_wconf 89' lang='lat' dir='ltr'><strong>mortui</strong></span> <span class='ocrx_word' id='word_1_97' title='bbox 621 1667 831 1750; x_wconf 88' lang='lat' dir='ltr'><strong>adpellantur‚</strong></span> <span class='ocrx_word' id='word_1_98' title='bbox 855 1677 948 1750; x_wconf 90' lang='lat' dir='ltr'><strong>atque</strong></span> <span class='ocrx_word' id='word_1_99' title='bbox 970 1664 1045 1729; x_wconf 91' lang='lat' dir='ltr'><strong>olim</strong></span> <span class='ocrx_word' id='word_1_100' title='bbox 1067 1665 1099 1729; x_wconf 92' lang='lat' dir='ltr'><strong>in</strong></span> <span class='ocrx_word' id='word_1_101' title='bbox 1123 1666 1219 1732; x_wconf 88' lang='lat' dir='ltr'><strong>terris</strong></span> <span class='ocrx_word' id='word_1_102' title='bbox 1237 1667 1360 1733; x_wconf 86' lang='lat' dir='ltr'><strong>vixisse</strong></span> <span class='ocrx_word' id='word_1_103' title='bbox 1381 1668 1523 1735; x_wconf 90' lang='lat' dir='ltr'><strong>dicuntur.</strong></span> 
     </span>
     <span class='ocr_line' id='line_1_13' title="bbox 346 1773 1522 1864; baseline 0.001 -21"><span class='ocrx_word' id='word_1_104' title='bbox 346 1778 405 1843; x_wconf 87' lang='lat' dir='ltr'><strong>His</strong></span> <span class='ocrx_word' id='word_1_105' title='bbox 421 1799 501 1864; x_wconf 82' lang='lat' dir='ltr'><strong>ergo</strong></span> <span class='ocrx_word' id='word_1_106' title='bbox 524 1776 688 1841; x_wconf 88' lang='lat' dir='ltr'><strong>animabus</strong></span> <span class='ocrx_word' id='word_1_107' title='bbox 710 1773 740 1838; x_wconf 93' lang='lat' dir='ltr'><strong>in</strong></span> <span class='ocrx_word' id='word_1_108' title='bbox 765 1795 909 1848; x_wconf 86' lang='lat' dir='ltr'><strong>earcere,</strong></span> <span class='ocrx_word' id='word_1_109' title='bbox 931 1773 952 1837; x_wconf 93' lang='lat' dir='ltr'><strong>i.</strong></span> <span class='ocrx_word' id='word_1_110' title='bbox 966 1795 997 1839; x_wconf 82' lang='lat' dir='ltr'><strong>e.</strong></span> <span class='ocrx_word' id='word_1_111' title='bbox 1013 1774 1139 1839; x_wconf 89' lang='lat' dir='ltr'><strong>inferno</strong></span> <span class='ocrx_word' id='word_1_112' title='bbox 1157 1776 1310 1853; x_wconf 86' lang='lat' dir='ltr'><strong>detentis,</strong></span> <span class='ocrx_word' id='word_1_113' title='bbox 1327 1780 1447 1844; x_wconf 86' lang='lat' dir='ltr'><strong>loetum</strong></span> <span class='ocrx_word' id='word_1_114' title='bbox 1461 1800 1522 1844; x_wconf 91' lang='lat' dir='ltr'><strong>non·</strong></span> 
     </span>
     <span class='ocr_line' id='line_1_14' title="bbox 347 1882 1523 1975; baseline 0.002 -23"><span class='ocrx_word' id='word_1_115' title='bbox 347 1889 424 1952; x_wconf 89' lang='lat' dir='ltr'><strong>tium</strong></span> <span class='ocrx_word' id='word_1_116' title='bbox 440 1887 559 1962; x_wconf 86' lang='lat' dir='ltr'><strong>adtulit,</strong></span> <span class='ocrx_word' id='word_1_117' title='bbox 575 1885 806 1950; x_wconf 80' lang='lat' dir='ltr'><strong>redemtionem</strong></span> <span class='ocrx_word' id='word_1_118' title='bbox 822 1882 956 1971; x_wconf 83' lang='lat' dir='ltr'><strong>generis</strong></span> <span class='ocrx_word' id='word_1_119' title='bbox 973 1884 1100 1949; x_wconf 87' lang='lat' dir='ltr'><strong>humani</strong></span> <span class='ocrx_word' id='word_1_120' title='bbox 1117 1906 1191 1950; x_wconf 87' lang='lat' dir='ltr'><strong>esse</strong></span> <span class='ocrx_word' id='word_1_121' title='bbox 1201 1898 1378 1971; x_wconf 86' lang='lat' dir='ltr'><strong>peractam,</strong></span> <span class='ocrx_word' id='word_1_122' title='bbox 1395 1901 1485 1975; x_wconf 85' lang='lat' dir='ltr'><strong>atque</strong></span> <span class='ocrx_word' id='word_1_123' title='bbox 1496 1908 1523 1954; x_wconf 83' lang='lat' dir='ltr'><strong>se</strong></span> 
     </span>
     <span class='ocr_line' id='line_1_15' title="bbox 348 1992 1522 2071; baseline 0.001 -9"><span class='ocrx_word' id='word_1_124' title='bbox 348 2000 387 2063; x_wconf 92' lang='lat' dir='ltr'><strong>ad</strong></span> <span class='ocrx_word' id='word_1_125' title='bbox 402 1999 465 2061; x_wconf 94' lang='lat' dir='ltr'><strong>hoc</strong></span> <span class='ocrx_word' id='word_1_126' title='bbox 480 1996 619 2071; x_wconf 84' lang='lat' dir='ltr'><strong>venisse,</strong></span> <span class='ocrx_word' id='word_1_127' title='bbox 635 2008 670 2059; x_wconf 89' lang='lat' dir='ltr'><strong>nt</strong></span> <span class='ocrx_word' id='word_1_128' title='bbox 685 2016 741 2059; x_wconf 88' lang='lat' dir='ltr'><strong>eas</strong></span> <span class='ocrx_word' id='word_1_129' title='bbox 759 2013 891 2058; x_wconf 88' lang='lat' dir='ltr'><strong>carcere</strong></span> <span class='ocrx_word' id='word_1_130' title='bbox 907 1992 1069 2069; x_wconf 86' lang='lat' dir='ltr'><strong>liberaret,</strong></span> <span class='ocrx_word' id='word_1_131' title='bbox 1086 2007 1118 2059; x_wconf 91' lang='lat' dir='ltr'><strong>et</strong></span> <span class='ocrx_word' id='word_1_132' title='bbox 1135 2016 1177 2059; x_wconf 85' lang='lat' dir='ltr'><strong>ex</strong></span> <span class='ocrx_word' id='word_1_133' title='bbox 1193 1994 1306 2060; x_wconf 86' lang='lat' dir='ltr'><strong>inferis</strong></span> <span class='ocrx_word' id='word_1_134' title='bbox 1321 1998 1364 2060; x_wconf 87' lang='lat' dir='ltr'><strong>ad</strong></span> <span class='ocrx_word' id='word_1_135' title='bbox 1389 1997 1522 2063; x_wconf 83' lang='lat' dir='ltr'><strong>coelestio</strong></span> 
     </span>
     <span class='ocr_line' id='line_1_16' title="bbox 347 2100 1520 2185; baseline 0.002 -14"><span class='ocrx_word' id='word_1_136' title='bbox 347 2108 497 2172; x_wconf 89' lang='lat' dir='ltr'><strong>eveheret</strong></span> <span class='ocrx_word' id='word_1_137' title='bbox 505 2111 546 2185; x_wconf 83' lang='lat'><strong>²).</strong></span> <span class='ocrx_word' id='word_1_138' title='bbox 570 2104 663 2169; x_wconf 84' lang='lat' dir='ltr'><strong>Aliud</strong></span> <span class='ocrx_word' id='word_1_139' title='bbox 679 2100 897 2168; x_wconf 90' lang='lat' dir='ltr'><strong>testimonium</strong></span> <span class='ocrx_word' id='word_1_140' title='bbox 915 2104 1093 2167; x_wconf 84' lang='lat' dir='ltr'><strong>descensus</strong></span> <span class='ocrx_word' id='word_1_141' title='bbox 1111 2103 1231 2169; x_wconf 79' lang='lat' dir='ltr'><strong>Christi</strong></span> <span class='ocrx_word' id='word_1_142' title='bbox 1247 2106 1287 2168; x_wconf 89' lang='lat' dir='ltr'><strong>ad</strong></span> <span class='ocrx_word' id='word_1_143' title='bbox 1303 2103 1431 2171; x_wconf 86' lang='lat' dir='ltr'><strong>inferos</strong></span> <span class='ocrx_word' id='word_1_144' title='bbox 1445 2108 1520 2172; x_wconf 83' lang='lat' dir='ltr'><strong>hehe·</strong></span> 
     </span>
     <span class='ocr_line' id='line_1_17' title="bbox 347 2211 1519 2301; baseline 0.002 -20"><span class='ocrx_word' id='word_1_145' title='bbox 347 2238 418 2281; x_wconf 87' lang='lat' dir='ltr'><strong>nnus</strong></span> <span class='ocrx_word' id='word_1_146' title='bbox 434 2215 465 2279; x_wconf 92' lang='lat' dir='ltr'><strong>in</strong></span> <span class='ocrx_word' id='word_1_147' title='bbox 483 2214 629 2280; x_wconf 90' lang='lat' dir='ltr'><strong>oratione</strong></span> <span class='ocrx_word' id='word_1_148' title='bbox 646 2214 788 2298; x_wconf 88' lang='lat' dir='ltr'><strong>ejusdem</strong></span> <span class='ocrx_word' id='word_1_149' title='bbox 805 2211 993 2296; x_wconf 79' lang='lat' dir='ltr'><strong>Apostoli</strong></span> <span class='ocrx_word' id='word_1_150' title='bbox 1014 2213 1116 2298; x_wconf 83' lang='lat' dir='ltr'><strong>prima</strong></span> <span class='ocrx_word' id='word_1_151' title='bbox 1139 2215 1177 2278; x_wconf 93' lang='lat' dir='ltr'><strong>ad</strong></span> <span class='ocrx_word' id='word_1_152' title='bbox 1201 2212 1470 2301; x_wconf 82' lang='lat' dir='ltr'><strong>Hierosolymitas</strong></span> <span class='ocrx_word' id='word_1_153' title='bbox 1481 2218 1519 2282; x_wconf 86' lang='lat' dir='ltr'><strong>ho·</strong></span> 
     </span>
     <span class='ocr_line' id='line_1_18' title="bbox 347 2322 1549 2408; baseline -0.001 -18"><span class='ocrx_word' id='word_1_154' title='bbox 347 2325 422 2400; x_wconf 88' lang='lat' dir='ltr'><strong>hita,</strong></span> <span class='ocrx_word' id='word_1_155' title='bbox 446 2323 500 2389; x_wconf 91' lang='lat' dir='ltr'><strong>uhi</strong></span> <span class='ocrx_word' id='word_1_156' title='bbox 523 2323 631 2388; x_wconf 85' lang='lat' dir='ltr'><strong>verbis</strong></span> <span class='ocrx_word' id='word_1_157' title='bbox 656 2322 831 2387; x_wconf 87' lang='lat' dir='ltr'><strong>Davidis:</strong></span> <span class='ocrx_word' id='word_1_158' title='bbox 875 2324 1039 2399; x_wconf 77' lang='lat' dir='ltr'><strong>Quoniam</strong></span> <span class='ocrx_word' id='word_1_159' title='bbox 1060 2346 1126 2387; x_wconf 88' lang='lat' dir='ltr'><strong>non</strong></span> <span class='ocrx_word' id='word_1_160' title='bbox 1147 2327 1356 2408; x_wconf 77' lang='lat' dir='ltr'><strong>derelinques</strong></span> <span class='ocrx_word' id='word_1_161' title='bbox 1373 2333 1519 2391; x_wconf 78' lang='lat' dir='ltr'><strong>animan</strong></span> <span class='ocrx_word' id='word_1_162' title='bbox 1547 2355 1549 2380; x_wconf 86' lang='lat'><em>=</em></span> 
     </span>
     <span class='ocr_line' id='line_1_19' title="bbox 347 2434 1518 2521; baseline 0.003 -23"><span class='ocrx_word' id='word_1_163' title='bbox 347 2460 378 2497; x_wconf 90' lang='lat' dir='ltr'><strong>m</strong></span> <span class='ocrx_word' id='word_1_164' title='bbox 388 2458 471 2498; x_wconf 86' lang='lat' dir='ltr'><strong>eam</strong></span> <span class='ocrx_word' id='word_1_165' title='bbox 487 2442 530 2497; x_wconf 77' lang='lat' dir='ltr'><strong>in</strong></span> <span class='ocrx_word' id='word_1_166' title='bbox 545 2439 730 2513; x_wconf 79' lang='lat' dir='ltr'><strong>inferno,</strong></span> <span class='ocrx_word' id='word_1_167' title='bbox 749 2457 808 2496; x_wconf 91' lang='lat' dir='ltr'><strong>nee</strong></span> <span class='ocrx_word' id='word_1_168' title='bbox 825 2437 920 2496; x_wconf 80' lang='lat' dir='ltr'><strong>dabie</strong></span> <span class='ocrx_word' id='word_1_169' title='bbox 937 2434 1098 2496; x_wconf 76' lang='lat' dir='ltr'><strong>Sanctum</strong></span> <span class='ocrx_word' id='word_1_170' title='bbox 1112 2442 1206 2496; x_wconf 73' lang='lat' dir='ltr'><strong>dnum</strong></span> <span class='ocrx_word' id='word_1_171' title='bbox 1221 2438 1333 2498; x_wconf 77' lang='lat' dir='ltr'><strong>videre</strong></span> <span class='ocrx_word' id='word_1_172' title='bbox 1349 2444 1518 2521; x_wconf 80' lang='lat' dir='ltr'><strong>corruptio·</strong></span> 
     </span>
     <span class='ocr_line' id='line_1_20' title="bbox 279 2522 1517 2631; baseline 0.002 -24"><span class='ocrx_word' id='word_1_173' title='bbox 279 2522 284 2542; x_wconf 55' lang='lat'>⁵</span> <span class='ocrx_word' id='word_1_174' title='bbox 346 2553 471 2620; x_wconf 69' lang='lat' dir='ltr'><strong>nenn2),</strong></span> <span class='ocrx_word' id='word_1_175' title='bbox 487 2543 599 2616; x_wconf 90' lang='lat' dir='ltr'><strong>allatis,</strong></span> <span class='ocrx_word' id='word_1_176' title='bbox 617 2542 767 2617; x_wconf 89' lang='lat' dir='ltr'><strong>ostendit,</strong></span> <span class='ocrx_word' id='word_1_177' title='bbox 784 2564 823 2607; x_wconf 86' lang='lat' dir='ltr'><strong>ea</strong></span> <span class='ocrx_word' id='word_1_178' title='bbox 839 2565 903 2606; x_wconf 92' lang='lat' dir='ltr'><strong>non</strong></span> <span class='ocrx_word' id='word_1_179' title='bbox 920 2543 960 2607; x_wconf 87' lang='lat' dir='ltr'><strong>dc</strong></span> <span class='ocrx_word' id='word_1_180' title='bbox 976 2541 1096 2606; x_wconf 88' lang='lat' dir='ltr'><strong>Davide</strong></span> <span class='ocrx_word' id='word_1_181' title='bbox 1112 2542 1201 2628; x_wconf 88' lang='lat' dir='ltr'><strong>ipso,</strong></span> <span class='ocrx_word' id='word_1_182' title='bbox 1225 2544 1317 2628; x_wconf 86' lang='lat' dir='ltr'><strong>cujus</strong></span> <span class='ocrx_word' id='word_1_183' title='bbox 1334 2549 1517 2631; x_wconf 79' lang='lat' dir='ltr'><strong>sepulchrum</strong></span> 
     </span>
     <span class='ocr_line' id='line_1_21' title="bbox 348 2651 1515 2738; baseline 0.003 -21"><span class='ocrx_word' id='word_1_184' title='bbox 348 2655 450 2718; x_wconf 90' lang='lat' dir='ltr'><strong>adhuc</strong></span> <span class='ocrx_word' id='word_1_185' title='bbox 465 2652 527 2717; x_wconf 89' lang='lat' dir='ltr'><strong>illis</strong></span> <span class='ocrx_word' id='word_1_186' title='bbox 544 2651 654 2716; x_wconf 83' lang='lat' dir='ltr'><strong>diebus</strong></span> <span class='ocrx_word' id='word_1_187' title='bbox 668 2664 914 2728; x_wconf 79' lang='lat' dir='ltr'><strong>monstraretur,</strong></span> <span class='ocrx_word' id='word_1_188' title='bbox 930 2651 1034 2737; x_wconf 88' lang='lat' dir='ltr'><strong>accipi</strong></span> <span class='ocrx_word' id='word_1_189' title='bbox 1049 2674 1159 2738; x_wconf 90' lang='lat' dir='ltr'><strong>posse,</strong></span> <span class='ocrx_word' id='word_1_190' title='bbox 1176 2653 1233 2717; x_wconf 87' lang='lat' dir='ltr'><strong>sed</strong></span> <span class='ocrx_word' id='word_1_191' title='bbox 1250 2653 1289 2717; x_wconf 91' lang='lat' dir='ltr'><strong>de</strong></span> <span class='ocrx_word' id='word_1_192' title='bbox 1302 2654 1434 2720; x_wconf 86' lang='lat' dir='ltr'><strong>Christo</strong></span> <span class='ocrx_word' id='word_1_193' title='bbox 1448 2656 1515 2721; x_wconf 86' lang='lat' dir='ltr'><strong>intel·</strong></span> 
     </span>
     <span class='ocr_line' id='line_1_22' title="bbox 346 2760 1515 2851; baseline 0.003 -23"><span class='ocrx_word' id='word_1_194' title='bbox 346 2761 403 2851; x_wconf 83' lang='lat' dir='ltr'><strong>ligi</strong></span> <span class='ocrx_word' id='word_1_195' title='bbox 413 2763 642 2848; x_wconf 86' lang='lat' dir='ltr'><strong>deherc,atque</strong></span> <span class='ocrx_word' id='word_1_196' title='bbox 659 2760 717 2827; x_wconf 88' lang='lat' dir='ltr'><strong>ait:</strong></span> <span class='ocrx_word' id='word_1_197' title='bbox 730 2764 916 2826; x_wconf 81' lang='lat' dir='ltr'><strong>Providens</strong></span> <span class='ocrx_word' id='word_1_198' title='bbox 925 2764 1057 2826; x_wconf 79' lang='lat' dir='ltr'><strong>loeutus</strong></span> <span class='ocrx_word' id='word_1_199' title='bbox 1073 2772 1124 2826; x_wconf 85' lang='lat' dir='ltr'><strong>eet</strong></span> <span class='ocrx_word' id='word_1_200' title='bbox 1138 2766 1432 2831; x_wconf 83' lang='lat' dir='ltr'><strong>dereenrreetione</strong></span> <span class='ocrx_word' id='word_1_201' title='bbox 1443 2768 1515 2830; x_wconf 77' lang='lat' dir='ltr'><strong>otn-</strong></span> 
     </span>
     <span class='ocr_line' id='line_1_23' title="bbox 347 2876 1516 2958; baseline 0.004 -21"><span class='ocrx_word' id='word_1_202' title='bbox 347 2883 403 2955; x_wconf 79' lang='lat' dir='ltr'><strong>ott,</strong></span> <span class='ocrx_word' id='word_1_203' title='bbox 421 2881 500 2957; x_wconf 76' lang='lat' dir='ltr'><strong>quio</strong></span> <span class='ocrx_word' id='word_1_204' title='bbox 515 2896 617 2955; x_wconf 83' lang='lat' dir='ltr'><strong>neque</strong></span> <span class='ocrx_word' id='word_1_205' title='bbox 633 2876 810 2936; x_wconf 82' lang='lat' dir='ltr'><strong>derelictus</strong></span> <span class='ocrx_word' id='word_1_206' title='bbox 826 2881 877 2935; x_wconf 85' lang='lat' dir='ltr'><strong>eet</strong></span> <span class='ocrx_word' id='word_1_207' title='bbox 891 2880 926 2935; x_wconf 84' lang='lat' dir='ltr'><strong>t&#39;n</strong></span> <span class='ocrx_word' id='word_1_208' title='bbox 941 2878 1106 2953; x_wconf 77' lang='lat' dir='ltr'><strong>inferno</strong></span> <span class='ocrx_word' id='word_1_209' title='bbox 1115 2921 1126 2952; x_wconf 89' lang='lat'><em>‚</em></span> <span class='ocrx_word' id='word_1_210' title='bbox 1154 2896 1257 2958; x_wconf 78' lang='lat' dir='ltr'><strong>neque</strong></span> <span class='ocrx_word' id='word_1_211' title='bbox 1272 2899 1354 2939; x_wconf 86' lang='lat' dir='ltr'><strong>caro</strong></span> <span class='ocrx_word' id='word_1_212' title='bbox 1372 2884 1444 2958; x_wconf 67' lang='lat' dir='ltr'><strong>ep&#39;ne</strong></span> <span class='ocrx_word' id='word_1_213' title='bbox 1456 2879 1516 2941; x_wconf 74' lang='lat' dir='ltr'><strong>nidd</strong></span> 
     </span>
     <span class='ocr_line' id='line_1_24' title="bbox 346 2980 1510 3068; baseline 0.002 -20"><span class='ocrx_word' id='word_1_214' title='bbox 346 2987 631 3066; x_wconf 65' lang='lat' dir='ltr'><strong>eorreptionem).</strong></span> <span class='ocrx_word' id='word_1_215' title='bbox 643 2987 724 3046; x_wconf 88' lang='lat' dir='ltr'><strong>Sunt</strong></span> <span class='ocrx_word' id='word_1_216' title='bbox 735 2980 870 3068; x_wconf 89' lang='lat' dir='ltr'><strong>quidem,</strong></span> <span class='ocrx_word' id='word_1_217' title='bbox 887 2980 939 3066; x_wconf 89' lang='lat' dir='ltr'><strong>qui</strong></span> <span class='ocrx_word' id='word_1_218' title='bbox 947 2995 1104 3056; x_wconf 85' lang='lat' dir='ltr'><strong>asserant,</strong></span> <span class='ocrx_word' id='word_1_219' title='bbox 1121 2984 1180 3046; x_wconf 90' lang='lat' dir='ltr'><strong>suh</strong></span> <span class='ocrx_word' id='word_1_220' title='bbox 1193 2983 1319 3050; x_wconf 83' lang='lat' dir='ltr'><strong>inferno</strong></span> <span class='ocrx_word' id='word_1_221' title='bbox 1336 2999 1406 3052; x_wconf 86' lang='lat' dir='ltr'><strong>turn</strong></span> <span class='ocrx_word' id='word_1_222' title='bbox 1421 2984 1510 3051; x_wconf 78' lang='lat' dir='ltr'><strong>anso</strong></span> 
     </span>
     <span class='ocr_line' id='line_1_25' title="bbox 346 3089 1507 3181; baseline 0.001 -23"><span class='ocrx_word' id='word_1_223' title='bbox 346 3094 441 3159; x_wconf 89' lang='lat' dir='ltr'><strong>mista</strong></span> <span class='ocrx_word' id='word_1_224' title='bbox 471 3105 536 3156; x_wconf 85' lang='lat' dir='ltr'><strong>turn</strong></span> <span class='ocrx_word' id='word_1_225' title='bbox 554 3093 592 3156; x_wconf 88' lang='lat' dir='ltr'><strong>ah</strong></span> <span class='ocrx_word' id='word_1_226' title='bbox 609 3093 765 3176; x_wconf 79' lang='lat' dir='ltr'><strong>Apostolo</strong></span> <span class='ocrx_word' id='word_1_227' title='bbox 782 3089 909 3155; x_wconf 88' lang='lat' dir='ltr'><strong>nonnisi</strong></span> <span class='ocrx_word' id='word_1_228' title='bbox 926 3092 1129 3175; x_wconf 88' lang='lat' dir='ltr'><strong>sepulchrum</strong></span> <span class='ocrx_word' id='word_1_229' title='bbox 1145 3091 1297 3181; x_wconf 83' lang='lat' dir='ltr'><strong>intelligi,</strong></span> <span class='ocrx_word' id='word_1_230' title='bbox 1318 3095 1365 3160; x_wconf 87' lang='lat' dir='ltr'><strong>ita</strong></span> <span class='ocrx_word' id='word_1_231' title='bbox 1385 3109 1419 3161; x_wconf 94' lang='lat' dir='ltr'><strong>ut</strong></span> <span class='ocrx_word' id='word_1_232' title='bbox 1438 3114 1507 3160; x_wconf 81' lang='lat' dir='ltr'><strong>menn</strong></span> 
     </span>
     <span class='ocr_line' id='line_1_26' title="bbox 344 3200 1503 3290; baseline -0.003 -22"><span class='ocrx_word' id='word_1_233' title='bbox 344 3206 437 3269; x_wconf 89' lang='lat' dir='ltr'><strong>hrum</strong></span> <span class='ocrx_word' id='word_1_234' title='bbox 452 3201 559 3287; x_wconf 87' lang='lat' dir='ltr'><strong>prius:</strong></span> <span class='ocrx_word' id='word_1_235' title='bbox 576 3210 653 3286; x_wconf 78' lang='lat' dir='ltr'><strong>quin</strong></span> <span class='ocrx_word' id='word_1_236' title='bbox 669 3223 771 3284; x_wconf 83' lang='lat' dir='ltr'><strong>neque</strong></span> <span class='ocrx_word' id='word_1_237' title='bbox 788 3203 964 3263; x_wconf 77' lang='lat' dir='ltr'><strong>derelictus</strong></span> <span class='ocrx_word' id='word_1_238' title='bbox 981 3209 1031 3263; x_wconf 83' lang='lat' dir='ltr'><strong>est</strong></span> <span class='ocrx_word' id='word_1_239' title='bbox 1045 3209 1080 3262; x_wconf 75' lang='lat' dir='ltr'><strong>in</strong></span> <span class='ocrx_word' id='word_1_240' title='bbox 1094 3208 1238 3283; x_wconf 77' lang='lat' dir='ltr'><strong>inferno,</strong></span> <span class='ocrx_word' id='word_1_241' title='bbox 1255 3225 1329 3269; x_wconf 90' lang='lat' dir='ltr'><strong>cum</strong></span> <span class='ocrx_word' id='word_1_242' title='bbox 1346 3200 1503 3290; x_wconf 84' lang='lat' dir='ltr'><strong>posteriori:</strong></span> 
     </span>
     <span class='ocr_line' id='line_1_27' title="bbox 344 3304 1549 3399; baseline -0.003 -21"><span class='ocrx_word' id='word_1_243' title='bbox 344 3336 448 3399; x_wconf 79' lang='lat' dir='ltr'><strong>neque</strong></span> <span class='ocrx_word' id='word_1_244' title='bbox 469 3335 547 3375; x_wconf 84' lang='lat' dir='ltr'><strong>cero</strong></span> <span class='ocrx_word' id='word_1_245' title='bbox 569 3317 642 3390; x_wconf 62' lang='lat' dir='ltr'><strong>rpus</strong></span> <span class='ocrx_word' id='word_1_246' title='bbox 662 3315 743 3373; x_wconf 77' lang='lat' dir='ltr'><strong>vidit</strong></span> <span class='ocrx_word' id='word_1_247' title='bbox 769 3317 1032 3392; x_wconf 78' lang='lat' dir='ltr'><strong>eorreptionem,</strong></span> <span class='ocrx_word' id='word_1_248' title='bbox 1055 3332 1268 3397; x_wconf 82' lang='lat' dir='ltr'><strong>synonymum</strong></span> <span class='ocrx_word' id='word_1_249' title='bbox 1291 3313 1343 3379; x_wconf 88' lang='lat' dir='ltr'><strong>sit.</strong></span> <span class='ocrx_word' id='word_1_250' title='bbox 1374 3318 1431 3381; x_wconf 80' lang='lat' dir='ltr'><strong>nst</strong></span> <span class='ocrx_word' id='word_1_251' title='bbox 1454 3311 1499 3377; x_wconf 81' lang='lat' dir='ltr'><strong>lut</strong></span> <span class='ocrx_word' id='word_1_252' title='bbox 1546 3304 1549 3327; x_wconf 75' lang='lat'><strong>¹</strong></span> 
     </span>
    </p>
   </div>
   <div class='ocr_carea' id='block_1_3' title="bbox 344 3393 1494 3518">
    <p class='ocr_par' dir='ltr' id='par_1_3' title="bbox 344 3393 1494 3518">
     <span class='ocr_line' id='line_1_28' title="bbox 344 3393 1494 3518; baseline -0.01 -30"><span class='ocrx_word' id='word_1_253' title='bbox 344 3393 452 3518; x_wconf 51' lang='lat' dir='ltr'><strong>hihi&amp;</strong></span> <span class='ocrx_word' id='word_1_254' title='bbox 467 3424 506 3486; x_wconf 89' lang='lat' dir='ltr'><strong>de</strong></span> <span class='ocrx_word' id='word_1_255' title='bbox 514 3421 684 3506; x_wconf 83' lang='lat' dir='ltr'><strong>sepulchro</strong></span> <span class='ocrx_word' id='word_1_256' title='bbox 696 3439 811 3484; x_wconf 87' lang='lat' dir='ltr'><strong>revera</strong></span> <span class='ocrx_word' id='word_1_257' title='bbox 818 3417 993 3503; x_wconf 90' lang='lat' dir='ltr'><strong>accipiatur</strong></span> <span class='ocrx_word' id='word_1_258' title='bbox 1001 3424 1040 3500; x_wconf 85' lang='lat'><strong>⁵),</strong></span> <span class='ocrx_word' id='word_1_259' title='bbox 1057 3433 1162 3485; x_wconf 86' lang='lat' dir='ltr'><strong>tamen</strong></span> <span class='ocrx_word' id='word_1_260' title='bbox 1180 3414 1254 3503; x_wconf 74' lang='grc' dir='ltr'><strong>ἅδης</strong></span> <span class='ocrx_word' id='word_1_261' title='bbox 1270 3425 1335 3490; x_wconf 67' lang='lat' dir='ltr'><strong>hoc</strong></span> <span class='ocrx_word' id='word_1_262' title='bbox 1351 3446 1442 3491; x_wconf 68' lang='lat' dir='ltr'><strong>sensu</strong></span> <span class='ocrx_word' id='word_1_263' title='bbox 1454 3419 1494 3486; x_wconf 74' lang='lat' dir='ltr'><strong>nnl-</strong></span> 
     </span>
    </p>
   </div>
   <div class='ocr_carea' id='block_1_4' title="bbox 343 3599 1490 3794">
    <p class='ocr_par' dir='ltr' id='par_1_4' title="bbox 343 3599 1490 3794">
     <span class='ocr_line' id='line_1_29' title="bbox 343 3599 1490 3688; baseline -0.003 -24"><span class='ocrx_word' id='word_1_264' title='bbox 343 3600 398 3664; x_wconf 91' lang='lat' dir='ltr'><strong>lihi</strong></span> <span class='ocrx_word' id='word_1_265' title='bbox 409 3600 559 3665; x_wconf 91' lang='lat' dir='ltr'><strong>occurrit.</strong></span> <span class='ocrx_word' id='word_1_266' title='bbox 570 3600 702 3665; x_wconf 79' lang='lat' dir='ltr'><strong>hccedit</strong></span> <span class='ocrx_word' id='word_1_267' title='bbox 715 3599 892 3665; x_wconf 86' lang='lat' dir='ltr'><strong>auctoritas</strong></span> <span class='ocrx_word' id='word_1_268' title='bbox 901 3603 1042 3673; x_wconf 81' lang='lat' dir='ltr'><strong>Petrum,</strong></span> <span class='ocrx_word' id='word_1_269' title='bbox 1059 3599 1111 3686; x_wconf 91' lang='lat' dir='ltr'><strong>qui</strong></span> <span class='ocrx_word' id='word_1_270' title='bbox 1128 3601 1167 3664; x_wconf 91' lang='lat' dir='ltr'><strong>de</strong></span> <span class='ocrx_word' id='word_1_271' title='bbox 1182 3599 1320 3676; x_wconf 87' lang='lat' dir='ltr'><strong>inferno,</strong></span> <span class='ocrx_word' id='word_1_272' title='bbox 1337 3615 1490 3688; x_wconf 82' lang='lat' dir='ltr'><strong>nequaquan</strong></span> 
     </span>
     <span class='ocr_line' id='line_1_30' title="bbox 345 3710 1203 3794; baseline 0.002 -22"><span class='ocrx_word' id='word_1_273' title='bbox 345 3720 450 3773; x_wconf 89' lang='lat' dir='ltr'><strong>autem</strong></span> <span class='ocrx_word' id='word_1_274' title='bbox 466 3710 505 3772; x_wconf 93' lang='lat' dir='ltr'><strong>de</strong></span> <span class='ocrx_word' id='word_1_275' title='bbox 522 3710 691 3793; x_wconf 87' lang='lat' dir='ltr'><strong>sepulchro</strong></span> <span class='ocrx_word' id='word_1_276' title='bbox 708 3713 815 3774; x_wconf 90' lang='lat' dir='ltr'><strong>locum</strong></span> <span class='ocrx_word' id='word_1_277' title='bbox 833 3723 978 3775; x_wconf 89' lang='lat' dir='ltr'><strong>nostrum</strong></span> <span class='ocrx_word' id='word_1_278' title='bbox 995 3712 1203 3794; x_wconf 79' lang='lat' dir='ltr'><strong>exponunt⁶).</strong></span> 
     </span>
    </p>
   </div>
   <div class='ocr_carea' id='block_1_5' title="bbox 341 4031 1549 4945">
    <p class='ocr_par' dir='ltr' id='par_1_5' title="bbox 344 4031 1532 4303">
     <span class='ocr_line' id='line_1_31' title="bbox 344 4031 1532 4122; baseline -0.004 -22"><span class='ocrx_word' id='word_1_279' title='bbox 344 4061 368 4102; x_wconf 90' lang='lat' dir='ltr'><strong>c.</strong></span> <span class='ocrx_word' id='word_1_280' title='bbox 385 4045 413 4103; x_wconf 85' lang='lat'><strong>6.</strong></span> <span class='ocrx_word' id='word_1_281' title='bbox 446 4039 525 4121; x_wconf 88' lang='lat' dir='ltr'><strong>Opp.</strong></span> <span class='ocrx_word' id='word_1_282' title='bbox 543 4043 582 4101; x_wconf 86' lang='lat' dir='ltr'><strong>T.</strong></span> <span class='ocrx_word' id='word_1_283' title='bbox 599 4039 629 4102; x_wconf 82' lang='grc'><strong>2.</strong></span> <span class='ocrx_word' id='word_1_284' title='bbox 647 4063 677 4121; x_wconf 88' lang='lat' dir='ltr'><strong>p.</strong></span> <span class='ocrx_word' id='word_1_285' title='bbox 695 4037 760 4102; x_wconf 77' lang='lat'><strong>762</strong></span> <span class='ocrx_word' id='word_1_286' title='bbox 776 4062 799 4103; x_wconf 91' lang='lat' dir='ltr'><strong>s.</strong></span> <span class='ocrx_word' id='word_1_287' title='bbox 833 4039 1007 4122; x_wconf 65' lang='lat' dir='ltr'><strong>Athenas.</strong></span> <span class='ocrx_word' id='word_1_288' title='bbox 1043 4040 1128 4102; x_wconf 81' lang='lat' dir='ltr'><strong>Oont.</strong></span> <span class='ocrx_word' id='word_1_289' title='bbox 1160 4031 1482 4115; x_wconf 77' lang='lat' dir='ltr'><strong>Apollinar,t.n.n.lt</strong></span> <span class='ocrx_word' id='word_1_290' title='bbox 1526 4082 1532 4109; x_wconf 83' lang='grc'><strong>,.</strong></span> 
     </span>
     <span class='ocr_line' id='line_1_32' title="bbox 344 4116 1531 4214; baseline -0.003 -22"><span class='ocrx_word' id='word_1_291' title='bbox 344 4130 425 4212; x_wconf 85' lang='lat' dir='ltr'><strong>Opp.</strong></span> <span class='ocrx_word' id='word_1_292' title='bbox 460 4134 498 4193; x_wconf 92' lang='grc' dir='ltr'><strong>Τ.</strong></span> <span class='ocrx_word' id='word_1_293' title='bbox 518 4130 546 4193; x_wconf 93' lang='grc'><strong>1.</strong></span> <span class='ocrx_word' id='word_1_294' title='bbox 579 4133 614 4192; x_wconf 94' lang='grc' dir='ltr'><strong>Ρ.</strong></span> <span class='ocrx_word' id='word_1_295' title='bbox 632 4129 662 4193; x_wconf 84' lang='grc'><strong>2.</strong></span> <span class='ocrx_word' id='word_1_296' title='bbox 680 4154 710 4212; x_wconf 89' lang='lat' dir='ltr'><strong>p.</strong></span> <span class='ocrx_word' id='word_1_297' title='bbox 728 4128 803 4193; x_wconf 85' lang='lat'><strong>933.</strong></span> <span class='ocrx_word' id='word_1_298' title='bbox 837 4131 972 4212; x_wconf 84' lang='lat' dir='ltr'><strong>Epiph.</strong></span> <span class='ocrx_word' id='word_1_299' title='bbox 1003 4134 1050 4192; x_wconf 86' lang='lat' dir='ltr'><strong>De</strong></span> <span class='ocrx_word' id='word_1_300' title='bbox 1081 4135 1210 4191; x_wconf 88' lang='lat' dir='ltr'><strong>Incarn.</strong></span> <span class='ocrx_word' id='word_1_301' title='bbox 1226 4153 1257 4192; x_wconf 91' lang='lat' dir='ltr'><strong>n.</strong></span> <span class='ocrx_word' id='word_1_302' title='bbox 1275 4137 1304 4194; x_wconf 87' lang='lat'><strong>2.</strong></span> <span class='ocrx_word' id='word_1_303' title='bbox 1337 4116 1478 4214; x_wconf 71' lang='lat' dir='ltr'><strong>opptl·</strong></span> <span class='ocrx_word' id='word_1_304' title='bbox 1526 4137 1531 4214; x_wconf 61' lang='grc'><strong>,5</strong></span> 
     </span>
     <span class='ocr_line' id='line_1_33' title="bbox 344 4207 1480 4303; baseline -0.004 -20"><span class='ocrx_word' id='word_1_305' title='bbox 344 4220 445 4302; x_wconf 73' lang='lat' dir='ltr'><strong>pte.</strong></span> <span class='ocrx_word' id='word_1_306' title='bbox 479 4226 573 4284; x_wconf 78' lang='lat' dir='ltr'><strong>Haer.</strong></span> <span class='ocrx_word' id='word_1_307' title='bbox 593 4226 639 4282; x_wconf 82' lang='lat'><strong>77.</strong></span> <span class='ocrx_word' id='word_1_308' title='bbox 658 4243 687 4284; x_wconf 90' lang='lat' dir='ltr'><strong>n.</strong></span> <span class='ocrx_word' id='word_1_309' title='bbox 707 4225 733 4282; x_wconf 82' lang='lat'><strong>7.</strong></span> <span class='ocrx_word' id='word_1_310' title='bbox 750 4245 780 4302; x_wconf 82' lang='lat' dir='ltr'><strong>p.</strong></span> <span class='ocrx_word' id='word_1_311' title='bbox 801 4219 896 4284; x_wconf 82' lang='grc'><strong>1002.</strong></span> <span class='ocrx_word' id='word_1_312' title='bbox 929 4221 1066 4303; x_wconf 77' lang='lat' dir='ltr'><strong>cyrill.</strong></span> <span class='ocrx_word' id='word_1_313' title='bbox 1098 4221 1204 4286; x_wconf 84' lang='lat' dir='ltr'><strong>Alex.</strong></span> <span class='ocrx_word' id='word_1_314' title='bbox 1236 4225 1285 4283; x_wconf 90' lang='lat' dir='ltr'><strong>De</strong></span> <span class='ocrx_word' id='word_1_315' title='bbox 1316 4231 1384 4286; x_wconf 82' lang='lat' dir='ltr'><strong>rect.</strong></span> <span class='ocrx_word' id='word_1_316' title='bbox 1405 4207 1480 4299; x_wconf 70' lang='lat' dir='ltr'><strong>fidoi</strong></span> 
     </span>
    </p>

    <p class='ocr_par' dir='ltr' id='par_1_6' title="bbox 341 4294 1549 4945">
     <span class='ocr_line' id='line_1_34' title="bbox 343 4294 1549 4394; baseline -0.001 -19"><span class='ocrx_word' id='word_1_317' title='bbox 343 4313 450 4390; x_wconf 64' lang='lat' dir='ltr'><strong>Regin.</strong></span> <span class='ocrx_word' id='word_1_318' title='bbox 469 4312 548 4394; x_wconf 92' lang='lat' dir='ltr'><strong>Opp.</strong></span> <span class='ocrx_word' id='word_1_319' title='bbox 566 4315 605 4375; x_wconf 83' lang='lat' dir='ltr'><strong>T.</strong></span> <span class='ocrx_word' id='word_1_320' title='bbox 622 4309 653 4375; x_wconf 87' lang='lat'><strong>5.</strong></span> <span class='ocrx_word' id='word_1_321' title='bbox 670 4315 706 4374; x_wconf 91' lang='lat' dir='ltr'><strong>P.</strong></span> <span class='ocrx_word' id='word_1_322' title='bbox 724 4312 755 4378; x_wconf 79' lang='lat'><strong>2.</strong></span> <span class='ocrx_word' id='word_1_323' title='bbox 771 4335 796 4375; x_wconf 75' lang='lat' dir='ltr'><strong>s.</strong></span> <span class='ocrx_word' id='word_1_324' title='bbox 813 4311 843 4375; x_wconf 86' lang='lat'><strong>3.</strong></span> <span class='ocrx_word' id='word_1_325' title='bbox 861 4335 890 4392; x_wconf 94' lang='lat' dir='ltr'><strong>p.</strong></span> <span class='ocrx_word' id='word_1_326' title='bbox 910 4310 972 4375; x_wconf 91' lang='grc'><strong>101</strong></span> <span class='ocrx_word' id='word_1_327' title='bbox 992 4335 1016 4375; x_wconf 91' lang='lat' dir='ltr'><strong>s.</strong></span> <span class='ocrx_word' id='word_1_328' title='bbox 1049 4314 1097 4373; x_wconf 85' lang='lat' dir='ltr'><strong>Ad</strong></span> <span class='ocrx_word' id='word_1_329' title='bbox 1112 4315 1226 4388; x_wconf 82' lang='lat' dir='ltr'><strong>Imper.</strong></span> <span class='ocrx_word' id='word_1_330' title='bbox 1243 4336 1269 4376; x_wconf 88' lang='lat' dir='ltr'><strong>c.</strong></span> <span class='ocrx_word' id='word_1_331' title='bbox 1287 4319 1337 4376; x_wconf 85' lang='lat'><strong>22.</strong></span> <span class='ocrx_word' id='word_1_332' title='bbox 1368 4294 1478 4390; x_wconf 66' lang='lat' dir='ltr'><strong>Hip-2⁰·</strong></span> <span class='ocrx_word' id='word_1_333' title='bbox 1547 4306 1549 4323; x_wconf 87' lang='lat'>&#39;</span> 
     </span>
     <span class='ocr_line' id='line_1_35' title="bbox 346 4393 1549 4485; baseline -0.002 -21"><span class='ocrx_word' id='word_1_334' title='bbox 346 4441 386 4450; x_wconf 88' lang='lat'>—</span> <span class='ocrx_word' id='word_1_335' title='bbox 403 4404 520 4467; x_wconf 83' lang='lat' dir='ltr'><strong>Hilar.</strong></span> <span class='ocrx_word' id='word_1_336' title='bbox 542 4407 583 4465; x_wconf 90' lang='lat' dir='ltr'><strong>In</strong></span> <span class='ocrx_word' id='word_1_337' title='bbox 598 4409 653 4466; x_wconf 85' lang='lat' dir='ltr'><strong>Ps.</strong></span> <span class='ocrx_word' id='word_1_338' title='bbox 670 4408 740 4467; x_wconf 82' lang='lat'><strong><em>118.</em></strong></span> <span class='ocrx_word' id='word_1_339' title='bbox 761 4405 836 4470; x_wconf 78' lang='lat' dir='ltr'><strong>Lien.</strong></span> <span class='ocrx_word' id='word_1_340' title='bbox 855 4408 902 4466; x_wconf 88' lang='lat'><strong>11.</strong></span> <span class='ocrx_word' id='word_1_341' title='bbox 919 4426 950 4468; x_wconf 85' lang='lat' dir='ltr'><strong>n,</strong></span> <span class='ocrx_word' id='word_1_342' title='bbox 968 4409 997 4467; x_wconf 89' lang='lat'><strong>3.</strong></span> <span class='ocrx_word' id='word_1_343' title='bbox 1030 4403 1111 4485; x_wconf 86' lang='lat' dir='ltr'><strong>Opp.</strong></span> <span class='ocrx_word' id='word_1_344' title='bbox 1128 4406 1166 4463; x_wconf 88' lang='grc' dir='ltr'><strong>Τ.</strong></span> <span class='ocrx_word' id='word_1_345' title='bbox 1186 4402 1215 4467; x_wconf 88' lang='lat' dir='ltr'><strong>l.</strong></span> <span class='ocrx_word' id='word_1_346' title='bbox 1232 4426 1258 4466; x_wconf 92' lang='lat' dir='ltr'><strong>c.</strong></span> <span class='ocrx_word' id='word_1_347' title='bbox 1277 4403 1353 4469; x_wconf 82' lang='lat'>344.</span> <span class='ocrx_word' id='word_1_348' title='bbox 1369 4393 1476 4466; x_wconf 68' lang='lat' dir='ltr'><strong>otdpi·</strong></span> <span class='ocrx_word' id='word_1_349' title='bbox 1523 4397 1549 4484; x_wconf 43' lang='grc' dir='ltr'><strong>ζ.</strong></span> 
     </span>
     <span class='ocr_line' id='line_1_36' title="bbox 341 4477 1476 4576; baseline 0.002 -18"><span class='ocrx_word' id='word_1_350' title='bbox 341 4496 512 4558; x_wconf 85' lang='lat' dir='ltr'><strong>Ambros.</strong></span> <span class='ocrx_word' id='word_1_351' title='bbox 529 4499 569 4556; x_wconf 89' lang='lat' dir='ltr'><strong>In</strong></span> <span class='ocrx_word' id='word_1_352' title='bbox 585 4499 672 4558; x_wconf 86' lang='lat' dir='ltr'><strong>Rom.</strong></span> <span class='ocrx_word' id='word_1_353' title='bbox 691 4500 740 4557; x_wconf 89' lang='grc'><strong>10.</strong></span> <span class='ocrx_word' id='word_1_354' title='bbox 759 4500 786 4556; x_wconf 85' lang='grc'><strong>7.</strong></span> <span class='ocrx_word' id='word_1_355' title='bbox 820 4494 900 4576; x_wconf 88' lang='lat' dir='ltr'><strong>Opp.</strong></span> <span class='ocrx_word' id='word_1_356' title='bbox 922 4496 1088 4556; x_wconf 84' lang='lat' dir='ltr'><strong>Ambroo.</strong></span> <span class='ocrx_word' id='word_1_357' title='bbox 1107 4497 1144 4555; x_wconf 87' lang='grc' dir='ltr'><strong>Τ.</strong></span> <span class='ocrx_word' id='word_1_358' title='bbox 1162 4493 1193 4557; x_wconf 78' lang='grc'><strong>2.</strong></span> <span class='ocrx_word' id='word_1_359' title='bbox 1212 4517 1283 4576; x_wconf 88' lang='lat' dir='ltr'><strong>app.</strong></span> <span class='ocrx_word' id='word_1_360' title='bbox 1302 4518 1326 4557; x_wconf 92' lang='lat' dir='ltr'><strong>c.</strong></span> <span class='ocrx_word' id='word_1_361' title='bbox 1345 4494 1393 4560; x_wconf 87' lang='grc'><strong>86.</strong></span> <span class='ocrx_word' id='word_1_362' title='bbox 1421 4477 1476 4551; x_wconf 56' lang='lat' dir='ltr'><strong>did·</strong></span> 
     </span>
     <span class='ocr_line' id='line_1_37' title="bbox 342 4570 1549 4669; baseline 0.002 -23"><span class='ocrx_word' id='word_1_363' title='bbox 342 4623 387 4635; x_wconf 89' lang='lat'><em>-</em></span> <span class='ocrx_word' id='word_1_364' title='bbox 403 4594 433 4662; x_wconf 68' lang='lat' dir='ltr'><strong>a)</strong></span> <span class='ocrx_word' id='word_1_365' title='bbox 449 4587 502 4650; x_wconf 71' lang='lat' dir='ltr'><strong>rs.</strong></span> <span class='ocrx_word' id='word_1_366' title='bbox 521 4584 572 4660; x_wconf 84' lang='lat' dir='ltr'><strong>ne,</strong></span> <span class='ocrx_word' id='word_1_367' title='bbox 591 4585 641 4649; x_wconf 88' lang='lat' dir='ltr'><strong>no.</strong></span> <span class='ocrx_word' id='word_1_368' title='bbox 675 4621 717 4633; x_wconf 85' lang='lat'><strong>--</strong></span> <span class='ocrx_word' id='word_1_369' title='bbox 751 4584 777 4667; x_wconf 68' lang='grc' dir='ltr'><strong>ι)</strong></span> <span class='ocrx_word' id='word_1_370' title='bbox 794 4587 864 4652; x_wconf 77' lang='lat' dir='ltr'><strong>na.</strong></span> <span class='ocrx_word' id='word_1_371' title='bbox 881 4583 1072 4669; x_wconf 69' lang='lat' dir='ltr'><strong>nnn-31.</strong></span> <span class='ocrx_word' id='word_1_372' title='bbox 1094 4621 1137 4632; x_wconf 86' lang='grc'>-</span> <span class='ocrx_word' id='word_1_373' title='bbox 1167 4584 1194 4661; x_wconf 76' lang='lat'><strong>⁶)</strong></span> <span class='ocrx_word' id='word_1_374' title='bbox 1212 4585 1257 4647; x_wconf 82' lang='lat' dir='ltr'><strong>un.</strong></span> <span class='ocrx_word' id='word_1_375' title='bbox 1275 4589 1328 4653; x_wconf 68' lang='lat' dir='ltr'><strong>nn.</strong></span> <span class='ocrx_word' id='word_1_376' title='bbox 1346 4584 1403 4650; x_wconf 79' lang='lat' dir='ltr'><strong>nno</strong></span> <span class='ocrx_word' id='word_1_377' title='bbox 1414 4570 1474 4664; x_wconf 76' lang='grc'><strong>(1411</strong></span> <span class='ocrx_word' id='word_1_378' title='bbox 1521 4586 1524 4623; x_wconf 81' lang='lat'><em>³</em></span> <span class='ocrx_word' id='word_1_379' title='bbox 1544 4570 1549 4597; x_wconf 85' lang='lat'><strong><em>⁴</em></strong></span> 
     </span>
     <span class='ocr_line' id='line_1_38' title="bbox 345 4656 1549 4760; baseline -0.001 -19"><span class='ocrx_word' id='word_1_380' title='bbox 345 4676 374 4742; x_wconf 83' lang='grc'><strong>7.</strong></span> <span class='ocrx_word' id='word_1_381' title='bbox 391 4679 482 4740; x_wconf 84' lang='lat' dir='ltr'><strong>Joan.</strong></span> <span class='ocrx_word' id='word_1_382' title='bbox 500 4675 530 4747; x_wconf 81' lang='grc'><strong>2,</strong></span> <span class='ocrx_word' id='word_1_383' title='bbox 548 4675 579 4741; x_wconf 84' lang='grc'><strong>3.</strong></span> <span class='ocrx_word' id='word_1_384' title='bbox 597 4715 636 4722; x_wconf 99' lang='grc'>-</span> <span class='ocrx_word' id='word_1_385' title='bbox 659 4678 683 4755; x_wconf 79' lang='lat'><strong>⁶)</strong></span> <span class='ocrx_word' id='word_1_386' title='bbox 700 4677 746 4740; x_wconf 82' lang='lat' dir='ltr'><strong>Of.</strong></span> <span class='ocrx_word' id='word_1_387' title='bbox 763 4678 945 4758; x_wconf 85' lang='lat' dir='ltr'><strong>Epiphan.</strong></span> <span class='ocrx_word' id='word_1_388' title='bbox 971 4679 1082 4740; x_wconf 80' lang='lat' dir='ltr'><strong>Ancon.</strong></span> <span class='ocrx_word' id='word_1_389' title='bbox 1099 4699 1128 4739; x_wconf 91' lang='lat' dir='ltr'><strong>n.</strong></span> <span class='ocrx_word' id='word_1_390' title='bbox 1145 4681 1196 4739; x_wconf 76' lang='lat'><strong>34.</strong></span> <span class='ocrx_word' id='word_1_391' title='bbox 1229 4676 1310 4760; x_wconf 90' lang='lat' dir='ltr'><strong>Opp.</strong></span> <span class='ocrx_word' id='word_1_392' title='bbox 1328 4679 1365 4740; x_wconf 91' lang='grc' dir='ltr'><strong>Τ.</strong></span> <span class='ocrx_word' id='word_1_393' title='bbox 1379 4656 1473 4754; x_wconf 62' lang='lat' dir='ltr'><strong>apli·</strong></span> <span class='ocrx_word' id='word_1_394' title='bbox 1546 4679 1549 4697; x_wconf 86' lang='lat'>¹</span> 
     </span>
     <span class='ocr_line' id='line_1_39' title="bbox 343 4754 1549 4851; baseline 0 -22"><span class='ocrx_word' id='word_1_395' title='bbox 343 4770 566 4830; x_wconf 78' lang='lat' dir='ltr'><strong>Theodorei.</strong></span> <span class='ocrx_word' id='word_1_396' title='bbox 598 4771 638 4828; x_wconf 87' lang='lat' dir='ltr'><strong>In</strong></span> <span class='ocrx_word' id='word_1_397' title='bbox 654 4773 709 4832; x_wconf 79' lang='lat' dir='ltr'><strong>Pe.</strong></span> <span class='ocrx_word' id='word_1_398' title='bbox 727 4773 776 4840; x_wconf 85' lang='lat'><strong>15,</strong></span> <span class='ocrx_word' id='word_1_399' title='bbox 793 4774 843 4830; x_wconf 88' lang='lat'><strong>10.</strong></span> <span class='ocrx_word' id='word_1_400' title='bbox 861 4767 942 4849; x_wconf 89' lang='lat' dir='ltr'><strong>Opp.</strong></span> <span class='ocrx_word' id='word_1_401' title='bbox 962 4766 1000 4832; x_wconf 91' lang='grc' dir='ltr'><strong>Τ.</strong></span> <span class='ocrx_word' id='word_1_402' title='bbox 1020 4767 1048 4830; x_wconf 94' lang='grc'><strong>1.</strong></span> <span class='ocrx_word' id='word_1_403' title='bbox 1065 4790 1095 4849; x_wconf 90' lang='lat' dir='ltr'><strong>p.</strong></span> <span class='ocrx_word' id='word_1_404' title='bbox 1112 4766 1187 4832; x_wconf 81' lang='lat'>449.</span> <span class='ocrx_word' id='word_1_405' title='bbox 1218 4754 1472 4851; x_wconf 57' lang='lat' dir='ltr'><strong>angustianti*</strong></span> <span class='ocrx_word' id='word_1_406' title='bbox 1533 4754 1549 4779; x_wconf 68' lang='lat'><strong>‘⁸</strong></span> 
     </span>
     <span class='ocr_line' id='line_1_40' title="bbox 343 4847 1523 4945; baseline -0.003 -19"><span class='ocrx_word' id='word_1_407' title='bbox 343 4863 413 4926; x_wconf 83' lang='lat'><strong><em>163.</em></strong></span> <span class='ocrx_word' id='word_1_408' title='bbox 430 4864 471 4924; x_wconf 88' lang='lat' dir='ltr'><strong>ed</strong></span> <span class='ocrx_word' id='word_1_409' title='bbox 486 4862 583 4925; x_wconf 82' lang='lat' dir='ltr'><strong>Eood.</strong></span> <span class='ocrx_word' id='word_1_410' title='bbox 600 4880 624 4924; x_wconf 84' lang='lat' dir='ltr'><strong>e.</strong></span> <span class='ocrx_word' id='word_1_411' title='bbox 642 4864 670 4925; x_wconf 85' lang='lat'><strong>2.</strong></span> <span class='ocrx_word' id='word_1_412' title='bbox 687 4881 718 4927; x_wconf 78' lang='lat' dir='ltr'><strong>n.</strong></span> <span class='ocrx_word' id='word_1_413' title='bbox 734 4863 763 4925; x_wconf 84' lang='lat'><strong>3.</strong></span> <span class='ocrx_word' id='word_1_414' title='bbox 804 4858 884 4945; x_wconf 88' lang='lat' dir='ltr'><strong>Opp.</strong></span> <span class='ocrx_word' id='word_1_415' title='bbox 903 4857 942 4926; x_wconf 87' lang='grc' dir='ltr'><strong>Τ.</strong></span> <span class='ocrx_word' id='word_1_416' title='bbox 964 4857 996 4929; x_wconf 81' lang='grc'><strong>2.</strong></span> <span class='ocrx_word' id='word_1_417' title='bbox 1013 4857 1132 4926; x_wconf 70' lang='lat' dir='ltr'><strong>nott.</strong></span> <span class='ocrx_word' id='word_1_418' title='bbox 1164 4861 1382 4928; x_wconf 84' lang='lat' dir='ltr'><strong>Pe.Hierou.</strong></span> <span class='ocrx_word' id='word_1_419' title='bbox 1406 4847 1471 4923; x_wconf 68' lang='lat' dir='ltr'><strong>lodi</strong></span> <span class='ocrx_word' id='word_1_420' title='bbox 1519 4883 1523 4913; x_wconf 88' lang='lat'><em>:</em></span> 
     </span>
    </p>
   </div>
   <div class='ocr_carea' id='block_1_6' title="bbox 0 0 1892 5625">
    <p class='ocr_par' dir='ltr' id='par_1_7' title="bbox 0 0 1892 5625">
     <span class='ocr_line' id='line_1_41' title="bbox 0 0 1892 5625; baseline 0 2"><span class='ocrx_word' id='word_1_421' title='bbox 0 0 1892 5625; x_wconf 95' lang='lat' dir='ltr'><strong> </strong></span> 
     </span>
    </p>
   </div>
  </div>
 </body>
</html>
