3775 5625
1450 456 1495 523 59

292 654 340 697 ac
363 627 611 718 perfectioni
634 626 790 702 morali,
816 646 895 712 quae
921 636 1009 690 recte
1033 624 1070 688 in
1094 624 1174 688 tide
1200 646 1310 699 vera,
1336 644 1403 711 spe
1420 626 1494 691 sus·

291 744 396 807 fulta
425 754 540 826 atque
557 759 627 823 per
655 735 893 801 charitatem
911 747 1121 820 operante,
1139 735 1305 813 consistit,
1322 740 1494 813 studeat,

292 865 326 917 et
349 851 410 917 sic
433 871 475 915 se
498 847 703 913 felicitate
730 846 1009 931 respondente
1032 845 1194 933 dignum
1223 848 1374 912 reddat.
1413 850 1496 915 Nam

292 984 391 1048 quum
406 962 495 1025 Deus
511 980 567 1023 res
583 959 758 1022 mundanas
781 955 956 1020 universim
974 976 1013 1019 ea
1029 957 1068 1020 de
1086 976 1183 1021 causa
1200 957 1336 1033 creavit,
1360 971 1396 1023 ut
1418 980 1495 1025 suas

291 1070 514 1158 perfectiones
537 1071 639 1155 palam
662 1066 830 1132 exhiberet
860 1087 994 1150 cumque
1017 1066 1116 1129 rebus
1138 1065 1256 1131 creatis
1281 1068 1494 1133 communica·

291 1195 343 1246 ret
350 1207 359 1256 3
385 1194 418 1246 et
433 1203 528 1267 quum
544 1191 719 1264 propterea
734 1197 848 1241 omnes
865 1197 918 1240 res
929 1188 1056 1240 creatae
1073 1178 1143 1261 ejus
1160 1176 1296 1263 gloriam
1313 1178 1416 1261 palam
1440 1199 1493 1242 en-

291 1290 439 1357 nuntient
454 1311 492 1355 ac
512 1288 713 1375 praedicent:
731 1287 828 1350 homo
846 1284 957 1360 alium,
982 1306 1076 1371 quam
1092 1286 1177 1349 bunc
1195 1286 1301 1370 ipsum
1317 1286 1415 1351 finem
1432 1286 1494 1352 sibi

290 1399 497 1487 propositum
512 1399 631 1463 habere
648 1396 771 1483 nequit,
799 1395 923 1460 scilicet
938 1408 974 1459 ut
991 1408 1138 1481 tanquam
1155 1400 1250 1460 bomo
1266 1399 1330 1460 Dei
1340 1402 1367 1477 ¹)
1387 1397 1494 1462 studio

289 1512 396 1575 Deum
426 1510 458 1573 in
491 1508 561 1573 dies
593 1507 698 1596 magis
731 1505 954 1594 cognoscendi
987 1518 1080 1591 atque
1102 1508 1251 1570 mandata
1272 1508 1343 1591 ejus
1361 1509 1493 1573 adcura-

290 1618 357 1683 tius
375 1616 574 1703 exsequendi
591 1636 746 1680 summam
760 1636 840 1702 erga
847 1614 952 1700 ipsum
961 1614 1174 1679 reverentiam
1188 1636 1226 1680 ec
1238 1617 1426 1708 charitatem
1439 1639 1493 1682 ex·

289 1728 417 1803 bibeat,
438 1739 531 1814 atque
548 1748 621 1791 eum
638 1726 686 1790 sic
703 1748 861 1790 summum
877 1727 1000 1790 bonum
1019 1724 1210 1789 confiteatur
1227 1747 1265 1790 ac
1282 1727 1437 1801 celebret,
1462 1740 1494 1792 et

289 1839 460 1925 aliquando
473 1849 528 1901 aut
534 1836 684 1901 felicitate
697 1836 808 1900 frtiens
821 1836 959 1900 diuinam
976 1834 1180 1899 sanctitatem
1197 1856 1234 1899 ac
1250 1836 1494 1923 benignitatem,

290 1961 345 2013 aut
360 1969 440 2012 vero
457 1966 580 2031 poenas
597 1946 676 2010 datis
693 1944 831 2009 divinam
839 1943 999 2029 justitiam
1015 1945 1119 2029 palam
1135 1943 1239 2009 faciat.
1265 1944 1357 2023 Quod
1379 1967 1421 2010 ex
1442 1968 1492 2013 sc·

289 2056 461 2145 questibus
478 2056 563 2119 clare
581 2054 702 2119 elucet:

398 2190 427 2231 a.
446 2163 673 2254 cognitionem
689 2164 844 2238 divinam,
869 2178 1033 2251 quactum
1057 2165 1279 2253 cognitionem
1301 2167 1362 2232 Dei
1391 2166 1494 2253 ipsius

289 2295 355 2346 tum
372 2278 444 2363 ejus
461 2298 595 2363 operum
612 2276 846 2361 complectitur,
864 2278 902 2340 ad
919 2276 1015 2341 linem
1033 2290 1180 2341 nostrum
1196 2277 1371 2362 pertinere,
1391 2277 1492 2343 diser·

289 2389 330 2454 tis
346 2387 458 2453 verbis
475 2388 618 2451 declarat
633 2385 822 2451 Christus
838 2386 1010 2461 Dominus,
1031 2386 1085 2450 ubi
1107 2386 1166 2451 ait:
1191 2389 1320 2452 Euntes
1345 2393 1380 2450 in
1395 2409 1509 2452 ntun-¹

288 2510 364 2563 dum
386 2504 577 2561 uniuersum
594 2502 824 2578 praedicate
844 2499 1111 2576 Evangelium
1139 2503 1240 2561 omni
1266 2510 1490 2562 creaturae.

288 2610 367 2685 Oui
384 2612 617 2689 crediderit,
636 2618 669 2670 et
683 2612 870 2688 baptizatus
883 2610 1009 2687 fucrit,
1028 2609 1140 2671 sulcus
1156 2613 1235 2671 erit:
1258 2613 1316 2686 qui
1331 2628 1409 2671 vcro
1426 2628 1494 2672 non

284 2723 525 2793 crediderit,
559 2723 824 2797 condemnabitur
838 2715 875 2806 ²).
902 2718 945 2780 Et
961 2716 1097 2781 iterum:
1123 2718 1280 2782 Haereat
1296 2729 1403 2782 autem
1425 2722 1494 2782 vitu

281 2843 442 2894 aeterna:
470 2830 521 2893 Ut
545 2840 787 2908 cognoscant
810 2840 845 2892 te
862 2836 987 2892 solunt
1011 2830 1132 2891 Deum
1158 2850 1306 2905 rerunt,
1331 2841 1493 2910 etquem

274 2945 435 3004 misisti
459 2941 594 3002 Jesurn
620 2941 869 3019 Christumi).
902 2942 1022 3024 Atque:
1057 2939 1251 3014 Quaerite
1279 2962 1378 3019 erqo
1399 2945 1492 3019 pri·

271 3071 387 3114 munt
404 3071 571 3127 regnunt
585 3051 662 3111 Dei
669 3096 681 3130 ,
706 3060 739 3112 ct
751 3053 916 3128 justitiam
932 3053 1022 3128 ejus:
1047 3060 1080 3113 et
1102 3051 1183 3112 baec
1205 3054 1315 3113 omniu
1331 3051 1492 3132 adjicien·

267 3175 341 3225 tur
375 3165 515 3241 nobiti).
550 3161 637 3224 ldem
655 3161 783 3223 tradunt
809 3159 1014 3244 Apostoli.
1053 3163 1155 3235 Deus,
1189 3161 1302 3225 scribit
1333 3163 1494 3239 Paulus,

263 3292 400 3338 omnes
416 3273 563 3334 borsines
580 3277 651 3333 uult
671 3277 781 3333 salros
794 3273 887 3352 ficri,
907 3282 945 3333 et
961 3275 1278 3349 adagnitionem
1294 3277 1495 3336 veritatis

251 3385 478 3461 meretrc‘).
495 3381 616 3443 Porro:
642 3380 744 3444 Sine
756 3382 848 3455 fide
864 3391 997 3444 autern
1014 3386 1272 3461 impossibile
1287 3388 1493 3462 estpiarere

243 3498 367 3558 Deo.
404 3492 698 3554 Crederecnirn
716 3500 1153 3571 oportetuccedentem
1169 3493 1373 3567 addicunt,
1397 3497 1495 3572 quia

240 3615 365 3684 est,
384 3613 422 3664 et
437 3602 751 3680 inquirentibus
768 3622 808 3662 se
824 3610 1115 3664 remunerator
1131 3600 1221 3681 ait⁸).
1246 3604 1349 3686 Atque
1366 3600 1493 3686 ubique,

234 3709 462 3798 praecipue
485 3722 591 3774 autem
619 3709 651 3772 in
674 3708 822 3795 epistolis
846 3711 885 3773 ed
914 3711 1080 3775 Romanos
1112 3723 1144 3775 et
1175 3708 1304 3775 Galatas
1339 3711 1493 3786 inculcat,

234 3816 468 3895 hominem,
498 3841 562 3884 non
580 3818 769 3904 justificari,
801 3818 863 3884 nisi
878 3841 938 3905 per
954 3819 1067 3897 fidem,
1092 3821 1212 3897 idest,
1245 3842 1303 3905 per
1321 3819 1494 3886 admissam

243 3929 472 3996 doctrinam
489 3927 608 3995 Christi
626 3951 698 3994 cum
713 3927 807 3993 firmo
834 3930 1003 4014 proposito
1021 3932 1116 4015 juxte
1136 3932 1269 3994 eandem
1284 3929 1381 3995 vitam
1402 3929 1492 3996 insti·

237 4038 409 4105 tuendi.

399 4156 426 4214 b.
448 4151 581 4214 Praeter
602 4149 698 4215 fidem
720 4163 827 4216 autem
844 4171 970 4238 quoque
993 4149 1135 4215 studium
1157 4149 1285 4215 virtutis
1308 4149 1405 4216 finem
1436 4172 1491 4216 no·

248 4271 394 4326 strum
408 4280 500 4336 esse,
533 4261 629 4324 docet
643 4260 934 4325 Ecclesiastes
951 4260 983 4324 in
1002 4282 1061 4325 suo
1080 4261 1343 4347 epiphonemate:
1376 4264 1494 4326 Finem

268 4377 442 4446 loquendi
459 4391 568 4433 ornnes
584 4376 773 4433 audiamus:
798 4373 922 4434 Deum
938 4377 1045 4453 time,
1064 4378 1306 4435 cruentata
1322 4375 1411 4453 ejus
1428 4379 1492 4433 ob·

282 4503 316 4545 3
327 4497 426 4541 eron:
444 4483 506 4542 boo
523 4491 573 4544 est
586 4486 671 4542 enirn
688 4485 792 4544 omnis
809 4483 903 4543 bomo
916 4481 952 4560 ’).
970 4482 1074 4565 Atque
1092 4480 1284 4544 Salvator
1299 4480 1408 4545 verbis
1416 4502 1493 4545 mox

289 4653 573 4674 f*-

402 4750 425 4824 ¹)
452 4749 480 4809 1.
505 4743 584 4809 Tim.
606 4745 636 4822 6,
664 4746 714 4810 11.
733 4781 773 4792 -
793 4751 820 4826 ²)
845 4750 942 4810 Marc.
968 4745 1020 4822 16,
1047 4745 1088 4812 15
1115 4771 1138 4813 s.
1157 4788 1198 4796 -
1222 4757 1252 4827 ³]
1273 4750 1363 4813 Joan.
1393 4746 1443 4823 l'l,
1461 4749 1491 4818 3.

309 4829 444 4996 3l27Mpgth.
462 4835 497 4920 6,
515 4835 569 4900 33.
589 4875 629 4883 -
648 4842 675 4916 ⁵)
695 4836 723 4901 1.
742 4836 821 4904 Tim.
845 4839 875 4904 2.
893 4836 924 4904 4.
942 4876 986 4886 -
1005 4838 1033 4921 ⁶)
1049 4841 1146 4907 Hebr.
1171 4841 1222 4915 ll,
1248 4841 1276 4908 7.
1299 4879 1340 4888 -
1361 4843 1386 4927 ⁷)
1407 4843 1489 4911 Eccl.
