3775 5625
1468 405 1532 474 aot

329 584 368 637 et
393 573 437 636 ab
460 571 512 636 iila
534 585 692 657 tamquam
717 593 793 656 pars
809 571 910 658 ipsius
922 574 1075 657 ›perideat
1096 585 1129 637 et
1144 571 1219 637 hinc
1235 574 1273 636 ab
1291 592 1329 638 ea
1344 571 1441 638 etiam
1457 595 1533 636 nun·

327 703 437 767 quam
454 681 549 746 dividi
566 694 619 746 aut
635 681 779 766 separari
795 682 908 766 possit,
926 694 1019 767 atque
1037 694 1132 766 prout
1146 681 1279 766 propria
1300 683 1371 765 ejus
1387 680 1537 756 efficitur,

326 790 381 855 ita
399 792 538 855 eandem
554 813 669 856 rursus
685 791 746 855 sihi
763 791 926 876 propriam
941 790 1088 875 accipiat,
1105 792 1185 855 adeo
1204 802 1248 864 nt,
1266 790 1341 855 licet
1357 792 1469 857 amhae
1483 813 1537 856 rra·

327 911 436 963 turae
460 898 646 963 inconfusae
669 911 702 962 et
723 898 903 963 immutatae
933 899 1063 985 suisque
1095 898 1345 983 proprietatibus
1375 900 1538 984 praeditae

327 989 505 1083 maneant,
521 1021 626 1072 tamen
643 1007 795 1072 attributa
812 1008 916 1072 divina
933 1021 1064 1072 naturae
1081 1010 1234 1073 humanae
1252 1021 1401 1073 enatura
1424 1010 1539 1083 divina,

327 1139 406 1182 uon
420 1116 548 1202 quidem
564 1138 623 1201 per
640 1139 675 1181 se
693 1117 799 1182 souin
817 1140 868 1192 se,
885 1120 941 1182 sed
960 1140 1017 1203 per
1033 1117 1194 1193 accidens,
1217 1117 1366 1183 videlicet
1381 1131 1540 1205 tamquam

331 1228 366 1291 in
388 1249 536 1313 persona
557 1227 661 1291 divina
678 1226 864 1291 subsistenti
887 1227 1186 1303 communicentur,
1220 1241 1252 1292 et
1269 1227 1418 1292 divinitas
1434 1228 1466 1291 in
1484 1229 1537 1291 hu·

335 1337 515 1412 manitate,
536 1336 567 1400 in
585 1357 645 1422 qua
662 1350 819 1422 tarnquam
835 1338 866 1401 in
883 1360 943 1401 sno
964 1337 1097 1422 proprio
1113 1358 1251 1422 corpore
1268 1336 1436 1411 inhahitat,
1454 1336 1540 1402 omni

340 1468 404 1511 sua
419 1448 598 1532 majestate,
606 1458 778 1530 potestate,
790 1459 850 1510 etc.
869 1448 982 1521 luceat,
995 1459 1089 1533 atque
1107 1446 1137 1510 iu
1154 1445 1207 1511 itia
1223 1459 1254 1511 et
1270 1469 1328 1532 per
1341 1446 1434 1522 iiiam,
1444 1468 1539 1534 quae·

343 1576 476 1641 eurique
490 1557 559 1641 ejus
574 1567 660 1628 sunt,
680 1567 842 1638 operetur,
863 1568 895 1619 et
908 1555 1083 1620 vicissima
1100 1568 1213 1620 natura
1230 1558 1366 1621 humana
1390 1555 1541 1621 attributa

343 1665 485 1728 humana
507 1663 661 1728 divinitati
685 1676 843 1751 tamquam
874 1686 951 1729 suae
973 1664 1140 1752 hypostasi
1162 1687 1198 1729 se
1222 1664 1391 1731 sustinenti
1413 1663 1540 1750 partici-

345 1787 475 1860 pentur.

459 1902 670 1985 Quapropter,
693 1914 727 1965 ut
747 1902 913 1966 veritatem
930 1902 1163 1968 incarnationis
1180 1925 1279 1968 sensu
1295 1903 1445 1989 exposito
1464 1924 1538 1968 con-

346 2025 397 2078 tra
417 2011 563 2075 laudatos
586 2010 745 2099 dogmatis
772 2011 928 2076 Catholici
952 2012 1157 2077 adversarios
1180 2012 1378 2086 evincamus,
1404 2012 1540 2097 primum

348 2119 756 2195 demonstrabimus,dnas
773 2141 861 2183 esse
879 2119 914 2183 in
932 2120 1095 2185 Christo
1122 2135 1281 2186 naturas
1307 2121 1543 2186 inconfusas

347 2241 385 2294 et
408 2228 634 2303 immutatas,
662 2228 868 2293 etduasin
886 2230 977 2313 ipso
995 2232 1387 2296 essevoluntateset
1405 2251 1541 2314 opera·

347 2337 483 2403 tiones
521 2338 742 2409 naturalem
776 2338 889 2402 deinde
921 2359 1001 2402 vero
1032 2339 1184 2405 unicam
1216 2341 1344 2405 nonnisi
1377 2360 1470 2404 esse
1506 2338 1559 2401 inv

349 2447 514 2513 Christo
531 2467 751 2531 personam,
769 2459 801 2511 et
816 2447 890 2512 hine
906 2469 1006 2531 porro
1025 2449 1231 2514 Christum
1253 2470 1331 2534 qua
1352 2449 1543 2512 hominem

350 2556 880 2641 esseverumetproprium
897 2556 1544 2644 DeiFilium,ipsumuthominem

349 2688 502 2753 quoque
521 2667 631 2730 cuttu
648 2666 776 2731 divino
794 2688 852 2731 seu
874 2669 988 2731 cuttu
1010 2667 1152 2732 latriae
1179 2669 1438 2741 adorandum,
1459 2686 1539 2729 rea·

349 2778 426 2842 lem
454 2774 541 2841 dari
561 2774 601 2840 in
627 2774 719 2861 ipso
742 2776 1142 2843 communicationem
1167 2778 1418 2852 idiomatum,
1446 2787 1543 2841 atta·

344 2909 432 2953 men
458 2886 497 2950 in
519 2898 723 2961 concreto,
744 2909 817 2950 nou
844 2887 879 2950 in
904 2888 1119 2963 abstracto,
1146 2901 1239 2974 atque
1277 2888 1350 2951 ideo
1367 2888 1401 2952 Β.
1419 2883 1544 2974 Virgi-

342 2995 1304 3084 nemvereesseDeigeuitricemseuDeiparam.

451 3110 577 3170 aanor.
595 3107 847 3190 Inoaraatio,
863 3103 1043 3185 iraipuooorc
1064 3130 1120 3170 seu
1144 3107 1295 3187 σάρκωσις
1312 3128 1391 3169 nunc
1410 3128 1544 3170 commu·
1595 3134 1597 3138 ·

342 3221 392 3280 uis
417 3219 581 3296 adpellatio
608 3219 730 3278 unionis
757 3218 971 3296 hypostaticae
998 3222 1126 3281 duarum
1150 3230 1332 3280 naturarum
1359 3219 1390 3277 in
1419 3220 1544 3278 Christo

344 3340 405 3400 ost,
424 3348 499 3390 voca
517 3348 554 3389 ax
571 3328 678 3388 verbis
695 3330 919 3407 Evangelistae
942 3331 1128 3407 composita:
1151 3329 1202 3390 Et
1221 3328 1364 3389 Verbum
1387 3347 1466 3388 earo
1481 3330 1545 3407 sa·

343 3445 432 3501 otum
447 3445 509 3516 eet,
527 3457 587 3498 uon
606 3438 811 3499 conversione
829 3438 998 3499 divinitatis
1017 3440 1047 3499 in
1066 3458 1202 3511 earnem,
1220 3439 1275 3497 sed
1286 3438 1476 3498 assumtione
1489 3438 1543 3497 hu·

341 3549 501 3611 munitatis
521 3551 551 3608 in
572 3551 694 3608 Deum¹
711 3551 744 3618 )‚
772 3564 866 3607 carne
888 3567 944 3624 per
968 3551 1265 3639 synecdochenlpro
1291 3557 1356 3607 tota
1374 3557 1405 3606 et
1420 3548 1546 3627 integra

344 3670 461 3720 natura
480 3659 609 3718 hominis
631 3658 732 3735 posita
745 3658 792 3734 2).
832 3659 1010 3718 AGraecis
1031 3659 1178 3720 Patribus
1199 3659 1312 3721 dieitur
1334 3676 1455 3735 quoquo
1471 3657 1542 3717 unio

340 3770 394 3828 itta
411 3755 572 3839 ἐπιφάνεια,
595 3763 774 3842 φανέρωσις,
798 3785 843 3829 se.
860 3766 945 3836 θεοῦ,
967 3758 1141 3840 attoariarum,
1163 3767 1227 3828 Dei
1244 3771 1422 3847 apparitio,
1442 3760 1544 3827 mani·

338 3873 532 3957 sertatio³),
549 3867 661 3944 trouu,
684 3879 776 3951 onio,
796 3869 930 3940 σύνοδος,
955 3882 1144 3954 conventas,
1163 3866 1325 3952 συνδρομὴ,
1343 3897 1540 3954 conceretio,

339 3973 504 4061 σόμβασις,
528 3973 681 4055 συνάφεια,
700 3986 899 4060 conjonctio,
918 3975 1069 4052 σύνθεσις,
1088 3990 1291 4066 compositio,
1311 3983 1452 4060 συμφυΐα,
1470 4004 1544 4045 oon·

338 4095 462 4168 aretio,
480 4083 567 4164 μίξις,
585 4095 715 4169 mistio,
733 4082 849 4167 κράσις,
872 4084 1045 4166 ἀνάκρασις,
1068 4086 1235 4170 aianeoane,
1260 4098 1448 4154 commixtio
1455 4139 1466 4171 ,
1485 4115 1544 4155 non

343 4214 452 4263 tamen
476 4219 523 4270 ea,
549 4219 607 4277 qua
630 4203 869 4272 contunduntur,
891 4202 947 4260 sed
967 4210 1085 4262 tantum
1111 4204 1216 4262 iptime
1239 4205 1385 4263 uniuntur
1402 4214 1544 4273 naturae,

335 4302 459 4384 ἑνότης,
484 4314 609 4386 unitas,
628 4305 780 4388 inarime,
804 4307 1022 4390 totitatiigtett,
1045 4304 1222 4388 corrippo,
1245 4317 1419 4389 assumtio,
1438 4303 1544 4386 ἀνάλη-

330 4433 405 4499 ψις,
434 4425 611 4498 correptio,
625 4412 839 4495 ἐνσωμάτωσις,
856 4424 1097 4498 incorporatio3
1116 4440 1131 4479 a
1150 4423 1269 4481 Latinis
1282 4441 1357 4481 vero
1368 4427 1459 4497 anio,
1473 4425 1544 4481 uni·

326 4534 400 4605 tio,
424 4529 595 4605 adunatio,
614 4533 791 4605 consertio,
809 4533 963 4606 sociatio,
982 4532 1172 4608 eoncordia,
1189 4532 1324 4609 foedae,
1341 4533 1542 4610 foederatio,

326 4680 563 4698 -—-·-······-

450 4745 478 4820 ¹)
494 4744 585 4806 Joan.
605 4743 633 4827 1,
653 4742 704 4807 14.
722 4781 765 4790 -
785 4745 814 4821 ²)
831 4744 876 4806 Of.
895 4744 971 4807 Gen.
989 4745 1019 4820 6,
1038 4745 1089 4809 12.
1107 4748 1186 4809 Luo.
1204 4745 1233 4824 3,
1252 4748 1283 4812 6.
1294 4748 1401 4810 Marah.
1418 4743 1471 4819 24,
1488 4744 1541 4820 22,

326 4877 372 4892 ..
395 4834 427 4917 ³)
445 4833 491 4897 cf.
512 4833 539 4900 1.
557 4833 635 4904 Tim.
652 4834 683 4912 3,
702 4834 752 4904 16,
772 4834 801 4899 1.
817 4836 910 4903 Joau.
932 4834 959 4910 1,
979 4835 1078 4907 1-2‚
