3775 5625
356 418 420 484 1'36

353 595 468 669 sponte
500 602 559 646 sua
590 593 694 665 patet,
726 591 779 641 aut
811 578 932 642 directe
963 578 1152 652 adstruitur,
1185 589 1239 642 aut
1258 577 1448 644 necessario
1474 598 1531 663 sup

354 691 493 778 ponitur.
692 705 705 734 t

459 818 490 884 5.
516 818 595 884 Cum
611 838 697 880 novo
716 818 925 881 Testamenta
947 815 1053 901 quoad
1074 813 1253 880 doctrinam
1275 815 1314 879 de
1330 827 1470 901 peccato
1486 819 1531 881 ori

352 929 449 1018 ginali
468 927 610 1014 apprime
632 927 784 991 cohaeret
804 937 913 1001 vetus,
930 926 1016 1012 quod
1037 924 1180 1009 pluribus
1197 923 1278 990 iocis
1294 923 1414 989 clarius
1431 925 1531 991 obsco

351 1040 421 1104 rius
437 1040 554 1126 dogma
570 1048 715 1101 nostrum
731 1055 922 1120 expressum
938 1034 1075 1099 exbibet.
1092 1034 1160 1099 Nos
1177 1046 1284 1099 tamen
1299 1035 1339 1098 ad
1355 1034 1441 1099 duos
1458 1034 1531 1120 loco

353 1160 474 1214 tantum
504 1167 565 1211 nos
596 1144 832 1232 restringimus».
871 1142 966 1207 Prior
993 1142 1136 1208 occurrit
1155 1142 1187 1207 in
1210 1143 1291 1208 libro
1308 1142 1412 1218 Jobi,
1431 1142 1531 1209 ubivi

352 1270 497 1331 sanctus,
513 1277 609 1341 quum
630 1254 833 1341 fragilitatem
857 1254 1026 1318 humanam
1048 1253 1319 1338 depraedicasset,
1340 1253 1401 1318 ait:
1425 1256 1478 1317 Et
1496 1257 1531 1317 di·

351 1390 448 1447 pou-m
464 1371 557 1430 ducis
573 1387 673 1447 super
689 1368 913 1443 nujuscemodi
944 1372 1075 1447 operire
1092 1367 1207 1427 oculos
1224 1373 1317 1446 tuos,
1335 1373 1370 1427 et
1384 1352 1530 1428 addam

352 1500 424 1541 eom
440 1486 545 1540 tecum
560 1473 798 1553 injusticiam?
815 1487 909 1559 atque
925 1485 960 1537 ut
976 1493 1015 1538 eo
1034 1472 1138 1559 magis
1154 1474 1256 1538 Deum
1273 1473 1417 1558 judicem
1434 1474 1531 1539 admi

353 1586 562 1653 sericordiam
593 1597 788 1672 permoveat,
820 1582 923 1648 addit:
958 1585 1043 1659 Quis
1070 1592 1181 1666 potest
1199 1589 1315 1664 socero
1328 1588 1527 1667 mundumd

352 1700 552 1760 immundo
585 1702 813 1775 conceptum
845 1701 1016 1756 semine?
1047 1715 1155 1757 nonne
1180 1702 1234 1774 tu,
1256 1702 1312 1777 put
1332 1697 1428 1758 solua
1450 1697 1530 1775 ιε’)

352 1826 410 1871 seu
440 1816 537 1889 prout
567 1802 598 1867 in
630 1802 790 1867 Hebraico
822 1800 957 1888 legitur:
993 1803 1076 1877 Quis
1098 1806 1194 1865 'dabit
1222 1807 1377 1866 mundum
1404 1806 1455 1866 ad
1477 1812 1531 1868 iun

352 1912 519 1995 inundo?
556 1915 610 1987 Ne
626 1934 715 1976 unaco
730 1916 858 1996 quidem
865 1937 880 1992 ;
901 1912 952 1976 vel
968 1912 1064 1996 juxta
1077 1910 1264 1976 versionem
1280 1911 1530 1980 Alexandrinam

354 2028 472 2090 Nemo
505 2026 675 2086 mundus
708 2044 728 2084 ε
759 2026 897 2101 sorde,
930 2043 999 2084 nec
1025 2027 1185 2102 insana,
1207 2028 1324 2100 cujus
1345 2031 1528 2088 estunin

352 2139 525 2197 dictatio
542 2154 660 2213 super
677 2139 837 2194 terram.
867 2132 938 2194 darn
955 2150 1160 2215 quaecumque
1175 2130 1288 2195 barum
1304 2132 1479 2199 lectionum
1495 2133 1531 2200 eli

352 2255 461 2330 gabar:
479 2244 599 2307 clarum
617 2253 684 2314 est,
701 2242 808 2305 locum
830 2241 917 2304 iilum
939 2260 1038 2327 agere
1056 2240 1095 2303 de
1112 2240 1183 2304 labe
1199 2240 1302 2327 aliqua
1318 2241 1472 2330 originis
1489 2265 1530 2331 qu

354 2372 448 2417 nemo
480 2371 599 2436 expers
631 2371 705 2415 esse
736 2362 853 2435 potest.
884 2350 966 2415 Nam
986 2349 1184 2414 immunditia
1206 2349 1274 2415 sive
1294 2352 1411 2417 sordes
1437 2373 1531 2420 corun

351 2463 421 2526 Deo
433 2459 542 2546 judice
559 2459 688 2524 nonnisi
704 2457 890 2544 spiritualis,
908 2479 966 2524 seu
982 2458 1181 2523 immunditia
1196 2459 1322 2546 peccati
1337 2482 1412 2527 esse
1428 2473 1531 2548 potest

352 2582 445 2656 atque
467 2571 547 2634 baec
570 2568 718 2633 omnibns
739 2569 778 2633 ab
799 2568 870 2653 ipsa
886 2568 1098 2654 conceptione
1115 2568 1276 2643 inhaeret3
1299 2591 1394 2655 qurum
1417 2570 1451 2635 in
1473 2572 1531 2638 loo

354 2691 466 2743 nostro
498 2691 552 2743 aut
582 2680 621 2742 ab
646 2679 705 2743 bac
729 2699 902 2764 expresse,
925 2691 980 2743 aut
996 2700 1015 2743 a
1030 2678 1172 2764 peccatis
1188 2691 1355 2763 parentum
1371 2693 1531 2769 repetatur

352 2801 406 2854 aut
421 2789 534 2854 saltem
549 2788 605 2853 vix
621 2788 687 2854 nati
703 2788 841 2854 infantes
863 2809 900 2854 ea
917 2788 1139 2855 commaculati
1160 2787 1323 2854 dicantur.
1344 2790 1435 2855 Alter
1456 2790 1530 2858 locu

352 2911 402 2964 est
416 2898 688 2963 illudDavidis:
720 2901 808 2962 Ecce
836 2906 920 2962 enim
947 2907 987 2962 in
1012 2905 1302 2979 iniquitatibus
1326 2906 1528 2982 'conceptu

353 3029 441 3071 aum:
472 3021 503 3071 et
533 3014 568 3070 in
597 3015 776 3088 peccatis
801 3015 985 3088 concepit
1004 3030 1060 3071 me
1085 3021 1211 3071 mater·
1230 3014 1361 3092 meo2),
1384 3030 1445 3075 seu
1455 3011 1531 3096 juxt

352 3130 474 3182 textum
489 3118 685 3182 Hebraeum:
710 3120 767 3180 En
787 3140 852 3198 eqo
876 3139 959 3181 oum
981 3124 1208 3198 iniquitate
1221 3126 1382 3202 penitus
1398 3142 1531 3204 sume

353 3249 437 3291 oum
465 3241 629 3308 peccato
664 3233 813 3312 (peccato
845 3227 1065 3312 inquinatum)
1085 3233 1195 3304 fovit
1212 3249 1266 3291 me
1284 3241 1409 3293 mater
1423 3232 1531 3311 ηιεεῑ]

352 3335 436 3401 Dicit
456 3336 561 3422 itaque
583 3349 688 3412 vates,
710 3351 744 3401 ut
765 3337 835 3422 ipse
852 3337 1211 3417 Rosenmiriierus⁴)
1228 3337 1335 3410 locum
1350 3339 1436 3404 bunc
1450 3339 1531 3407 inter

352 3457 511 3532 protatur,
537 3446 671 3510 haerere
691 3446 723 3510 in
748 3459 861 3511 natura
877 3466 935 3511 sua
952 3458 1036 3520 tota,
1061 3447 1129 3531 jam
1162 3445 1242 3512 inde.
1253 3449 1292 3512 ab
1310 3461 1382 3513 ortu
1398 3470 1471 3526 suo,
1500 3449 1531 3515 it:

353 3567 458 3619 natam
475 3555 535 3618 sibi
552 3555 751 3639 pravitatem,
768 3555 833 3619 imo
850 3568 926 3619 tunc
943 3555 1048 3631 ctiam,
1066 3577 1138 3620 cum
1155 3576 1174 3620 a
1191 3570 1292 3621 matre
1311 3559 1531 3644 conciperetur

353 3663 384 3728 in
400 3676 555 3748 uteroque
572 3676 765 3755 gestaretur,
783 3685 818 3728 se
834 3678 969 3750 peccato
988 3665 1087 3729 fuisse
1104 3665 1267 3730 infectum.
1302 3665 1424 3744 Quibus
1440 3669 1517 3732 verb

353 3772 484 3858 pariter,
500 3785 535 3837 ut
551 3794 649 3857 supra
664 3773 782 3847 dobes,
794 3773 938 3857 judicem
955 3776 994 3838 ad
1010 3773 1266 3839 misericordiam
1282 3775 1415 3840 flectere
1431 3777 1531 3841 stude

353 3881 606 3971 ignoscendiqno
631 3882 755 3967 peccati
776 3883 841 3958 sui,
867 3883 895 3947 si
918 3905 960 3949 ex
981 3884 1141 3969 aequitate
1166 3897 1198 3949 et
1221 3884 1389 3949 clementia
1400 3885 1531 3970 judica!

354 3992 439 4066 velit,
456 4013 520 4055 non
537 3991 611 4056 nibil
628 3994 742 4057 adesse
761 4014 877 4058 causae
895 3995 1022 4070 asserit,
1040 3997 1124 4080 quod
1140 3994 1257 4060 iniecta
1272 4015 1331 4080 per
1348 3993 1486 4083 originis
1500 4018 1531 4061 ε

356 4101 432 4166 tium
453 4114 579 4177 natura,
605 4124 669 4166 non
690 4103 805 4168 mirum
822 4103 878 4179 sit,
896 4105 924 4168 si
941 4117 1073 4190 peccata
1090 4104 1150 4169 alia
1164 4104 1309 4189 proferat
1325 4125 1364 4170 ac
1379 4105 1531 4192 germin-

357 4211 447 4289 Quod
465 4223 570 4276 autem
586 4211 725 4277 Davides
742 4215 780 4277 de
797 4235 833 4278 se
851 4215 1074 4300 conqueritur,
1097 4217 1136 4279 de
1159 4215 1307 4279 omnibus
1327 4217 1450 4290 valere,
1475 4232 1531 4280 ειι

357 4318 496 4383 omnium
512 4320 674 4385 bominum
690 4324 801 4386 eadem
813 4323 854 4386 sit
871 4323 976 4410 origo,
993 4325 1103 4389 eadem
1122 4323 1263 4388 conditio
1282 4323 1502 4411 conceptionis

355 4428 585 4516 generationis,
601 4452 659 4517 per
676 4453 712 4497 se
729 4432 1042 4512 1naniiestnmest⁵).
1068 4433 1220 4499 Ceterum
1236 4433 1307 4517 ipsa
1327 4433 1436 4499 Pauli
1451 4450 1531 4521 arg

357 4583 573 4598 *—

467 4666 969 4751 ¹)14,4-5.-2)Ps.50,7.
997 4706 1035 4718 —
1059 4674 1086 4753 ³)
1101 4675 1153 4734 Ps.
1170 4670 1230 4745 51,
1249 4670 1277 4734 7.
1296 4708 1338 4719 -
1356 4672 1382 4752 ⁴)
1399 4671 1497 4734 Senot.

362 4761 396 4822 V.
420 4762 452 4822 T.
476 4763 516 4820 od
536 4763 565 4823 b.
588 4763 606 4822 l.
633 4762 668 4823 P.
685 4758 716 4824 4.
738 4762 777 4823 V.
795 4759 824 4823 2.
842 4783 870 4841 p.
891 4760 986 4825 1102.
1018 4799 1059 4807 -
1096 4765 1121 4843 ⁵)
1139 4765 1186 4823 De
1204 4773 1332 4824 connato
1348 4762 1524 4823 bominiv't

356 4850 489 4928 ipsorum
520 4850 709 4912 Judacorum
741 4852 843 4930 plures
874 4853 949 4913 hoec
978 4854 1074 4914 verba
1094 4866 1312 4934 exposuerunt,
1335 4855 1485 4934 ablegare
1514 4871 1531 4901 ⁴

240 4922 312 5046 ἱ
357 4941 438 5024 apud
454 4940 599 5023 Campeg.
620 4944 806 5027 Vitringa,
826 4944 946 5006 Obsero.
963 4964 1043 5008 socr.
1059 4947 1096 5008 L.
1112 4949 1141 5008 3.
1159 4967 1184 5008 c.
1202 4949 1231 5008 8.
1247 4969 1277 5028 p.
1295 4945 1371 5010 616.
