3775 5625
1469 397 1535 471 503

348 567 594 644 Ambrosius,
614 566 645 632 in
663 566 844 635 Christiano
877 568 1011 654 primam
1043 589 1116 633 csse
1148 568 1258 642 lidem;
1291 565 1536 657 Augustinus

348 700 443 756 vero,
466 681 593 744 domum
616 679 675 743 Dei
700 681 859 743 credendo
885 692 1006 743 tantum
1029 678 1168 753 fundari,
1201 681 1359 764 sperando
1384 692 1487 744 autem
1505 692 1537 745 et

349 788 510 877 diligendo
526 788 652 874 perlici3
676 802 769 875 atque
785 789 857 853 alibi
875 788 931 854 ait:
957 789 1038 853 Sine
1060 793 1219 853 charitate
1236 795 1352 870 qnippe
1366 794 1446 867 fides
1458 802 1537 871 pot·

347 911 399 964 cst
412 906 538 979 qnidam
553 922 635 982 ease,
653 909 802 963 sednon
816 903 1099 980 etprodesw).

460 1029 497 1092 0.
521 1026 603 1092 nuti
634 1038 742 1111 potest
773 1038 997 1113 argumentum
1012 1025 1044 1088 in
1060 1024 1131 1110 ipsa
1145 1025 1193 1091 rei
1209 1039 1321 1090 natura
1345 1026 1449 1092 situm.
1480 1028 1535 1092 Et-

348 1135 432 1201 enim
457 1135 556 1212 lides,
576 1135 604 1199 si
626 1134 766 1200 estsine
788 1135 873 1199 omui
896 1135 1009 1198 timore
1032 1146 1124 1219 atque
1148 1134 1316 1210 charitate,
1334 1134 1481 1200 affectum
1497 1138 1538 1202 ad

347 1258 515 1332 peccatum
535 1244 567 1309 iu
590 1247 689 1309 corde
713 1256 825 1308 nostro
847 1244 975 1308 minime
998 1242 1078 1308 tollit
1101 1256 1154 1308 aut
1170 1244 1356 1332 exstinguit.
1382 1245 1538 1324 Quamdiu

347 1369 452 1419 autem
473 1355 596 1420 animus
618 1354 723 1419 studio
755 1374 924 1438 prat-arum
956 1352 1205 1418 oblectationum
1220 1356 1375 1439 repletur,
1393 1354 1537 1420 charitati

347 1465 470 1529 divinae
502 1464 703 1549 recipiendae
723 1463 826 1548 impar
843 1475 902 1527 est.
935 1464 1022 1542 Quae
1046 1462 1130 1527 enim
1147 1463 1346 1529 consociatio
1363 1464 1490 1530 Belialis
1506 1478 1539 1529 et

348 1573 492 1638 Christi?

360 1717 365 1725 ·
456 1684 493 1747 ll.
511 1686 570 1747 SS.
587 1681 743 1758 Litterae,
759 1694 855 1767 prout
871 1695 903 1745 ct
921 1685 980 1746 SS.
995 1684 1125 1757 Patres,
1142 1681 1204 1745 vim
1221 1684 1260 1747 ad
1276 1682 1537 1767 justificationem

347 1791 535 1877 disponendi
566 1812 605 1855 ac
628 1791 853 1875 praeparandi,
878 1802 910 1854 et
933 1790 1005 1853 idco
1037 1791 1132 1854 etiam
1165 1792 1379 1855 conservandi
1409 1805 1537 1876 praeter

338 1901 442 1988 ‚fidem
464 1900 525 1963 illis
547 1899 617 1964 aliis
641 1921 765 1985 quoque
787 1899 972 1974 virtutibus,
989 1920 1008 1964 a
1024 1898 1169 1964 Concilio
1188 1899 1376 1964 Tridentino
1393 1900 1538 1976 laudatis,

345 2010 495 2074 videlicet
519 2008 666 2084 timori,
690 2009 789 2094 spei,
814 2008 999 2072 charitati
1023 2030 1066 2073 ac
1089 2008 1323 2106 contritioni
1348 2010 1538 2093 conjunctae
1569 2009 1579 2039 ⁸

348 2140 420 2183 cum
441 2117 533 2181 firmo
555 2118 724 2202 proposito
748 2117 844 2181 vitam
868 2138 982 2181 novam
1005 2116 1174 2182 inchoandi
1206 2131 1298 2203 atquc
1329 2122 1538 2184 Sacramenta

347 2226 546 2311 suscipendi,
564 2226 692 2292 disertis
709 2226 817 2290 verbis
833 2225 983 2290 tribuunt.
1009 2225 1064 2289 Sic
1079 2226 1198 2312 requiri

457 2354 486 2422 1.
508 2355 682 2419 timorem
703 2354 822 2429 aDco,
834 2351 942 2437 judice
954 2351 1151 2437 justissimo,
1168 2365 1300 2438 propter
1316 2367 1449 2438 peccata
1465 2377 1536 2440 per·

346 2476 486 2550 patrata,
502 2462 640 2550 legimus
656 2464 687 2527 in
703 2461 878 2527 Psalmis.
903 2462 1074 2545 Sanctum,
1093 2462 1137 2527 ait
1152 2462 1243 2528 divus
1259 2465 1373 2539 Vates,
1389 2477 1422 2528 et
1436 2471 1538 2530 terri·

348 2581 412 2637 iiie
429 2574 662 2654 (metuendum)
686 2595 804 2637 nomen
824 2578 904 2653 cjns.
936 2576 1102 2637 Initium
1124 2579 1361 2653 sapientiae,
1383 2574 1403 2639 i.
1420 2596 1448 2640 e.
1465 2595 1536 2659 pcr-

346 2684 450 2748 sectae
461 2681 622 2767 justitiae,
640 2704 720 2768 quae
736 2695 837 2746 totum
853 2681 1014 2747 hominem
1031 2682 1209 2768 componit,
1232 2690 1351 2747 timor
1365 2686 1537 2759 Domini,

345 2792 365 2859 i.
382 2814 410 2857 e.
428 2804 531 2857 metus
553 2804 584 2857 ct
604 2790 783 2857 reverentia
804 2790 928 2856 divinae
950 2791 1143 2877 majestatis,
1160 2792 1317 2858 inclinans
1334 2792 1488 2870 animum,
1505 2806 1539 2859 ut

344 2904 415 2967 Deo
432 2922 490 2986 par
507 2901 613 2966 omnia
629 2901 769 2975 obediat,
786 2915 970 2988 caveatque,
987 2924 1027 2967 ne
1043 2901 1166 2986 uspiam
1184 2900 1323 2967 offendat
1332 2907 1370 2981 ¹).
1395 2905 1429 2966 ln
1446 2905 1535 2967 Pro-

345 3010 512 3077 verbiis:
548 3014 678 3074 Timor
708 3013 867 3074 Domini
896 3015 993 3088 fons
1023 3017 1149 3084 citae,
1177 3024 1215 3075 nt
1236 3017 1374 3075 dectinet
1396 3035 1416 3075 a
1438 3019 1538 3079 ruina

345 3124 509 3200 mortiss).
541 3121 583 3182 Et
612 3119 644 3182 iu
676 3118 981 3185 Ecclesiastico:
1015 3124 1148 3184 Timor
1175 3123 1336 3183 Domini
1360 3129 1538 3203 empetlit

342 3242 562 3311 peccatum:
587 3250 662 3292 nam
678 3235 743 3309 pni
766 3235 853 3292 sine
877 3235 1018 3293 timore
1040 3243 1116 3313 eat,
1141 3251 1220 3294 non
1241 3236 1535 3312 poteritjusti-

343 3344 487 3416 ficari,
512 3338 533 3404 i.
558 3359 584 3402 e.
605 3340 713 3422 justus
738 3337 822 3403 effici
838 3359 876 3403 ac
891 3339 961 3404 Deo
985 3339 1164 3425 placerc4).
1191 3341 1392 3425 Quapropter
1415 3353 1449 3405 et
1471 3362 1535 3405 non

345 3461 466 3513 tantum
483 3450 655 3512 ioannes
679 3446 871 3531 Baptista,
895 3449 953 3513 sed
979 3460 1011 3512 et
1034 3449 1221 3515 Christus
1245 3447 1432 3513 Dominus
1456 3448 1535 3534 ipse,

345 3579 406 3622 nec
422 3580 486 3621 nou
502 3555 685 3641 Apostoli
702 3568 779 3640 post
793 3555 879 3620 illum
894 3557 1120 3642 peccatoribus
1137 3558 1285 3623 timorem
1296 3557 1441 3644 justitiae
1457 3559 1534 3623 divi-

345 3687 405 3732 uaa
429 3666 571 3730 incutere
597 3666 739 3739 student,
763 3678 798 3729 ut
821 3667 859 3729 ad
884 3666 1110 3751 poenitentiam
1136 3668 1286 3732 conversi
1300 3668 1371 3731 Deo
1386 3669 1532 3734 reconci-

344 3775 414 3840 liari
431 3796 488 3839 scu
498 3773 668 3859 justificari
685 3786 801 3860 queant
812 3779 849 3857 ⁵).
873 3777 960 3841 ldem
976 3777 1103 3840 tradunt
1119 3779 1178 3841 SS.
1194 3779 1347 3850 Patres,
1371 3789 1405 3840 ut
1428 3777 1543 3842 uasis

345 3884 434 3958 lius,
458 3883 510 3969 qui
534 3883 591 3958 ait,
617 3883 763 3948 timorem
779 3905 869 3960 esse,
894 3885 946 3971 quai
960 3885 1109 3951 conferat
1125 3885 1327 3950 sanctitatem
1338 3890 1383 3964 ⁶),
1408 3889 1532 3973 Augu·

339 4038 565 4050 Ψ.-

452 4124 479 4198 ¹)
495 4124 544 4181 De
563 4121 672 4184 Trinit.
700 4124 719 4182 l.
737 4125 787 4183 15.
813 4145 838 4188 c.
854 4127 904 4185 18.
921 4145 952 4183 n.
968 4126 1018 4186 32.
1041 4125 1079 4186 Τ.
1097 4122 1127 4186 8.
1144 4144 1169 4186 c.
1187 4118 1323 4182 990.-
1341 4126 1368 4202 ²)
1386 4124 1438 4186 Ps.
1458 4121 1533 4207 110,

345 4209 466 4277 9-10.
484 4247 525 4258 -
543 4214 570 4294 ³)
585 4214 679 4275 Prov.
697 4210 754 4287 14,
771 4211 825 4276 27.
843 4250 885 4260 -
903 4215 928 4295 ⁴)
945 4215 1037 4276 Eccli.
1057 4213 1091 4295 1,
1107 4209 1250 4276 27-28.
1268 4213 1313 4275 Of.
1329 4213 1383 4274 Pa.
1400 4211 1461 4288 32,
1480 4212 1531 4277 18.

346 4300 421 4374 102,
441 4299 491 4363 lt.
508 4301 577 4366 Jer.
595 4301 647 4377 32,
663 4302 716 4366 40.
733 4305 808 4364 Luc.
829 4303 857 4376 1,
874 4303 926 4367 50.
944 4305 1036 4364 Eccli.
1054 4302 1107 4379 25,
1125 4301 1176 4365 16.
1194 4300 1248 4383 27,
1264 4301 1295 4365 4.
1312 4304 1396 4365 Prov
1405 4301 1530 4378 .28,14.

344 4393 422 4456 Phil.
439 4391 470 4467 2,
490 4391 540 4455 12.
572 4394 667 4456 Habr.
687 4392 738 4465 12,
756 4392 810 4457 28.
844 4393 871 4457 1.
888 4397 970 4458 Petr.
990 4396 1017 4466 l,
1037 4393 1087 4457 17.
1108 4394 1217 4457 Matth.
1236 4392 1292 4468 10,
1310 4392 1364 4460 28.
1383 4431 1424 4441 -
1442 4395 1468 4474 5)
1485 4395 1531 4457 cf.

343 4485 451 4545 Matth.
469 4482 500 4556 3,
519 4483 568 4546 10.
587 4484 639 4556 11,
656 4483 799 4548 21-24.
818 4484 869 4557 12,
886 4484 939 4548 36.
956 4488 1030 4547 Luc.
1050 4483 1101 4558 13,
1117 4483 1147 4547 3.
1164 4487 1250 4546 Rom.
1267 4483 1298 4560 2,
1314 4485 1335 4548 3
1353 4508 1392 4548 ss.
1410 4497 1467 4547 etc.
1488 4521 1529 4533 -

337 4571 374 4661 ’6)
388 4578 430 4635 In
444 4578 498 4636 Pa.
515 4578 565 4638 33.
582 4597 612 4638 n.
629 4580 658 4638 8.
677 4575 756 4657 Opp.
775 4575 814 4639 Τ.
834 4576 861 4638 1.
878 4598 907 4657 p.
927 4573 1001 4639 151.
1036 4576 1139 4637 Timor
1153 4583 1264 4647 annm,
1285 4579 1396 4658 inquit,
1413 4577 1467 4653 qni
1481 4598 1530 4638 aa·

344 4665 455 4726 tutaris
470 4673 526 4740 est,
543 4674 571 4726 ct
584 4667 710 4740 timor,
728 4668 793 4744 qni
807 4669 959 4746 confert
973 4662 1223 4746 sanctitatem,
1241 4667 1345 4738 timon,
1364 4668 1417 4744 qni
1433 4670 1469 4728 d'e
1484 4669 1536 4728 tn..

345 4756 481 4831 dustria,
505 4765 612 4818 cinon
631 4762 793 4820 secundnm
823 4759 1008 4841 affectionem
1038 4758 1138 4819 animo
1169 4757 1293 4830 accidit,
1309 4758 1357 4818 vis
1373 4779 1528 4837 ecponam,

345 4848 446 4925 patalia
461 4848 524 4908 stc?
