3775 5625
1422 410 1489 478 415

292 597 322 637 a.
339 596 365 636 ε.
378 579 416 653 ¹).
433 577 535 659 Atque
551 594 609 659 per
625 595 769 638 summos
781 573 965 648 Pontifices,
981 574 1145 649 Fiunt,
1163 575 1487 663 Gregoriumlllll.

292 694 326 746 et
356 682 549 747 Urbanum
580 683 661 746 Vlll.
701 695 874 768 sequentes
905 683 1147 768 propositiones
1178 683 1260 768 Baji
1294 686 1487 748 dmunando:

291 794 400 872 Prop.
418 796 478 856 25.
507 793 642 855 Omnia
664 796 895 867 infidelium
918 813 1037 872 opero
1050 805 1214 872 peccata
1229 806 1335 869 sunt,
1353 806 1384 856 et
1397 798 1487 873 plri-

292 905 552 981 loeoplrorum
577 908 756 965 virtuter
782 915 871 963 surrt
897 906 1004 964 eicio.
1029 904 1134 981 Prop.
1152 904 1215 964 35.
1241 902 1371 977 Omne,
1389 911 1489 982 qued

290 1015 382 1087 opit
401 1022 604 1099 peccptor,
631 1017 683 1072 vel
707 1032 823 1073 acroam
836 1017 974 1091 peccati,
994 1023 1197 1089 peecatum
1212 1023 1279 1074 eet.
1304 1012 1408 1091 Prop.
1426 1014 1486 1075 27.

288 1119 484 1182 Liberum
507 1125 721 1182 arbitrium
748 1125 835 1182 eine
857 1125 1016 1199 pratiae
1044 1124 1247 1199 adjutorio
1264 1126 1427 1183 nonnisi
1442 1130 1490 1184 ad

240 1262 242 1268 ·
284 1236 526 1307 peccandum
557 1236 672 1296 valet.
705 1230 810 1307 Prop.
833 1232 893 1291 37.
925 1231 1016 1291 Cum
1039 1232 1211 1308 Pelagio
1244 1234 1384 1311 sentit,
1418 1237 1487 1310 qui

287 1343 383 1400 doni
408 1341 563 1418 aliquid
583 1343 809 1419 naturalia,
833 1341 894 1400 lroc
910 1350 970 1417 est,
990 1346 1077 1416 quod
1090 1359 1134 1399 eo·
1149 1349 1289 1400 iacturae
1304 1343 1385 1401 eolis
1400 1344 1486 1401 oiri·

287 1452 350 1508 dus
375 1459 481 1509 ortum
502 1452 605 1521 ducit,
626 1447 863 1525 oprroscist).
892 1445 961 1507 Nee
979 1446 1122 1528 nonjnnr
1138 1445 1168 1509 iu
1192 1445 1372 1510 Concilio
1390 1446 1485 1511 Con-

287 1554 504 1619 etautiensi
531 1554 722 1619 sententiam
749 1554 930 1618 Wiclel'l'i
955 1568 1025 1619 atro
1052 1555 1202 1641 stigmate
1236 1557 1393 1619 notando:
1426 1559 1486 1620 Eo·

284 1670 463 1745 principiis
486 1670 561 1741 tidei
583 1679 632 1729 eet
653 1687 714 1745 per
736 1688 770 1727 ee
791 1678 916 1743 rentum,
950 1673 1047 1745 quod,
1082 1671 1273 1745 quidquid
1301 1670 1410 1730 domo
1444 1673 1485 1730 iu

288 1780 456 1837 mortali
477 1788 640 1854 pieccoto
661 1779 829 1850 fecerit,
852 1788 987 1854 peccat
1007 1779 1283 1854 uror·taliter³).

398 1886 439 1944 u.
464 1882 608 1967 Denique
632 1883 661 1948 si
683 1882 790 1946 onmia
813 1903 913 1967 opera
936 1895 1009 1947 ante
1027 1882 1292 1989 justificationem
1313 1897 1423 1951 essent
1438 1884 1483 1948 vi·

285 1992 391 2057 tiosa:
416 2004 621 2077 sequeretur,
638 1990 796 2055 infidelem
813 2003 867 2056 aut
882 2004 1103 2076 peccatorem,
1126 1991 1177 2077 qui
1193 1991 1257 2055 rim
1273 1992 1335 2057 siti
1350 1992 1484 2058 inferret

285 2103 325 2166 ad
343 2102 557 2187 superandam
575 2100 709 2165 titiosae
726 2113 857 2165 naturae
874 2100 1126 2176 inclinationem,
1149 2102 1202 2187 qui
1218 2102 1351 2167 naturali
1366 2102 1483 2187 pietate

285 2212 409 2278 coleret
424 2224 592 2296 parentes,
610 2210 661 2296 qui
678 2209 960 2275 commiseratione
977 2225 1174 2286 connnotus,
1196 2211 1313 2297 stipem
1327 2211 1482 2298 indigenti

283 2321 456 2395 tribueret,
479 2320 531 2405 qui
553 2320 720 2385 discordes
744 2319 941 2404 pacificaret,
967 2320 1019 2406 qui
1042 2321 1223 2405 proximum
1246 2324 1285 2385 ali
1306 2320 1483 2385 imminenti

282 2429 400 2496 mortis
416 2429 559 2515 periculo
578 2430 745 2503 liberaret,
762 2441 855 2515 atque
873 2429 903 2492 id
919 2451 1024 2517 gertus
1042 2430 1102 2494 alia
1118 2444 1304 2519 perageret,
1321 2431 1371 2494 nis
1389 2430 1481 2494 lactis

280 2560 439 2628 peccare,
456 2552 488 2604 et
504 2538 697 2603 deteriorem
714 2561 825 2603 coram
841 2540 910 2603 lleo
926 2538 1007 2603 lieri.
1033 2540 1122 2603 Unde
1138 2541 1176 2604 ab
1195 2540 1243 2604 nis
1261 2540 1407 2604 omnibus
1425 2561 1480 2625 po·

282 2649 348 2714 tius
366 2648 528 2714 abstinere
550 2662 640 2714 etse
663 2651 827 2713 retrahere
851 2650 1000 2722 deberem
1026 2651 1109 2735 quod
1133 2670 1226 2735 quam
1243 2650 1432 2723 absmdmu,
1450 2661 1482 2713 et

281 2782 303 2826 a
319 2758 482 2826 communi
504 2758 630 2846 piorum
653 2781 750 2825 sensu
772 2781 810 2824 ac
833 2758 1055 2823 aestimatione
1077 2758 1213 2823 alienum
1231 2758 1286 2833 sit,
1309 2779 1402 2824 uerno
1420 2772 1480 2833 est,

281 2871 337 2958 qui
354 2893 418 2934 non
434 2870 549 2934 videat.
573 2871 677 2934 Porro
700 2870 744 2944 si,
761 2883 796 2934 ut
812 2869 885 2934 alibi
902 2882 1070 2933 ostensum
1087 2881 1151 2942 est,
1174 2869 1282 2956 imago
1299 2869 1359 2934 Dei
1374 2868 1407 2932 in
1423 2890 1479 2932 no·

285 2981 336 3047 bis
349 2975 484 3066 ¹quidem
505 2992 556 3045 est
580 2980 772 3054 deformata,
789 3002 853 3043 non
870 2992 975 3043 autern
991 2999 1128 3063 prorsus
1150 2978 1347 3053 oblitterata,
1365 2990 1397 3041 et
1412 2977 1483 3042 ideo

284 3112 352 3156 uon
374 3089 505 3154 omnino
529 3089 723 3154 exstinctum
744 3091 849 3154 lumen
871 3088 1024 3164 rationis,
1042 3101 1073 3152 et
1089 3089 1223 3152 liberum
1245 3087 1417 3152 voluntatis
1434 3108 1482 3151 ar-

284 3199 415 3266 bitritum
438 3221 665 3286 suppressum,
687 3212 780 3286 atquc
803 3201 895 3286 plane
919 3198 1096 3264 suffocatus
1120 3197 1249 3283 quilibet
1264 3197 1340 3261 boni
1356 3209 1389 3260 et
1404 3197 1484 3261 recti

284 3332 395 3376 amor:
411 3330 476 3372 non
493 3322 602 3394 potest
618 3332 682 3372 non
699 3308 786 3383 lieri,
803 3322 836 3372 ut
854 3310 893 3372 de
910 3309 1017 3374 multis
1035 3329 1112 3372 sane
1129 3320 1280 3392 recteque
1291 3307 1484 3390 judicemus,

284 3433 380 3504 atque
407 3419 543 3484 scintilla
564 3419 617 3483 illa
637 3419 713 3483 boni
735 3431 768 3483 et
789 3417 941 3482 naturalis
967 3417 1118 3492 affectus,
1143 3415 1195 3502 qui
1219 3415 1313 3479 nohis
1335 3415 1437 3490 inest,
1452 3428 1484 3479 et

240 3536 245 3549 “
284 3532 397 3595 inesse
429 3530 537 3604 dehet,
561 3550 601 3593 ne
625 3528 783 3594 adfinem
809 3542 957 3594 nostrum
977 3549 1113 3613 prorsus
1135 3527 1219 3590 haud
1241 3525 1349 3589 idonei
1371 3525 1483 3598 simus,

284 3662 352 3704 non
368 3639 528 3703 interdum
543 3638 627 3701 inter
649 3637 815 3704 innumera
832 3637 907 3703 licet
922 3637 1007 3701 vitae
1023 3637 1098 3701 vitia
1115 3635 1245 3711 emicet,
1263 3648 1294 3699 et
1308 3656 1366 3720 per
1384 3634 1482 3699 actio·

284 3771 347 3816 nes
364 3750 517 3834 quasdam
534 3770 570 3813 se
587 3762 708 3813 exerat.

395 3861 536 3923 Possmrt
556 3859 662 3943 itaque
683 3858 829 3924 infideles
861 3871 955 3943 atque
977 3870 1169 3942 peccatores
1191 3868 1263 3920 aute
1286 3875 1377 3919 suam
1388 3852 1482 3938 justi-

282 3967 469 4035 ficationem
501 3989 600 4053 opera
629 3988 788 4054 peragere
821 3967 986 4031 moraliter
1010 3967 1161 4040 honesta,
1185 3977 1238 4028 aut
1254 3963 1322 4027 sine
1338 3962 1483 4026 interiori

282 4077 405 4167 gratie,
427 4077 456 4142 si
476 4090 550 4141 sunt
571 4076 689 4151 l'acilia,
715 4088 769 4140 aut
790 4099 862 4141 cum
884 4075 1003 4140 auxilio
1027 4073 1248 4160 superaddito,
1266 4072 1294 4137 si
1310 4084 1386 4137 sunt
1402 4070 1481 4135 diffi-

284 4188 415 4263 ciliora,
446 4200 539 4272 atque
569 4188 811 4273 haudquaquam
842 4208 955 4251 eorum
976 4184 1081 4250 omnia
1110 4204 1209 4269 opera
1230 4195 1304 4247 sunt
1334 4192 1481 4267 peccata;

283 4316 447 4383 nunquam
480 4309 599 4370 tamen,
632 4317 710 4381 quae
732 4296 770 4360 ab
792 4293 874 4382 ipsis
896 4293 977 4358 sumt
992 4295 1090 4369 hona,
1111 4291 1430 4380 praetergrediuntur
1447 4288 1481 4353 li·

397 4565 420 4644 ¹)
438 4563 483 4624 Cf·
499 4576 595 4648 Prop.
613 4575 663 4634 29.
680 4575 730 4632 40.
749 4575 798 4632 63.
821 4571 971 4642 Quesoelt.
984 4591 1075 4647 prop.
1092 4574 1142 4632 38.
1161 4572 1210 4632 39.
1227 4573 1278 4632 40.
1295 4573 1345 4630 41.
1362 4570 1412 4628 45.
1430 4569 1480 4628 48.

284 4658 338 4719 59·
357 4655 484 4717 Omittit·
500 4665 556 4724 l’ii
573 4665 626 4727 vt.
642 4666 800 4726 Auctorem
808 4663 896 4742 fidet
914 4699 954 4707 -
975 4666 1002 4748 ²)
1020 4663 1115 4726 Cone.
1149 4661 1317 4723 Trident.
1349 4681 1424 4720 sees.
1451 4667 1480 4722 6.

282 4751 401 4905 εὲιηὲὸἵ
418 4756 605 4912 -ἵὲοδεεε,
622 4759 671 4819 16.
690 4756 873 4823 Harduin.
895 4758 960 4820 Aci.
979 4756 1069 4818 eone.
1088 4751 1127 4823 T.
1144 4751 1175 4818 8.
1201 4776 1226 4823 c.
1243 4750 1320 4822 405.
1344 4753 1481 4838 Manui,
1524 4796 1525 4799 =

285 4843 326 4906 ι.
391 4862 441 4903 ἐ.
527 4893 534 4912 .
