3775 5625
1427 429 1491 499 tet

281 600 418 676 „iliter
447 597 611 686 praesumi
642 609 766 684 potest,
791 617 863 661 eum
884 596 917 661 in
937 597 1054 662 malum
1075 617 1310 663 consensurum
1341 617 1431 672 esem
1462 609 1497 664 et

277 718 390 784 Deras
421 708 624 776 solummodo
655 706 789 792 imputat
803 704 837 770 in
854 706 979 791 culpam
992 705 1040 781 id,
1061 708 1145 792 quod
1161 705 1273 793 aliquis
1289 726 1405 772 revera
1418 707 1496 784 vult,

277 843 365 892 urm
384 816 552 892 autemid,
572 818 657 903 quod
671 828 794 882 tantttm
815 816 920 880 vellet.
954 816 1038 896 Quot
1054 816 1155 890 enim,
1175 817 1260 881 bone
1274 816 1380 892 Dens,
1401 817 1496 883 nobis

279 929 437 1002 erimina
454 926 606 1013 imputari
625 937 776 1011 possent,
796 944 875 1011 quae
896 923 947 989 his
966 925 1018 989 vel
1034 923 1095 989 illis
1112 924 1339 991 occasionibus
1355 924 1497 1012 expositi

282 1037 578 1108 committeremus
588 1037 633 1118 ¹)l
663 1037 716 1100 Ex
738 1036 851 1100 eadem
873 1034 999 1100 ratione
1021 1047 1127 1100 autem
1148 1046 1181 1099 et
1196 1035 1298 1100 altera
1312 1033 1432 1120 positio
1448 1034 1496 1099 lo·

285 1170 376 1216 cum
391 1147 509 1214 tone
531 1165 596 1210 uon
619 1156 742 1230 potest,
765 1165 878 1210 omnes
900 1146 988 1210 Adae
1008 1157 1161 1229 posteros
1177 1163 1308 1210 eausam
1324 1157 1389 1209 tam
1404 1145 1498 1231 plene

288 1258 322 1324 ei
350 1255 589 1323 commissuros
610 1254 727 1329 fuisse,
749 1266 784 1317 ut
799 1274 839 1318 eo
855 1266 1009 1339 peccante
1026 1254 1148 1339 pariter
1163 1272 1302 1340 peccare
1317 1253 1448 1329 vellent,
1465 1265 1499 1319 et

292 1368 439 1434 salutem
459 1386 550 1432 suam
572 1365 612 1430 sl)
633 1366 705 1449 ejus
729 1363 892 1428 voluntate
917 1365 1126 1449 suspendere.
1155 1362 1304 1438 Accedit,
1325 1363 1420 1428 etiarn
1439 1382 1499 1449 per

294 1474 495 1541 sententiam
510 1476 634 1540 huncce
649 1486 817 1559 peccatum
834 1472 991 1561 originale
1006 1472 1040 1537 in
1055 1485 1223 1560 peccatum
1243 1473 1415 1559 personale
1430 1491 1498 1537 mu·

296 1584 381 1660 tari,
397 1584 482 1671 quod
497 1604 562 1648 nou
578 1595 668 1648 esset
688 1581 815 1670 origine
837 1603 951 1658 unum,
975 1594 1011 1646 ut
1041 1581 1155 1648 Conc.
1189 1581 1499 1661 Tridentinuw)

299 1693 415 1769 docet,
431 1694 490 1759 sed
505 1691 615 1778 potius
630 1690 804 1776 multiplex.

414 1801 552 1882 Quinta
567 1800 763 1867 sententia
780 1821 839 1866 seu
854 1800 1043 1886 hypothesis
1059 1812 1110 1865 est
1125 1800 1262 1876 illorum,
1278 1800 1331 1886 qui
1347 1810 1500 1875 statuunt,

299 1909 441 1977 arrimam
461 1931 578 1976 recens
595 1932 614 1975 a
629 1911 700 1975 Deo
717 1930 830 1995 puram
854 1923 996 1975 creatam
1011 1910 1044 1974 in
1061 1929 1199 1996 corpore
1220 1925 1382 1990 tamqnam
1396 1914 1432 1974 r'n
1446 1915 1498 1974 er·-

299 2023 387 2085 uoto
407 2042 503 2103 ease,
525 2031 561 2084 ut
580 2019 625 2085 ait
644 2019 942 2107 Augustinus⁸),
975 2026 1150 2099 corrumpi.
1190 2020 1280 2085 Hanc
1311 2018 1501 2085 seutentiam

299 2128 414 2197 multis
435 2141 635 2197 exornarunt
655 2128 867 2194 recentiores.
899 2128 1018 2194 Dicunt
1038 2127 1176 2204 scilicet,
1198 2148 1319 2214 corpus
1350 2140 1501 2214 protopa-

297 2250 433 2306 rentum
448 2259 507 2325 per
523 2260 614 2304 esum
630 2238 755 2303 fructus
770 2236 875 2313 vetiti,
892 2238 1005 2303 forsan
1025 2237 1188 2314 venenati,
1209 2236 1352 2303 vitianum
1365 2250 1400 2302 et
1415 2235 1501 2302 delri-

295 2340 429 2416 litatum
451 2369 541 2425 esse,
562 2348 647 2434 quod
668 2348 771 2413 debile
788 2360 820 2413 et
834 2346 980 2411 vitiatum
1001 2366 1128 2434 quoque
1148 2345 1277 2412 nonnisi
1291 2358 1501 2433 protoparen-

294 2461 350 2519 tes
374 2470 552 2545 peccantes
573 2456 724 2543 trajicere
756 2455 920 2542 potuerint
938 2455 971 2519 in
992 2468 1160 2548 posteros,
1181 2456 1318 2521 animam
1339 2468 1445 2521 autem
1461 2456 1502 2521 ol)

291 2554 452 2633 iutimum
468 2588 540 2632 cum
557 2586 696 2651 corpore
713 2565 913 2631 consortium
928 2565 1003 2630 inde
1017 2565 1129 2630 vitium
1145 2585 1239 2630 suum
1254 2565 1391 2629 ualuere.
1412 2563 1504 2631 Sicut

290 2670 407 2753 onim,
428 2676 551 2750 dicunt,
572 2675 679 2741 sillos
694 2674 727 2739 in
743 2676 817 2740 loco
837 2675 934 2739 foedo
952 2687 1094 2749 seratur,
1116 2672 1318 2759 quantumvis
1334 2685 1447 2739 namra
1462 2674 1505 2740 sit

287 2780 440 2857 rulcmr
461 2798 494 2852 et
513 2786 661 2874 elegans,
681 2783 792 2850 vitium
813 2784 972 2871 quoddam
996 2784 1069 2850 inde
1091 2785 1259 2872 labemque
1281 2783 1506 2860 contrutinet

286 2883 394 2962 sicut
413 2895 533 2971 anima,
554 2895 584 2961 si
605 2893 737 2979 corpori
759 2895 941 2969 vulnerato,
965 2896 1017 2959 vel
1037 2894 1173 2959 flammis
1190 2893 1389 2959 circumdato
1403 2906 1437 2960 et
1452 2915 1502 2960 ar·

287 2991 398 3071 denar·
414 3006 680 3092 conjungeretur,
703 3024 780 3068 mox
795 3003 934 3068 doleret:
956 3003 1000 3069 ita
1016 3025 1089 3069 cum
1108 3002 1284 3068 infunditur
1300 3004 1448 3090 corpori,
1470 3003 1504 3071 in

284 3117 367 3183 quo
390 3135 526 3203 germen
541 3125 594 3181 est
608 3114 767 3198 quoddam
781 3111 918 3197 peccati,
934 3112 1008 3198 quia
1022 3125 1235 3200 propagatum
1251 3125 1303 3178 est
1317 3114 1356 3179 ab
1369 3112 1504 3191 Adanuo,

282 3220 327 3275 0¹
345 3217 395 3289 fit
408 3244 485 3309 pars
507 3221 647 3289 hominis
664 3242 706 3288 ex
720 3222 844 3287 adamo
876 3220 1054 3307 progeniti,
1085 3220 1226 3286 inficitur
1256 3234 1403 3306 peccato.
1434 3220 1505 3288 Huc

280 3330 411 3413 ¹¹⁸que
431 3331 574 3399 nonnulli
595 3329 754 3418 'l'lreologi
765 3334 803 3410 ⁴).
827 3329 889 3396 nti
909 3329 1044 3395 ulterius
1066 3331 1170 3396 adhuc
1185 3330 1356 3418 progressi
1371 3342 1503 3396 conten·

280 3419 402 3517 dunt,
432 3453 600 3527 peceatum
631 3438 787 3527 originale
818 3437 999 3504 transfundi
1019 3460 1079 3525 per
1099 3438 1260 3505 libidinem
1277 3460 1337 3505 sen
1353 3439 1503 3526 concupi·

280 3546 467 3619 Scantiam
490 3549 635 3617 seminali
650 3547 854 3637 generationi
868 3547 1057 3613 naturaliter
1074 3549 1270 3633 adjunctam,
1286 3569 1345 3636 per
1362 3569 1398 3615 se
1415 3560 1448 3614 et
1462 3554 1505 3614 et

278 3653 423 3726 ”attare
442 3658 507 3733 rei,
526 3671 562 3723 nt
583 3658 663 3724 aliae
692 3679 866 3752 corporum
882 3670 915 3724 et
930 3657 1110 3723 animorum
1126 3657 1314 3725 affectiones
1331 3678 1350 3724 a
1365 3657 1504 3744 parenti·

277 3739 366 3826 ¹¹⁰⁸
386 3771 427 3835 ad
442 3768 563 3835 liberos
579 3768 854 3835 uarrsfnndnntur.
878 3768 980 3847 Quam
996 3767 1189 3832 sententiam
1203 3780 1280 3852 post
1299 3768 1505 3834 Lutherurn

278 3868 327 3923 ot
350 3871 559 3945 Calvinum
580 3876 686 3944 vivide
701 3876 799 3943 tuitus
815 3888 867 3941 est
882 3876 1141 3956 tanseniusv).
1158 3912 1201 3925 -
1217 3877 1253 3941 lu
1268 3878 1331 3942 lrac
1346 3875 1506 3943 sententia

277 3977 415 4052 *utem
446 3985 580 4074 intelligi
612 3985 738 4072 quidem
769 3998 893 4071 potest,
914 4006 977 4072 qua
997 3985 1122 4050 ratione
1143 3984 1303 4051 inficiatur
1323 4006 1458 4072 corpus,
1472 3997 1506 4051 et

277 4066 421 4165 f⁰Poau
443 4095 554 4171 etiam,
576 4096 737 4181 quomodo
759 4093 864 4160 anima
883 4094 1017 4181 physice
1048 4107 1288 4180 corrumpatur3
1313 4104 1506 4160 nouantem

277 4191 512 4294 ¹¹¹teltigim1·‚
533 4224 595 4289 qua
614 4203 740 4270 ratione
760 4202 864 4269 anima
886 4203 1051 4269 moraliter
1067 4202 1195 4269 vitietur
1212 4223 1271 4268 seu
1287 4204 1412 4290 culpam
1427 4222 1504 4270 coo·

272 4303 558 4353 χ--ι-υ

420 4405 443 4486 ¹)
460 4405 505 4469 of.
521 4408 570 4469 De
584 4405 749 4483 Amneni
762 4406 946 4487 praedestin.
964 4405 1008 4468 tit.
1027 4427 1051 4468 c.
1058 4409 1107 4468 12.
1124 4426 1154 4466 n.
1172 4408 1220 4466 24.
1239 4405 1278 4466 Τ.
1294 4402 1345 4468 10.
1363 4426 1388 4468 c.
1405 4399 1504 4468 805⁵.

279 4459 373 4548 Pro
386 4519 426 4578 sp
436 4518 490 4571 er,
507 4495 609 4573 Epist.
626 4500 668 4557 ad
682 4496 841 4575 Augustino.
858 4497 944 4560 Inter
958 4499 1040 4576 opp.
1053 4496 1245 4576 Augustin.
1262 4497 1333 4559 225.
1342 4516 1373 4558 n.
1383 4498 1412 4559 5.
1425 4496 1463 4559 T.
1471 4493 1504 4559 2.

279 4572 309 4619 ⁰·
331 4569 419 4651 822
437 4608 461 4650 s.
480 4587 506 4669 ¹)
522 4584 603 4649 Sese.
621 4588 651 4649 ὅ.
669 4588 762 4651 Decr.
780 4590 816 4648 de
830 4607 909 4667 pecc.
927 4587 1004 4665 erip.
1020 4590 1050 4649 3.
1065 4622 1104 4634 -
1124 4584 1150 4666 ³)
1170 4584 1234 4648 on.
1250 4586 1370 4650 Julian.
1377 4589 1396 4649 l.
1403 4588 1432 4649 5.
1441 4606 1465 4651 c.
1473 4589 1503 4650 4.

278 4661 314 4711 π·
338 4672 409 4739 17.
425 4678 463 4741 Τ.
482 4675 533 4740 10.
550 4674 662 4741 nott.
676 4677 756 4758 —⁴)
773 4674 818 4740 (il.
834 4676 958 4741 Natal.
975 4679 1080 4743 Alex.
1100 4676 1304 4756 Theoldopm.
1322 4686 1351 4738 et
1363 4676 1502 4741 rodald.

279 4738 397 4915 Zp}
412 4789 436 4832 ο.
449 4773 482 4925 ἔ.
495 4776 557 4925 pp.
575 4773 604 4833 1.
619 4784 649 4852 a.
668 4771 697 4833 9.
714 4769 791 4831 ven.
816 4765 912 4833 nm.
935 4771 974 4833 u.
991 4767 1022 4833 2.
1043 4788 1074 4849 p.
1093 4764 1168 4833 149.
1186 4800 1228 4818 .-
1246 4768 1272 4849 ⁸)
1289 4770 1338 4830 m
1352 4773 1421 4830 ant.
1439 4774 1503 4832 aar.

382 4900 394 4917 ι
409 4879 433 4925 0.
471 4909 479 4923 .
774 4890 777 4895 ·
