3775 5625
1514 411 1576 480 lat

355 575 496 652 iidan,
519 595 602 662 quoa
629 573 664 642 iu
687 572 971 659 protoparentibus
1003 573 1182 641 obtinuisse
1214 595 1312 660 supra
1343 574 1495 651 vidimus,
1531 575 1577 642 ni·

352 685 516 752 mium:

495 795 522 860 1.
537 792 693 860 Animae
710 813 815 860 mors
830 791 1071 877 spiritualis,
1087 813 1129 858 ex
1145 814 1208 879 qua
1217 794 1424 879 consequitur
1441 793 1577 879 privatio

345 901 591 970 beatitudinis
622 901 773 968 coelestis
790 923 849 968 seu
863 901 999 968 visionis
1019 901 1081 967 Dei
1100 901 1263 967 intuitivae
1284 915 1360 987 post
1374 902 1470 968 vitam
1484 904 1576 970 banc.

345 1012 465 1077 Nam
479 1033 555 1078 cam
569 1010 635 1077 vita
650 1010 824 1096 spiritualis
846 1010 970 1075 animae
992 1010 1024 1074 in
1045 1022 1132 1075 statu
1142 1010 1287 1095 justitiae
1303 1024 1396 1097 atque
1419 1011 1577 1080 amicitiae

344 1143 458 1186 eum
471 1121 543 1186 Deo
559 1118 728 1196 consistat,
744 1133 777 1185 et
792 1119 928 1206 privatin
947 1119 1030 1184 vitae
1041 1118 1215 1204 spiritualis
1227 1142 1317 1186 mors
1334 1120 1377 1186 sit
1387 1120 1576 1206 spiritualis:

344 1242 477 1316 atque
498 1251 595 1316 qurum
620 1241 788 1315 peccatum
809 1228 982 1316 originale,
1011 1241 1044 1292 ut
1071 1228 1335 1303 monstravimus,
1363 1242 1417 1294 aut
1443 1229 1475 1294 in
1506 1229 1578 1315 ipsa

346 1337 560 1424 privatione
575 1337 721 1426 justitiae
742 1337 909 1426 originalis
930 1336 973 1402 sit
1000 1337 1192 1422 repositum,
1216 1351 1271 1403 aut
1293 1339 1405 1404 saltem
1429 1361 1502 1404 curn
1523 1338 1576 1404 illa

347 1447 571 1514 necessario
588 1448 809 1533 conjunctum:
832 1445 965 1512 evidens
981 1459 1047 1521 est,
1071 1467 1184 1513 omnes
1205 1447 1292 1513 Adae
1308 1460 1461 1533 posteros
1479 1448 1576 1514 morti

351 1554 506 1622 mimae
521 1577 580 1622 acu
595 1556 692 1622 morti
708 1555 865 1642 spirituali
880 1555 1005 1640 subjici.
1035 1554 1149 1619 Mortis
1165 1555 1340 1640 spiritualis
1360 1578 1440 1622 vero
1461 1578 1574 1622 conse·

356 1664 519 1732 etardum
539 1686 615 1732 esee
633 1664 848 1751 privationem
867 1664 1073 1731 beatitudinis
1094 1664 1262 1740 coelestis,
1285 1665 1358 1731 inde
1381 1667 1466 1733 clare
1487 1665 1574 1732 colli·

363 1773 483 1862 giten,
513 1774 586 1862 quia
608 1795 674 1840 uon
693 1787 815 1840 tantum
835 1774 1047 1859 Apostolus
1073 1775 1184 1848 docet,
1209 1774 1390 1860 quod-noa
1409 1781 1578 1842 intrabit

368 1888 627 1950 draconetus
648 1890 857 1956 cieiteteaa
885 1890 1056 1964 aliquod
1076 1886 1427 1964 coinquinatam¹),
1464 1886 1523 1950 sed
1544 1898 1576 1950 et

377 1991 563 2060 Christus
578 2013 738 2079 expresse
750 1991 855 2067 tradit,
866 2004 998 2078 propter
1009 2004 1177 2077 peccatum
1190 1991 1356 2079 originale,
1365 1999 1431 2057 nisi
1441 2000 1514 2074 pata
1523 2015 1573 2058 re-

383 2106 607 2185 nataafaerit,
622 2108 664 2168 ia
678 2122 841 2183 requam
852 2105 925 2165 Dei
939 2121 998 2166 seu
1011 2108 1136 2166 eitam
1149 2115 1353 2166 aeternam
1368 2124 1444 2167 aea
1457 2125 1576 2183 potae

388 2212 614 2291 introirffl),
634 2223 668 2277 at
692 2211 835 2277 Paulus
860 2210 987 2285 scribit,
1011 2231 1124 2277 omues
1151 2223 1326 2296 propterea
1352 2232 1426 2278 ease
1447 2216 1575 2290 fittoa

394 2319 519 2401 irael),
546 2341 695 2386 necnon
724 2320 937 2388 Concilium
968 2320 1238 2386 Tridentinum
1261 2319 1388 2396 delinit,
1409 2334 1575 2402 peecatum

398 2432 586 2508 ortqteate
600 2436 929 2511 regenerationis
954 2438 1120 2495 taeecro
1136 2451 1298 2494 necesse
1313 2452 1398 2496 eoae
1412 2436 1579 2512 expiari

398 2539 435 2596 u
445 2545 561 2606 eitam
576 2552 776 2605 aeternam
792 2547 1105 2620 consequendam
1116 2545 1157 2610 ⁴).

487 2648 519 2715 2.
534 2649 779 2716 Facultatum
795 2648 944 2714 animae
961 2647 1184 2713 debilitatio
1201 2668 1244 2714 ac
1261 2648 1487 2735 corruptio,
1504 2671 1579 2716 cum

390 2761 484 2825 ²¹(teta
499 2757 657 2845 spirituali
672 2758 859 2825 neccssaria
875 2758 1055 2843 conjuncta.
1074 2758 1160 2836 Quae
1177 2770 1306 2825 constat

488 2892 520 2936 e.
536 2868 572 2933 lu
592 2868 828 2935 infirmitate
848 2867 1079 2933 intellectus
1101 2869 1141 2933 ad
1156 2868 1316 2933 sinceram
1334 2889 1372 2934 ac
1388 2881 1573 2936 certamco·

377 2967 560 3045 esiconem
573 2976 667 3043 nobis
684 2976 942 3045 necessariarum
952 2976 1122 3043 veritatum
1133 2979 1171 3042 de
1185 2976 1367 3052 Deo,nobis
1382 2977 1575 3065 reliquisque

373 3085 534 3155 teatinus
550 3084 679 3162 divinis,
696 3099 790 3173 atque
808 3085 988 3153 officiorum
1004 3099 1191 3151 nostrorum
1208 3087 1465 3172 comparandam,
1481 3107 1575 3173 quara

369 3196 481 3275 ⁸fllara
500 3195 748 3282 descripsimus,
771 3209 804 3263 et
827 3198 919 3283 cnjus
944 3196 1079 3262 totidem
1098 3209 1200 3262 testes
1217 3209 1292 3263 sunt
1313 3218 1427 3263 crassa
1446 3197 1577 3263 idolola-

368 3290 465 3370 ἧκε
493 3318 656 3380 monstra,
681 3306 777 3371 dubia
796 3318 829 3372 et
860 3305 1110 3391 disceptationes
1132 3307 1411 3391 pbilosophorum,
1432 3327 1492 3372 nec
1514 3327 1579 3373 uon

367 3394 459 3483 lita
470 3414 653 3490 difficarltas,
678 3435 771 3500 quarn
785 3414 923 3481 retentio
940 3414 1110 3480 veritatum
1129 3415 1343 3481 revelatorum
1359 3426 1463 3490 creet,
1487 3426 1521 3480 et
1537 3415 1579 3481 ob

369 3528 479 3592 (tuam
492 3537 558 3590 tum
578 3544 675 3610 saepe
697 3523 810 3588 Judaei
836 3544 855 3587 a
874 3544 952 3588 vera
966 3523 1028 3589 fide
1045 3536 1252 3590 recesserunt
1271 3523 1304 3588 in
1320 3522 1578 3610 polytbeismum

370 3629 479 3713 'tque
492 3633 577 3699 iuter
592 3632 794 3701 Christianos
815 3633 929 3719 quovis
951 3633 1017 3699 lere
1039 3635 1169 3703 saeculo
1191 3647 1256 3700 tam
1271 3633 1359 3699 multi
1375 3631 1407 3697 in
1429 3631 1578 3698 haeresin

373 3724 471 3817 blasi
484 3756 559 3809 sumt
567 3748 606 3824 ⁵).

494 3856 524 3919 l.
538 3853 582 3918 ln
597 3851 837 3917 infirmitate
851 3850 1094 3927 voluntatis,
1104 3873 1165 3938 pro
1182 3873 1244 3939 qua
1259 3851 1388 3919 nonnisi
1405 3871 1478 3919 cum
1494 3847 1573 3919 diffi-

376 3951 503 4027 tulate
518 3961 597 4027 vitia
616 3981 807 4047 superamus
828 3982 868 4027 ac
883 3959 1018 4029 virtutes
1034 3981 1235 4036 exercemus,
1250 3960 1327 4029 licet
1342 3959 1444 4028 virtus
1460 3979 1573 4030 secuu-

376 4050 462 4130 ‘lmn
477 4083 638 4147 naturam,
658 4083 692 4136 et
712 4069 824 4137 vitium
847 4083 960 4137 contra
981 4083 1126 4136 naturam
1141 4071 1198 4147 sit,
1213 4092 1314 4155 porro
1330 4069 1363 4135 in
1379 4069 1467 4135 veris
1483 4069 1579 4138 bouis

374 4200 607 4241 M

497 4292 526 4369 ¹)
540 4291 672 4373 Apocel.
689 4289 742 4366 21,
758 4289 813 4357 27.
830 4326 871 4339 -—
890 4295 917 4371 ²)
934 4291 1026 4356 Joan.
1043 4288 1074 4366 3,
1090 4287 1121 4352 5.
1139 4288 1171 4355 6.
1188 4291 1247 4355 col.
1261 4287 1302 4353 15
1318 4310 1343 4350 s.
1362 4324 1403 4337 -·
1421 4294 1450 4369 ³)
1467 4290 1579 4370 Ephes.

370 4349 404 4481 ⁸2,
422 4367 470 4447 3.
486 4382 531 4445 of.
548 4383 646 4445 Rom.
668 4379 699 4458 ὃ,
719 4380 770 4445 16.
795 4380 845 4445 18.
863 4419 907 4429 -
924 4384 951 4465 ⁴)
971 4383 1053 4447 teas.
1070 4385 1099 4446 5.
1120 4383 1212 4445 Dect.
1233 4385 1270 4442 de
1289 4401 1368 4458 pecc.
1390 4381 1466 4461 orie.
1491 4384 1520 4443 4.
1536 4414 1580 4426 -

383 4446 455 4525 >T
465 4476 577 4537 atiau.
591 4474 677 4535 cont.
688 4473 832 4536 Graece
840 4477 889 4536 13.
898 4477 947 4536 14.
960 4471 1072 4553 Opp.J
1077 4474 1187 4539 nstin.
1195 4494 1224 4554 p.
1233 4469 1331 4534 2692.
1346 4473 1480 4534 Macar.
1489 4474 1578 4535 Hom.

368 4534 426 4608 2³·
451 4582 488 4627 a.
505 4570 534 4627 2.
549 4566 589 4627 111
605 4564 775 4629 Galland.
800 4565 881 4626 etot.
897 4567 965 4627 PP.
982 4565 1021 4625 u.
1039 4560 1068 4627 t.
1084 4585 1114 4644 p.
1132 4561 1186 4628 89.
1202 4567 1252 4624 ne
1268 4563 1363 4625 libert.
1378 4571 1466 4625 aaut.
1482 4584 1512 4624 n.
1529 4567 1579 4625 21.

368 4638 400 4700 p·
421 4638 795 4735 2lt.'augustin.1>e
812 4654 942 4717 linaro.
960 4657 1026 4718 13.
1044 4675 1068 4717 c.
1090 4658 1138 4715 18.
1154 4675 1185 4718 a.
1206 4657 1255 4717 52.
1277 4653 1355 4716 Sunt
1373 4673 1478 4713 revere
1498 4654 1580 4715 omni

368 4730 512 4809 “stimat
524 4744 663 4823 peccanti
678 4750 738 4809 dae
753 4746 815 4807 ista
825 4746 984 4821 poenalia,
1008 4745 1183 4821 decorantia
1198 4750 1227 4805 et
1240 4744 1417 4822 difficultas.
1442 4745 1480 4806 T.
1504 4744 1531 4807 l.
1553 4764 1579 4805 c.

374 4799 472 4897 ΒῙῖΙ.
488 4836 639 4918 Gregor.
654 4839 697 4900 Μ.
713 4841 754 4898 In
769 4839 838 4899 Jot.
855 4839 874 4898 l.
891 4840 920 4901 ὃ.
937 4858 962 4900 c.
978 4840 1028 4899 34.
1044 4858 1074 4898 a.
1092 4839 1141 4897 61.
1158 4835 1237 4918 Opp.
1254 4837 1292 4897 Τ.
1311 4833 1340 4899 1.
1356 4856 1381 4898 o.
1400 4831 1473 4900 166.
