3775 5625
346 382 411 449 248

345 553 533 612 voluntatem
551 559 582 608 et
598 548 818 625 operationem,
835 565 928 624 porro
947 547 1166 607 humanitatem
1182 546 1213 605 in
1231 566 1265 605 se
1283 566 1385 624 acper
1396 549 1534 609 sebeon

350 679 432 730 esse,
445 660 533 737 cique
550 659 581 717 in
598 678 633 717 se
650 659 764 718 cultum
782 658 915 716 divinum
933 658 1050 727 deberi,
1068 667 1099 716 et
1115 656 1254 717 vicissim
1272 657 1447 718 divinitatis
1463 658 1492 718 in
1507 679 1536 717 rc

351 770 503 830 attributa
520 768 649 828 humana
667 786 738 826 esse
754 768 889 844 propria,
906 768 1024 828 docere
1035 768 1174 827 debebat.

440 881 485 939 dd
503 877 801 952 erroremblutyrbis
818 879 905 944 Mon
918 876 981 935 oth
992 896 1008 935 e
1020 878 1053 935 le
1064 888 1077 935 t
1089 896 1128 935 ao
1144 876 1342 957 inclinarunt,
1353 878 1406 954 qui
1422 895 1538 936 assere·

346 990 429 1060 bant,
445 988 475 1047 in
486 988 611 1048 Christo
624 1006 694 1045 csse
712 986 832 1044 nonnisi
850 1004 939 1045 unam
956 987 1146 1045 voluntatem
1164 995 1196 1045 et
1211 1003 1302 1044 unam
1315 986 1540 1063 operationem

348 1117 404 1158 neo
422 1117 480 1156 non
498 1108 606 1174 postea
621 1098 671 1155 Ln
683 1095 824 1163 therus,
843 1096 894 1171 qui
910 1096 1022 1167 docuit,
1044 1095 1236 1155 divinitatem
1257 1115 1326 1156 cum
1345 1097 1539 1170 ‚humanitate

349 1208 379 1267 in
389 1227 423 1265 se
434 1216 584 1284 spectata,
595 1205 636 1276 roi
654 1189 789 1285 (inguen
800 1205 1011 1264 essentialiter
1022 1204 1170 1263 attributa
1179 1224 1245 1274 sua,
1257 1205 1440 1265 nominatim
1451 1207 1540 1266 omni·

350 1317 510 1377 scientiam
530 1314 865 1392 et'omnipraesentiam
888 1315 919 1372 in
943 1324 1025 1374 statu
1052 1315 1249 1375 exaltationis
1267 1315 1543 1392 communicare-¹).

458 1425 667 1501 lllipandus
683 1444 757 1483 vero
772 1424 1022 1502 Urgelitanus
1040 1433 1071 1482 et
1088 1424 1190 1483 Felix
1209 1426 1422 1484 Toletanus
1439 1426 1542 1485 adlla-

349 1535 580 1595 storianismnrn
604 1534 802 1602 accedebant,
828 1534 1060 1601 contendentes,
1086 1533 1244 1594 Christum
1265 1543 1300 1593 ut
1315 1534 1471 1593 bominem
1488 1553 1542 1593 non

349 1664 419 1704 esse
443 1644 600 1721 proprium
626 1652 656 1701 et
678 1644 846 1702 naturalem
864 1643 923 1702 Dei
939 1643 1064 1723 Filium,
1086 1645 1140 1702 sed
1158 1643 1331 1720 adoptivum
1349 1644 1500 1703 duntaxat
1514 1652 1544 1704 et

349 1754 567 1832 pergratiam.

457 1864 503 1923 nd
517 1863 798 1922 Nestorianismum
817 1871 917 1921 antem
934 1881 993 1921 non
1012 1863 1157 1933 accessit,
1174 1862 1229 1920 sed
1245 1860 1330 1920 illum
1348 1879 1544 1938 prorsusne·

350 1972 560 2032 suscitaverat
577 1972 684 2032 schola
701 1990 822 2043 recens,
847 1989 924 2047 quae
947 1981 1060 2040 tamen,
1085 1981 1117 2029 ut
1136 1971 1202 2046 jam
1228 1972 1544 2030 commemoravimus·

350 2081 522 2142 sentcntiae
539 2080 715 2156 pontificiae
734 2099 768 2137 se
785 2080 980 2139 laudabiliter
998 2079 1140 2154 subjecit.
1166 2080 1324 2138 Tradebat
1341 2080 1423 2139 onim
1440 2080 1544 2142 sebo!

350 2191 438 2272 haec,
456 2199 582 2266 propter
600 2190 741 2249 unionem
759 2190 981 2265 hypostaticam
999 2191 1036 2248 ab
1053 2188 1198 2249 Ecclesia
1215 2189 1381 2260 delinitam,
1399 2207 1460 2248 non
1478 2208 1544 2248 cs!

350 2289 573 2366 necessarium,
592 2306 624 2357 ut
641 2307 751 2356 natura
768 2298 898 2356 bumana
914 2298 1041 2375 propria
1058 2317 1208 2374 persona,
1232 2297 1252 2359 i.
1270 2319 1297 2357 e.
1314 2310 1348 2358 ut
1372 2299 1489 2360 clarius
1504 2300 1543 2357 l-

352 2427 499 2485 quamur,
517 2407 738 2484 personalitate
756 2417 903 2477 exuatnr3
922 2427 1011 2484 quum
1030 2408 1196 2468 damnando
1214 2407 1386 2470 doctrinam
1409 2411 1544 2469 Nesto·

353 2516 501 2578 Ecclesia
517 2516 639 2576 nonnisi
655 2518 840 2575 sententiam
858 2517 1017 2591 rejecerit,
1040 2536 1116 2595 quae
1141 2519 1215 2578 duas
1239 2518 1415 2578 inebriato
1439 2537 1518 2596 pers

354 2646 410 2687 nas
427 2626 570 2704 primitus
587 2635 766 2705 separatas,
791 2636 823 2686 et
846 2628 916 2687 hinc
941 2628 1033 2687 etiam
1050 2629 1172 2687 nonnisi
1188 2628 1406 2706 separabiliter
1423 2628 1544 2704 conju

352 2745 419 2797 otas
439 2736 582 2796 defendat
591 2740 622 2808 ²)
629 2758 638 2805 ;
663 2735 752 2812 idque
770 2736 923 2794 eominus
943 2736 1013 2794 lieri
1028 2755 1133 2815 posse,
1151 2737 1222 2816 qnia
1245 2756 1380 2816 persona
1405 2734 1544 2818 (φετῘΕ

351 2845 506 2924 lirbltit),
531 2865 608 2924 quae
641 2856 763 2906 constet
784 2846 832 2906 sui
869 2846 1060 2906 conscientia
1098 2845 1415 2927 (Qtlbdbttoudtleiu)
1450 2858 1483 2908 ct
1504 2867 1544 2906 ε

351 2957 450 3033 ipsius
465 2956 726 3017 ,determina-tione
752 2954 1088 3036 (Qelbltbtttimtnuug),
1106 2958 1141 3016 ad
1160 2959 1327 3018 essentiam
1345 2968 1478 3019 naturae
1494 2959 1544 3017 l·

352 3084 460 3125 manae
481 3066 644 3146 pertineat,
665 3066 731 3124 sine
755 3085 814 3143 qua
834 3066 941 3142 itaque
961 3077 1069 3126 natura
1094 3067 1224 3126 humana
1240 3069 1270 3126 in
1289 3068 1416 3127 Christo
1434 3068 1544 3148 impe

352 3178 435 3238 fecta
449 3176 581 3247 ‚fuisset
604 3176 664 3234 imo
686 3195 722 3234 ne
747 3176 862 3234 mereri
879 3177 998 3253 quidem
1016 3177 1222 3252 potuisset³).
1270 3177 1467 3255 Quapropter
1483 3189 1544 3238 tt

352 3288 442 3347 debat
459 3304 587 3363 quoque,
605 3286 695 3344 alium
714 3303 784 3343 esse
802 3286 830 3342 in
850 3284 974 3344 Christo
999 3288 1107 3345 Filium
1132 3287 1191 3346 Dei
1215 3297 1247 3347 et
1263 3288 1354 3346 alium
1380 3288 1477 3348 filium
1493 3288 1544 3347 h

352 3397 442 3457 minis
467 3415 523 3455 seu
547 3396 640 3455 lilium
659 3394 813 3474 Virginis,
839 3404 928 3472 atque
947 3396 1189 3470 conjunctionem
1208 3398 1369 3474 utriusque
1393 3416 1465 3456 esse
1483 3414 1544 3476 ‘1¹

353 3508 421 3567 dens
438 3505 714 3581 veranrunioneru,
733 3523 859 3581 eamque
877 3505 1068 3565 substantiae
1087 3506 1208 3565 divinae
1234 3516 1265 3564 ct
1281 3508 1476 3567 substantiae
1492 3507 1544 3565 h

358 3634 476 3685 manae,
495 3633 571 3693 crgo
589 3615 833 3695 substantialem,
851 3624 985 3674 attamen
1003 3635 1060 3674 non
1079 3635 1149 3674 esse
1165 3616 1323 3692 physicam
1346 3635 1402 3675 seu
1420 3618 1537 3679 reale

360 3725 414 3783 sed
430 3732 547 3782 tantum
566 3723 724 3781 relativam
742 3741 798 3780 seu
815 3723 985 3792 sorrnalem,
1004 3725 1046 3783 ita
1064 3735 1096 3783 ut
1112 3728 1218 3805 lrogos
1241 3745 1296 3784 sou
1314 3726 1410 3784 Filius
1428 3726 1513 3796 Dei,

354 3833 434 3890 tilius
452 3812 595 3910 Virginis
614 3851 669 3890 seu
685 3833 767 3891 iilius
784 3832 924 3906 hominis,
935 3853 1067 3910 persona
1087 3835 1188 3894 divina
1204 3845 1236 3894 et
1251 3855 1385 3912 persona
1402 3835 1544 3895 huma!

356 3943 385 4001 in
404 3942 474 4014 alia,
485 3942 589 4009 tertia,
607 3961 741 4017 persona
757 3942 879 4002 scilicet
896 3944 1027 4001 relativa
1044 3943 1369 4023 (dicistiondzdietfon)
1387 3946 1544 4004 uniant!

355 4030 437 4110 iilius
450 4052 592 4125 ‘hominis
614 4052 758 4129 proprius
780 4053 848 4110 titii
864 4054 925 4110 Dei
950 4054 1001 4125 sit,
1026 4054 1165 4129 huncque
1182 4055 1231 4112 sui
1251 4056 1407 4131 proprium
1425 4055 1544 4114 babo

448 4285 473 4364 ¹)
491 4285 535 4347 cf.
553 4289 656 4348 Foras.
689 4290 828 4348 concord.
847 4307 881 4362 p.
899 4292 926 4348 2.
945 4308 969 4348 o.
986 4292 1016 4349 8.
1034 4310 1063 4348 o.
1095 4290 1229 4349 76-88.
1253 4291 1318 4350 LL.
1342 4291 1436 4367 symb.
1463 4287 1544 4351 15⁴

353 4380 441 4438 Loth.
466 4377 502 4438 L.
531 4375 627 4440 1847.
659 4379 694 4439 P.
718 4376 748 4439 3.
766 4399 795 4457 p.
813 4375 879 4439 204
905 4399 945 4439 ss.
978 4415 1021 4423 -
1054 4377 1279 4458 ²)(ddotber,
1311 4381 1472 4461 &tortoris
1528 4391 1544 4447 a'

353 4468 457 4546 coetu.
475 4467 644 4550 sosarmo.
663 4469 714 4534 oo.
735 4466 830 4531 1848.
848 4467 878 4529 2.
891 4467 932 4533 s.
943 4491 973 4548 p.
986 4467 1062 4530 291.
1080 4470 1147 4530 0011.
1166 4468 1354 4533 ren-261.
1371 4470 1485 4536 otest
1510 4460 1544 4541 a

354 4561 413 4624 Die
440 4557 494 4636 abt.
520 4558 795 4640 &clientulorum
818 4557 869 4623 us.
894 4557 990 4622 1852.
1012 4582 1041 4640 p.
1076 4558 1141 4623 162
1173 4583 1197 4622 s.
1214 4561 1367 4644 {Balteo
1392 4562 1435 4627 tt.
1458 4561 1543 4640 tte

354 4650 472 4728 §bristo
490 4647 520 4710 2.
539 4648 613 4712 Qec.
630 4672 660 4730 p.
680 4647 740 4711 151
761 4671 800 4710 ss.
818 4686 858 4694 —
879 4644 905 4733 ³)
924 4649 1110 4732 diutior,
1128 4652 1244 4731 ffiorlrb.
1271 4651 1302 4718 2.
1319 4652 1361 4716 u.
1383 4676 1413 4734 p.
1437 4643 1533 4716 260

355 4740 532 4818 steros,
557 4736 765 4820 0.n.p.163.
798 4740 950 4817 aaron,
969 4740 1085 4822 osnes.
1114 4760 1143 4808 ιι.
1169 4743 1263 4808 orem.
1296 4741 1327 4807 r.
1349 4743 1391 4809 s.
1408 4766 1438 4825 p.
1466 4726 1544 4808 27·

355 4828 420 4896 276
437 4853 462 4890 s.
480 4828 545 4896 286
562 4852 586 4896 s.
604 4829 761 4915 balcet,
780 4851 807 4894 o.
824 4852 849 4894 c.
866 4852 896 4912 p.
910 4829 972 4895 157
987 4853 1011 4896 s.
