3775 5625
268 417 418 485 =348

455 589 588 646 Adnot.
612 588 781 646 Distinctio
806 585 999 648 obedientiae
1017 587 1138 647 activae
1155 596 1186 645 et
1201 586 1348 663 passivae
1363 588 1399 645 in
1418 587 1542 646 cbristo
1582 633 1585 639 .

350 700 380 758 in
398 697 543 759 Ecclesia
560 706 591 755 et
607 698 699 755 etiam
715 698 746 755 in
762 698 831 773 ipsa
851 698 976 756 haeresi
993 716 1089 773 usque
1109 698 1145 754 ad
1162 698 1321 755 saeculum
1337 698 1427 755 xvi.
1460 715 1545 773 pror·

282 838 286 844 ·
349 827 403 867 sus
419 807 554 866 inaudita
570 816 646 865 erat.
672 808 740 867 Hoc
758 807 877 865 demum
902 807 1026 867 saeculo
1044 807 1125 864 inter
1143 805 1347 865 obedientiam
1364 806 1503 867 activam
1518 817 1547 866 et

348 919 503 995 passivam
529 918 746 975 Protestantes
779 917 973 995 distinguere
1006 926 1189 993 coeperunt,
1214 934 1270 975 suo
1303 927 1479 992 systemate
1511 919 1546 976 de

342 1028 567 1103 justificatione
584 1027 621 1085 ad
637 1027 667 1084 id
684 1028 832 1102 propulsi.
864 1029 940 1085 Nam
966 1046 1056 1104 quum
1089 1027 1324 1085 Reformatores
1357 1036 1546 1097 statuerent,

342 1137 496 1213 justitiam
512 1154 572 1194 nou
589 1154 660 1193 esse
678 1135 738 1193 nisi
764 1136 918 1209 justitiam
936 1136 1056 1196 (ibristi
1086 1136 1280 1212 imputatam:
1305 1137 1348 1195 nil
1366 1146 1453 1218 erat,
1471 1137 1547 1213 quod

348 1246 483 1314 facilius,
493 1246 554 1303 imo
572 1244 674 1323 magis
690 1245 870 1304 necessarie
887 1246 987 1304 animo
1004 1245 1198 1319 injiceretur,
1215 1264 1304 1323 quam
1321 1246 1489 1325 cogitatio,
1499 1246 1546 1321 ju·

348 1355 482 1423 stitiam,
499 1354 520 1417 i.
539 1372 565 1411 e.
584 1353 788 1412 obedientiam
821 1354 954 1413 activam
980 1353 1098 1413 Christi
1122 1372 1193 1411 esse
1225 1355 1386 1431 propriam
1420 1373 1546 1415 causam

348 1463 549 1523 redemtionis
566 1472 693 1521 nostrae
710 1482 766 1539 per
782 1464 892 1540 ipsum.
917 1464 1002 1521 Unde
1019 1464 1125 1537 etjam
1144 1463 1330 1523 Calvinus
1362 1464 1435 1539 ipse
1471 1466 1546 1526 acri·

348 1574 407 1633 bit:
435 1571 500 1633 Ubi
515 1576 698 1649 quaeritur,
718 1579 876 1650 puomodo
893 1576 1025 1633 abolitis
1037 1576 1180 1651 peccatis
1201 1575 1372 1633 dissidium
1392 1571 1547 1634 &brisim

348 1686 434 1743 iuter
448 1701 509 1743 uos
523 1694 557 1743 et
570 1681 676 1742 Deum
700 1684 883 1762 sustulerit,
912 1701 995 1760 puae
1010 1686 1192 1743 nobiseum
1210 1683 1377 1755 foventem
1393 1701 1436 1742 ac
1452 1687 1546 1743 bene·
1587 1659 1590 1754 l

348 1797 458 1852 colum
475 1797 639 1851 redderet:
670 1796 868 1868 pastoraliter
899 1794 1089 1868 respoaderi
1102 1799 1220 1871 potest,
1246 1794 1546 1853 totoobediea-
1587 1765 1590 1900 Ι

349 1905 379 1962 ti
386 1920 429 1960 oe
453 1920 521 1962 suo
546 1920 667 1962 cursu
691 1903 752 1961 boc
775 1905 869 1962 roobia
888 1904 1102 1979 praestitisse.
1130 1899 1227 1974 Quod
1239 1901 1344 1962 Pauli
1362 1904 1546 1963 testimonio

346 2015 523 2089 probatur:
558 2009 830 2084 Quemadmodum
853 2015 953 2072 uaius
977 2014 1239 2089 traaspressione
1258 2021 1456 2088 peccatores
1471 2030 1546 2073 cora
1587 1969 1590 2080 l

350 2123 456 2182 stituti
480 2129 557 2181 sunt
578 2124 687 2180 multi:
721 2124 915 2182 sicanios
939 2124 1174 2181 obedientia
1188 2122 1300 2197 justi
1323 2124 1546 2181 constitui·
1588 2119 1590 2178 ἰ

348 2228 485 2307 mur¹).
517 2230 610 2289 Addit
634 2239 735 2288 tamen
761 2231 873 2291 adbuc:
906 2210 997 2290 Haec
1018 2238 1134 2289 nostru
1152 2232 1313 2289 absolutio
1330 2238 1393 2306 est,
1413 2233 1548 2307 quodie
1588 2237 1590 2322 ζ

349 2349 448 2415 caput
476 2339 560 2399 Filii
590 2337 654 2398 Dei
685 2344 867 2401 translatus
897 2350 948 2401 est
976 2350 1100 2417 reatus,
1133 2341 1190 2416 pui
1204 2356 1266 2399 uos
1281 2342 1415 2400 tenebat
1426 2358 1548 2417 poenae

349 2467 423 2507 reos
436 2446 473 2521 ²).
506 2449 539 2506 ld
564 2448 663 2523 ipsum
688 2449 796 2508 babet:
824 2447 1001 2521 Confessio
1018 2446 1188 2508 Heluetico
1199 2450 1366 2524 posterior
1377 2452 1432 2521 ⁸),
1458 2468 1548 2525 porro

349 2556 511 2618 Formula
527 2574 703 2616 consensus
719 2557 888 2619 Heluetico
898 2564 947 2641 ⁴),
971 2558 1105 2617 omnium
1130 2568 1231 2617 autem
1254 2556 1437 2618 clarissime
1460 2578 1548 2636 expo·

348 2666 394 2725 nit
416 2664 578 2725 Formula
594 2669 799 2745 concordiae,
817 2668 848 2725 in
866 2687 924 2745 qua
939 2668 1018 2728 baec
1042 2668 1205 2749 leguntur:
1237 2664 1404 2727 Docemus
1421 2677 1458 2730 et
1471 2687 1549 2729 cors·

345 2776 476 2850 litamur
490 2777 703 2855 unanimiter,
721 2781 808 2853 puod
825 2775 981 2839 Obristus
997 2795 1075 2838 aere
1089 2779 1135 2838 sit
1146 2784 1261 2837 nostra
1267 2777 1425 2858 justitia,
1437 2813 1486 2824 -
1501 2787 1550 2840 to·

348 2896 401 2947 tus
428 2884 581 2946 Obristus
604 2891 779 2946 secundum
801 2896 974 2964 utromque
1005 2895 1170 2963 maturum,
1203 2889 1245 2945 irs
1275 2890 1364 2946 solu
1400 2891 1551 2950 viiielicet

348 2999 577 3057 obedientia
600 3014 675 3074 suu,
701 3015 796 3073 paam
819 2997 918 3058 Patri
933 3002 977 3056 ad
991 3007 1125 3057 mortem
1146 3014 1248 3073 uspue
1269 2998 1549 3060 absolutissimos

346 3107 438 3167 Deus
453 3116 485 3167 et
499 3107 593 3165 bomo
607 3109 785 3185 praestitit,
810 3124 911 3183 capus
927 3109 1021 3166 nobis
1041 3116 1248 3182 peccatorum
1265 3108 1416 3167 ommium
1432 3112 1548 3170 remis·

347 3220 469 3277 sionem
485 3226 518 3277 et
531 3219 631 3276 eitam
648 3225 815 3275 aetermam
834 3219 1019 3291 promeruit
1030 3220 1071 3287 ⁵).
1088 3217 1168 3273 Dum
1193 3234 1271 3293 ergo
1297 3215 1457 3276 Calvinus
1482 3220 1547 3278 obc-

347 3328 490 3386 dientiem
508 3326 640 3385 activam
666 3334 820 3401 tamquam
836 3327 1036 3403 praecipuum
1061 3334 1245 3384 momentum
1270 3326 1483 3387 redemtionis
1499 3346 1547 3406 per

348 3438 505 3496 Christum
538 3434 673 3503 extollit,
706 3435 952 3495 satisfactionem
973 3444 1074 3493 tamen
1097 3435 1246 3495 vicariam
1263 3453 1320 3510 per
1337 3435 1546 3497 obedientiam

347 3545 503 3621 passivam
535 3544 633 3601 adbuc
660 3544 806 3611 admittit,
833 3545 912 3620 quod
928 3544 1121 3620 posteriores
1154 3542 1308 3620 'l'beologi
1325 3544 1373 3602 ita
1393 3548 1544 3623 explicue-

347 3663 437 3722 runt,
454 3662 488 3711 ut
505 3653 722 3724 defenderent,
747 3673 804 3728 per
828 3654 913 3712 illam
930 3654 1051 3729 culpam
1069 3662 1099 3711 et
1115 3670 1171 3728 per
1188 3652 1266 3710 bane
1283 3669 1422 3726 poenam
1440 3675 1541 3732 pecea-

349 3772 451 3820 torum
483 3771 660 3820 nostrorum
685 3763 819 3822 auferri:
852 3764 997 3821 Formula
1030 3761 1214 3823 concordiae
1246 3762 1480 3826 redemtionem
1495 3765 1541 3824 soli

348 3871 538 3930 obedientiae
573 3872 694 3931 activae
727 3872 867 3931 attribuit
884 3882 974 3949 atque
992 3891 1010 3930 a
1027 3871 1167 3931 doctrina
1184 3871 1359 3931 recentiori
1377 3884 1498 3936 tantum
1512 3893 1539 3933 co

348 3982 466 4052 differt,
484 3983 562 4060 quod
580 3983 785 4040 obedientiam
801 3982 881 4040 bane
899 3982 935 4039 ad
953 3991 1050 4040 totum
1068 3981 1225 4040 Christum
1243 3983 1419 4044 secundum
1435 3995 1535 4044 utram·

347 4218 604 4296 ttritetttsteubm
622 4214 855 4299 &eruptionum
882 4216 991 4298 &alpi
1010 4212 1108 4278 1832.
1140 4215 1309 4294 diuidet,
1344 4217 1407 4283 ibis
1433 4219 1590 4292 neubi„

347 4308 436 4386 iiebrs
460 4325 515 4372 too
538 4310 585 4372 bet
609 4308 717 4372 &iube
742 4309 799 4371 aab
825 4307 983 4389 dcliiuup.
1011 4305 1107 4370 1836.
1141 4307 1411 4383 Tischendorf,
1442 4298 1590 4407 ΒΝ

312 4411 316 4418 ’
346 4400 441 4461 Pauli
457 4401 492 4459 A.
509 4403 545 4460 de
559 4401 592 4458 ui
608 4400 726 4462 C'bre'sti
741 4400 892 4476 satisfeci.
909 4401 947 4460 L.
967 4395 1063 4460 1837.

454 4489 478 4568 ¹)
495 4492 596 4552 Iastit.
614 4493 633 4552 l.
651 4496 680 4552 2.
700 4510 724 4551 c.
743 4493 793 4550 16.
809 4511 839 4551 a.
857 4492 886 4551 5.
904 4489 981 4550 Gen.
995 4486 1091 4552 1608.
1102 4489 1122 4550 i.
1133 4486 1185 4550 98.
1198 4511 1227 4570 p.
1247 4486 1278 4549 2.
1298 4526 1345 4538 -
1363 4492 1391 4572 ²)
1409 4485 1506 4552 Infit·
1530 4522 1576 4581 ‚3

347 4603 377 4662 p.
397 4579 426 4642 1.
443 4617 486 4626 -
504 4577 532 4665 ³)
550 4581 583 4641 Ο.
602 4585 650 4642 11.
682 4581 854 4660 Niemeyer,
888 4581 962 4640 Oott.
998 4582 1096 4660 Ooaff.
1115 4580 1167 4640 ref.
1185 4581 1223 4640 L.
1244 4577 1344 4643 1840.
1362 4604 1392 4664 p.
1408 4579 1473 4644 486.
1490 4618 1558 4648 x.

349 4669 494 4756 ⁴)ct15.
511 4671 558 4735 Ib.
575 4693 603 4752 p.
623 4669 931 4755 734s.-⁵)cts.
950 4691 981 4732 u.
998 4673 1028 4734 3.
1044 4672 1213 4746 suspira.
1227 4673 1266 4731 E.
1285 4675 1322 4734 L.
1340 4675 1425 4754 Lips.
1441 4667 1539 4747 1847,

348 4764 385 4824 Ρ.
400 4760 478 4915 ἒξ
494 4759 539 4825 80
556 4783 579 4824 e.
612 4761 658 4825 cf.
682 4766 721 4827 P.
738 4766 766 4822 2.
784 4782 809 4824 c.
826 4765 855 4824 3.
871 4783 901 4824 n.
919 4763 1056 4823 14-15.
1073 4783 1103 4843 p.
1124 4758 1187 4823 123
1205 4781 1229 4821 s.
1250 4761 1337 4824 043.
1355 4785 1385 4826 a.
1401 4765 1516 4831 58—5a
1560 4762 1590 4891 λ

349 4874 380 4947 c·
465 4898 473 4914 ·
1547 4874 1590 4996 po
