3775 5625
375 406 438 470 108

372 569 503 645 stantia,
527 570 660 654 ejusque
676 567 820 653 perlecta
837 588 909 632 cum
932 567 1001 631 Deo
1019 565 1191 631 similitudo
1208 565 1389 642 dppaemdc,
1405 564 1573 650 palamque

299 677 301 680 ’
372 677 587 763 praedicetur.

387 784 391 792 ’
479 791 607 853 Adnot.
628 786 656 850 l.
674 793 721 849 lix
739 789 830 850 dictis
846 790 951 867 imago
968 789 1027 847 Dei
1044 807 1103 847 uon
1121 789 1158 848 ad
1175 789 1271 847 solam
1290 787 1433 859 animam,
1471 786 1574 846 sedet

372 902 408 961 ad
432 918 545 977 corpus
567 900 724 970 refertum
751 909 885 959 attamen
910 916 979 957 cum
1006 898 1063 957 hoo
1089 898 1286 970 discrimine,
1301 895 1391 975 'quod
1415 897 1448 956 in
1473 895 1574 955 anima

370 1010 474 1089 imago
491 1010 551 1069 Dei
566 1010 690 1086 proprie
709 1029 744 1068 ac
762 1009 901 1086 proxime
922 1008 1101 1080 inhaereat,
1125 1009 1156 1067 in
1171 1026 1302 1084 corpore
1329 1016 1432 1067 autem
1446 1004 1574 1065 vnorruisi

370 1119 537 1197 improprie
554 1138 589 1178 ac
607 1129 735 1190 remote,
758 1128 909 1195 quatenus
927 1137 1035 1194 nempe
1057 1119 1192 1177 mensio
1210 1135 1357 1195 corpore,
1382 1115 1507 1195 quicum
1528 1114 1572 1174 in·

370 1230 442 1288 time
465 1228 629 1303 conjuncta
652 1238 753 1287 estet
777 1246 867 1287 unum
892 1228 1005 1299 efficit,
1039 1227 1256 1304 quodammodo
1282 1226 1417 1296 relucet,
1453 1234 1486 1285 et
1500 1223 1573 1283 illud

370 1356 494 1398 suarum
512 1339 661 1398 virtutum
679 1338 746 1396 sive
762 1338 1053 1417 praerogativarum
1070 1337 1171 1397 reddit
1187 1337 1355 1415 particeps.

478 1448 611 1507 Adnot.
636 1442 667 1507 2.
692 1449 756 1508 Nec
786 1466 845 1507 non
870 1467 908 1506 err
930 1448 1094 1524 disputatis
1117 1465 1211 1524 porro
1239 1444 1447 1525 intelligitur,
1478 1461 1573 1522 quare

369 1557 473 1635 imago
490 1556 603 1627 divina,
624 1557 749 1634 quaein
766 1556 1037 1633 protoparentihus
1053 1556 1194 1633 perlecta
1210 1555 1278 1626 luit,
1298 1554 1437 1631 potuerit
1453 1551 1573 1632 quidem

370 1666 534 1727 obscurari
557 1685 594 1725 ac
619 1666 802 1737 deformari,
827 1684 882 1725 scu
907 1665 1100 1743 perfectione
1133 1665 1221 1734 exui,
1248 1680 1438 1741 nequaquam
1472 1670 1573 1723 autem

371 1794 501 1852 prorsus
519 1776 585 1835 tolli
602 1794 637 1836 ac
656 1775 763 1838 deleri.

516 2006 552 2097 ξ.
569 2005 639 2077 21.
655 2009 860 2078 {tructus
877 2003 1123 2077 doctrinae
1140 2002 1426 2095 propositae.

476 2212 628 2273 Doctrina
658 2213 821 2273 Ecclesiae
849 2211 1028 2274 Catholicae
1056 2212 1093 2271 de
1133 2211 1278 2291 originali
1310 2196 1455 2290 generis¹
1474 2209 1651 2271 nostri-

372 2321 546 2382 conditione
558 2321 721 2400 ,hucusque
737 2322 912 2399 proponite,
937 2321 1013 2382 licet
1033 2341 1051 2381 a
1067 2320 1282 2381 Rationalistis‘
1299 2329 1456 2399 tamquam
1476 2318 1650 2382 iacal—-

369 2431 460 2493 tloris
477 2432 589 2491 aetatis
611 2441 817 2493 commentum
833 2432 869 2491 ad
890 2449 998 2491 veram
1021 2432 1167 2508 pictatem
1184 2430 1356 2511 augendam
1372 2447 1511 2510 prorsus
1533 2429 1651 2490 in·-

369 2542 444 2602 otile
468 2541 645 2611 exsibilata,
670 2560 821 2601 summum
844 2541 880 2601 ad
902 2542 996 2601 vitam
1025 2541 1235 2602 Christianam
1260 2540 1353 2601 habet
1376 2547 1649 2603 momentum..-

368 2650 491 2711 Etenim

476 2757 505 2825 l.
527 2760 585 2823 hac
607 2762 748 2822 doctrlna
769 2762 950 2834 edocemur,
980 2761 1134 2842 originem
1155 2761 1228 2822 mali
1249 2778 1285 2822 ac
1307 2759 1467 2839 perversi,
1497 2751 1644 2840 «μισ,

367 2872 449 2947 iuter
466 2871 621 2940 homiues,
638 2880 763 2950 totaque
780 2871 810 2931 iu
828 2881 940 2932 natura
957 2881 1143 2952 grassatur,
1164 2889 1224 2931 uon
1242 2872 1356 2943 allen,
1376 2869 1641 2949 quemadmm—

368 2982 438 3041 dum
452 2981 560 3057 plures
576 2979 751 3058 philosophi
766 2979 937 3042 halucinati
953 2990 1042 3052 suut,
1067 3000 1139 3042 esse
1160 2980 1378 3059 repetendum,
1399 2979 1459 3041 sed
1480 2978 1639 3046 honi-

367 3107 453 3160 nem,
475 3107 565 3167 quum
583 3088 726 3166 primitus
743 3089 845 3170 largis
862 3090 980 3149 animae
998 3091 1200 3170 corporisque
1217 3089 1340 3150 dotibus
1368 3097 1504 3150 ornatus
1526 3102 1635 3151 es‘

368 3207 432 3269 set,
463 3197 596 3258 maxima
613 3197 775 3275 suiipsius
798 3198 886 3275 culpa
909 3200 1028 3275 lapsum
1046 3218 1135 3270 esse3
1165 3209 1197 3260 et
1217 3198 1287 3259 ideo
1310 3197 1539 3260 redemtionem
1560 3211 1634 3256 a

367 3308 436 3369 ileo
454 3326 636 3369 concessam
653 3308 742 3368 nolis
759 3326 831 3367 csse
848 3308 969 3369 omuino
986 3308 1163 3370 indebitam.
1180 3307 1377 3386 Quapropter

472 3413 503 3478 2.
521 3417 736 3494 prohibemur,
763 3418 924 3495 quominus
942 3420 1054 3499 dogma
1075 3419 1113 3479 de
1133 3420 1202 3479 Deo
1218 3417 1385 3497 purissimo
1409 3434 1450 3480 ac
1471 3417 1617 3498 portae

368 3527 519 3597 ctissime,
536 3526 588 3604 qui
597 3525 709 3596 omnia,
727 3544 803 3604 quae
820 3536 903 3598 snut,
918 3529 1007 3589 valde
1022 3529 1103 3590 bona
1114 3527 1252 3598 creavit,¹
1262 3529 1532 3604 conspurcemus3
1548 3528 1626 3587 et

472 3629 505 3697 3.
526 3651 615 3712 quam
639 3634 772 3694 maxime
793 3635 980 3708 excitamur,
1005 3647 1039 3696 ut
1063 3647 1205 3696 naturam
1232 3645 1372 3696 nostram
1400 3636 1522 3697 fluxam
1548 3637 1622 3699 et

366 3742 492 3802 labilem
513 3742 637 3803 assidue
654 3751 756 3802 mente
773 3745 963 3814 recolamus,
985 3747 1086 3805 Deum
1101 3762 1178 3804 vero
1195 3753 1325 3823 propter
1341 3760 1498 3806 summam
1516 3746 1614 3807 cle⁶

368 3851 513 3911 mantiam
530 3861 624 3929 atque
641 3850 833 3932 charitatem,
850 3870 908 3930 qua
924 3871 982 3912 nos
998 3853 1142 3933 ingratos
1158 3853 1234 3915 adeo
1252 3852 1466 3933 amplectitur,
1484 3861 1618 3935 grato

368 3959 468 4021 animo
485 3961 634 4021 colamus.

474 4068 530 4131 Sic
556 4087 634 4149 argo
668 4069 780 4148 dogma
812 4068 1004 4132 catholicum
1036 4071 1220 4148 sapientiam
1251 4082 1433 4150 promovet,
1465 4089 1614 4152 supas·-

367 4177 463 4247 biam,
487 4177 603 4239 iontem
620 4187 652 4239 et
675 4178 829 4258 originem
845 4179 982 4255 peccati,
998 4179 1157 4257 reprimit,
1180 4189 1272 4260 atque
1289 4181 1328 4241 ad
1349 4198 1461 4243 veram
1477 4182 1612 4261 piata-

370 4295 431 4346 tem
449 4285 542 4347 ducit.
