3775 5625
350 392 416 458 342

347 563 519 641 procedere
542 569 713 640 coguntur,
730 560 781 637 qui
797 560 1018 620 revelationem
1035 562 1302 637 supernaturalem
1320 562 1483 639 rejiciunt!
1506 565 1540 626 Sl

343 652 450 733 ¹,ludas
482 672 650 731 laudandus
673 681 773 738 esset,
795 670 846 746 qui
867 689 905 729 ex
928 670 1075 747 pecuniae
1097 671 1177 730 fame
1194 672 1385 751 Magistrum
1411 673 1539 735 diuinam

311 762 313 765 ¹
348 783 542 860 prodiderat:
560 790 671 858 quanto
690 780 791 858 magis
809 780 974 839 extollendi
1000 790 1090 839 crunt
1106 783 1217 840 summi
1233 782 1430 844 Sacerdotes
1447 794 1479 844 et
1493 804 1539 844 re·

348 892 421 969 liqui
438 891 578 966 synedri,
602 901 691 967 atque
707 890 842 959 Pilatus,
865 890 916 966 qui
931 890 1016 949 illum
1034 889 1070 949 ad
1089 900 1218 950 mortem
1235 892 1495 964 condemnarunt,
1512 904 1541 954 ct

349 1001 477 1069 milites,
495 1000 546 1077 qui
562 1000 647 1058 illurn
671 999 805 1078 flagellis
829 1017 953 1059 caesum
971 1007 1061 1076 atque
1078 999 1175 1075 spinis
1192 1010 1376 1061 coronatum
1395 1002 1483 1064 cruci
1497 1004 1538 1063 ai·

348 1114 502 1171 fixerunt?
526 1111 625 1167 Porro
644 1109 722 1187 quod
738 1109 766 1166 si
782 1108 869 1178 hino,
892 1108 1032 1185 quoniam
1050 1107 1194 1185 discipuli
1210 1109 1370 1170 Christum
1388 1111 1426 1171 de
1443 1122 1538 1172 morto

347 1203 403 1281 sua
420 1221 593 1296 loquentem
611 1238 668 1278 non
685 1219 922 1286 intellexerunt,
939 1226 1136 1293 sequeretur,
1153 1228 1282 1278 mortem
1302 1219 1423 1280 christi
1439 1222 1536 1299 expia·

325 1332 457 1389 teriam
491 1348 549 1388 non
581 1346 670 1387 esse:
702 1328 770 1387 inde
796 1327 888 1386 etiarn
921 1345 1050 1403 prorsus
1076 1329 1183 1387 eodem
1197 1328 1271 1403 jure
1294 1330 1409 1405 conjici
1424 1342 1536 1408 posset,

347 1441 503 1500 Christum
536 1447 665 1497 mortem
690 1456 777 1496 suam
799 1438 957 1513 Apostolis
981 1455 1039 1496 non
1062 1437 1270 1513 praedixisse,
1295 1448 1346 1498 aut
1368 1441 1458 1516 plane
1481 1460 1535 1501 non

346 1569 417 1609 esse
433 1550 463 1607 in
482 1568 576 1609 oruce
593 1558 756 1606 mortuum.
773 1549 839 1605 Non
855 1547 1076 1606 intellexerunt
1091 1556 1193 1606 autem
1211 1547 1370 1607 Christum
1388 1550 1424 1609 de
1442 1560 1534 1610 morto

346 1679 402 1718 sua
419 1660 638 1727 disserentem,
656 1658 726 1734 quia
743 1676 829 1715 mens
846 1675 953 1716 eorum
970 1658 1161 1734 opinionibus
1177 1658 1371 1718 Judaeorum
1388 1660 1424 1720 de
1441 1678 1532 1740 regno

345 1770 481 1828 Messias
505 1767 651 1827 terrestri
674 1776 901 1844 praeoccupata
925 1768 1105 1839 tenebatur,
1129 1776 1160 1827 et
1184 1768 1253 1845 quia
1271 1768 1418 1829 Christus
1434 1769 1529 1829 Domi·

345 1897 402 1937 nus
420 1880 515 1937 multa
531 1877 628 1938 adhuc
646 1878 691 1935 eis
709 1877 836 1935 dicenda
852 1876 969 1946 habuit,
982 1895 1060 1954 quae
1078 1886 1150 1937 tunc
1166 1886 1292 1953 portare
1309 1896 1369 1937 non
1386 1888 1528 1956 poterant,

345 2006 481 2065 quaeque
515 1987 672 2063 accepturi
705 1995 866 2061 crantper
898 1985 1050 2062 Spiritum
1076 1985 1128 2056 S.,
1149 1986 1201 2063 qni
1223 2005 1277 2045 eos
1300 1988 1449 2047 docturus
1470 1998 1527 2048 erat

345 2117 463 2157 omnem
481 2096 643 2155 veritatem
654 2100 694 2168 ¹).
720 2095 804 2154 Unde
823 2094 941 2171 Spiritu
960 2095 994 2155 S.
1018 2094 1162 2172 inspirati
1178 2095 1335 2172 discipuli,
1354 2107 1387 2157 ct
1401 2099 1523 2158 nomina·

346 2209 398 2267 tirn
414 2209 582 2283 Apostolus
598 2207 713 2265 Paulus
731 2216 821 2283 atque
839 2214 948 2264 auctor
966 2205 1114 2282 epistolae
1131 2206 1168 2265 ad
1185 2206 1365 2278 Hebraeos,
1386 2228 1473 2286 quern
1488 2220 1520 2269 n·

345 2336 412 2376 men
446 2318 573 2376 eundern
600 2334 668 2376 curn
690 2334 802 2394 magno
825 2317 972 2391 Apostolo
996 2315 1157 2389 babemus,
1184 2316 1220 2375 de
1242 2326 1343 2376 morte
1366 2318 1518 2398 expiatoria

346 2427 463 2486 Christi
485 2426 609 2485 Domini
633 2426 773 2495 tradunt,
796 2444 873 2502 qnae
898 2426 965 2501 ipse
987 2425 1018 2484 in
1041 2426 1148 2485 ultima
1171 2444 1266 2486 coena
1282 2426 1321 2486 iis
1339 2428 1377 2487 de
1393 2428 1514 2488 illatore

345 2556 381 2597 ac
398 2537 522 2613 proprie
549 2536 799 2614 significaverat,
827 2544 918 2612 atque
946 2536 1082 2612 Spiritus
1101 2536 1135 2596 S.
1159 2555 1197 2608 ex
1214 2537 1351 2597 oraculis
1368 2538 1511 2616 Propheta·

344 2664 412 2705 rum
437 2646 467 2704 in
491 2655 624 2705 mentcrn
646 2622 831 2713 revocabat,
848 2655 901 2704 ant
922 2664 1001 2705 nova
1017 2647 1227 2725 suggerebat,
1244 2647 1289 2706 ita
1304 2658 1339 2708 ut
1356 2646 1508 2709 commentis

345 2756 381 2814 de
399 2755 527 2815 consilio
545 2756 762 2832 Apostolorum
781 2750 903 2816 delendi
919 2754 1118 2834 ignominiam
1129 2756 1272 2833 supplicii
1285 2755 1506 2836 sobriamque

343 2865 373 2923 in
391 2875 489 2925 morte
511 2866 714 2941 injustissima
737 2866 796 2925 viri
817 2865 1009 2926 sanctissimi
1031 2866 1114 2925 nulla
1130 2877 1212 2936 erat,
1236 2867 1273 2926 de
1291 2867 1471 2944 opinionibus
1482 2869 1504 2927 de

342 2960 434 3048 Λόγῳ
457 2976 535 3051 apud
556 2976 781 3035 Alexandrinos
809 2985 945 3051 tempore
968 2977 1186 3052 Apostolorum
1209 2980 1419 3058 pervulgatis,
1442 2979 1503 3040 etde
1561 3022 1565 3072 p

342 3085 521 3163 impugnata
537 3086 757 3163 superstitione
774 3086 907 3145 Judaica
922 3104 1053 3161 prorsus
1071 3087 1170 3146 nullus
1187 3100 1349 3150 remaneat
1365 3093 1455 3155 locus.

703 3347 739 3440 ξ.
766 3349 832 3420 70.
857 3349 1170 3422 continuatio.

452 3543 553 3619 Quum
571 3552 701 3626 propter
718 3539 893 3614 Christum,
911 3551 944 3603 nt
960 3560 1001 3604 cx
1017 3541 1098 3606 locis
1116 3554 1180 3606 tum
1198 3546 1231 3606 S.
1249 3540 1447 3627 Scripturas,
1460 3551 1502 3603 tun
1553 3574 1565 3616 p

343 3653 401 3715 SS.
425 3652 554 3713 Patrurn
585 3671 683 3735 supra
715 3649 848 3714 laudatis
870 3651 986 3724 clucet,
1008 3662 1101 3737 atque
1123 3672 1164 3716 ex
1191 3652 1338 3716 doctrina
1368 3648 1503 3718 Ecclesiae
1555 3682 1565 3739 r

343 3758 525 3824 Catholicae
548 3772 690 3834 constat,
713 3772 776 3823 tarn
794 3780 811 3822 a
827 3758 940 3843 poenis
964 3772 1170 3843 pcccatorum
1202 3773 1390 3828 nostrorum
1420 3763 1505 3828 libere·
1561 3828 1565 3842 ,

343 3890 422 3940 mur,
445 3890 535 3953 quarn
557 3869 809 3934 sanctificemur:
833 3880 947 3952 sponte
972 3889 1030 3932 sua
1053 3869 1224 3958 colligitur,
1246 3871 1409 3938 Christum
1423 3869 1507 3937 noni·

343 3999 416 4041 num
434 3999 496 4040 non
514 3990 634 4043 tantum
651 4000 710 4062 pro
728 3977 821 4042 nobis
839 3978 1052 4052 satisfecisse,
1076 3980 1133 4043 scd
1151 3993 1183 4043 et
1198 3981 1371 4058 meruisse,
1388 3982 1408 4048 i.
1424 4004 1450 4047 c.
1465 4002 1511 4046 non

342 4098 462 4149 tanturn
483 4087 575 4151 nobis
599 4087 823 4151 remissionem
849 4090 958 4171 cnlpae
976 4100 1008 4151 et
1024 4109 1147 4172 poenae
1170 4090 1309 4166 debitae,
1333 4094 1391 4157 scd
1412 4105 1443 4158 et
1456 4112 1511 4180 gn·

344 4195 418 4258 tiam
437 4195 589 4269 divinam,
614 4196 819 4271 conciliasse,
842 4211 934 4283 atque
957 4198 1102 4263 vicissim
1125 4220 1188 4262 non
1213 4211 1333 4264 tantum
1365 4201 1514 4271 meruisse,

343 4307 399 4369 sed
421 4317 453 4368 et.
475 4304 687 4375 satisfecisse:
720 4328 814 4392 quum
839 4329 940 4393 neque
963 4308 1032 4373 sinc
1057 4307 1277 4373 satisfactione
1300 4311 1407 4396 gratia
1429 4310 1514 4374 dum

343 4415 435 4479 nobis
459 4415 614 4488 conferri,
636 4435 738 4500 neque
760 4416 910 4481 remissio
934 4420 1044 4502 culpae
1066 4440 1103 4482 ac
1124 4439 1247 4503 poenae
1265 4418 1335 4483 sinc
1353 4418 1513 4485 sanctifica·

344 4524 428 4588 tione
450 4523 584 4588 concedi
607 4523 721 4608 possit.
746 4525 860 4589 Mernit
883 4540 988 4591 autem
1011 4528 1158 4592 Salvator
1181 4524 1275 4592 nobis
1297 4542 1441 4594 nostram
1455 4549 1512 4594 sur·

344 4634 569 4699 ctificationem
585 4654 622 4698 ao
633 4632 906 4717 justificationem,
920 4634 1087 4726 omniaque
1102 4635 1223 4722 reliqna
1238 4637 1365 4725 gratiae
1382 4635 1512 4705 coelestis

449 4832 476 4927 1)
492 4835 584 4900 soa.
604 4833 655 4914 ro,
673 4834 815 4903 12-13.
