3775 5625
1505 351 1567 420 285

374 527 491 602 etiam,
524 525 663 608 quamvis
694 524 886 588 couscientia
915 525 1070 603 praedita,
1092 525 1149 584 sui
1167 525 1368 586 conscianoa
1385 534 1449 596 est;
1481 534 1573 604 atque

355 639 543 724 speciatim
559 637 609 698 sui
625 636 847 698 conscientiam
873 637 908 695 ad
926 637 1053 695 eandem
1071 656 1129 695 non
1147 646 1302 714 spectare,
1317 637 1446 713 insuper
1461 636 1574 696 lterum

339 772 415 818 ex.
437 749 694 828 cointelligitur,
727 747 866 824 quoniam
900 764 992 805 secus
1013 746 1161 815 infantes,
1183 747 1234 822 qui
1251 757 1426 815 secarent,
1443 763 1574 824 prorsus

321 868 514 929 humana
530 868 642 920 natura
657 857 790 935 praediti
807 875 864 915 nou
883 867 1005 924 essent,
1039 866 1090 914 aut
1111 857 1299 915 solummodo
1322 856 1461 915 homines
1478 856 1574 918 iacul-

316 990 370 1040 [Β
382 968 542 1039 te‚btttt
559 962 824 1046 ilbttntigettnadp,
857 975 974 1026 essent.
998 943 1460 1036 Persona,seu,utdiehnt,
1492 984 1574 1042 per·

332 1103 404 1144 ο
434 1078 575 1138 nalitaa
595 1078 645 1135 vel
668 1075 894 1152 hypostasis
913 1084 962 1133 est
982 1076 1084 1150 potius
1102 1085 1230 1134 naturae
1247 1074 1451 1153 intelligentis
1469 1093 1523 1151 per
1539 1093 1573 1134 ae

316 1213 393 1254 'e
410 1190 472 1248 lut
487 1186 660 1265 singularis
677 1183 849 1244 exsistendi
866 1183 991 1252 modus,
1007 1186 1057 1242 vel
1074 1185 1181 1260 paucis
1199 1194 1326 1244 naturae
1345 1184 1505 1242 rationalis
1522 1203 1576 1261 per

316 1324 357 1364 Β
438 1295 634 1363 exsistentia,
654 1283 688 1348 τὸ
704 1312 759 1370 pro
776 1311 811 1350 se
828 1301 860 1351 et
875 1311 931 1369 per
948 1312 982 1350 se
1000 1313 1083 1362 esse,
1104 1283 1138 1347 τὸ
1155 1312 1242 1351 suum
1261 1311 1342 1360 esse,
1361 1293 1414 1354 bai
1432 1290 1575 1372 &thespide

316 1409 444 1474 zita
460 1405 507 1467 att
524 1402 697 1483 tolliumtet
720 1400 935 1476 Sabioibuum,
958 1401 1012 1464 bot
1035 1399 1271 1481 &etbliltinbigs
1305 1402 1372 1463 obet
1405 1400 1579 1483 &etbhleitp

361 1506 601 1572 adrastiam.
633 1513 715 1572 Hine
740 1512 858 1589 quidem
892 1512 1027 1590 eogitari
1048 1531 1106 1570 non
1123 1521 1241 1588 potest,
1258 1522 1292 1570 ut
1307 1522 1418 1571 natura
1449 1511 1578 1571 humana

316 1647 336 1688 a
442 1641 545 1682 rerum
578 1631 688 1680 natura
720 1621 892 1690 exsistens,
925 1621 1023 1700 hocce
1051 1640 1105 1698 per
1123 1641 1157 1679 se
1175 1631 1327 1698 tamquam
1359 1622 1580 1700 singulariaot

316 1756 366 1799 ει»
383 1734 556 1810 npletae
589 1729 781 1790 substantiae
804 1730 975 1789 exsistendi
998 1731 1085 1788 modo
1103 1731 1303 1790 destituatur:
1336 1741 1470 1790 attamen
1487 1732 1580 1794 isthic

316 1842 557 1907 excuneati
573 1860 628 1919 per
645 1859 679 1899 se
697 1841 804 1898 modus
821 1850 924 1898 tamen
942 1840 1092 1915 ejusmodi
1108 1860 1166 1898 non
1185 1851 1244 1910 est,
1258 1850 1292 1899 ut
1308 1852 1438 1900 naturae
1456 1852 1580 1902 nostrae

316 1952 449 2031 ipsi
463 1953 549 2020 insit,
572 1969 640 2010 oum
667 1969 725 2008 non
748 1968 786 2008 ex
802 1949 871 2007 idea
893 1959 1020 2008 naturae
1043 1949 1192 2009 humanae
1213 1951 1324 2027 ipsius,
1343 1952 1398 2009 sed
1423 1952 1580 2010 dumtaxat

323 2062 522 2137 ejusdem
555 2070 706 2137 tamquam
738 2059 911 2118 individuae
938 2069 971 2117 et
1002 2061 1171 2135 completae
1204 2061 1396 2120 substantiae
1429 2061 1582 2120 exstantis

329 2186 377 2230 eo
388 2180 604 2247 noequatur,
622 2178 653 2226 et
668 2168 739 2229 hinc
751 2168 844 2226 etiam
858 2187 917 2227 non
930 2168 1080 2243 ejusmodi
1097 2178 1162 2241 est,
1180 2170 1230 2246 qui
1250 2189 1306 2246 per
1324 2170 1417 2245 alium
1434 2189 1581 2246 superna·

334 2281 519 2338 tul-alem
541 2278 679 2356 suppleri
700 2288 843 2355 nequeat.
869 2277 953 2351 Quae
980 2287 1090 2337 natura
1106 2298 1163 2337 sua
1180 2298 1250 2338 esse
1267 2289 1384 2359 potest,
1402 2288 1433 2338 et
1448 2280 1581 2355 plerum·

340 2401 466 2462 que,
481 2389 502 2449 i.
519 2408 547 2451 e.
565 2389 595 2446 in
614 2388 755 2446 omnibus
787 2387 976 2457 hominibus,
1009 2388 1134 2448 christo
1167 2390 1233 2447 solo
1266 2399 1413 2465 excepto,
1446 2407 1502 2447 sua
1524 2397 1582 2460 est,

346 2492 482 2556 etiam
499 2498 647 2566 alterius,
664 2496 810 2556 videlicet
832 2496 901 2554 sitii
916 2498 992 2566 Dei,
1009 2498 1134 2575 propria
1152 2498 1222 2556 lieri
1238 2508 1351 2575 potest.
1375 2502 1416 2556 Et
1431 2498 1477 2558 ita
1493 2517 1581 2556 reve·

347 2616 393 2658 ri
452 2626 482 2667 se
514 2625 568 2665 res
599 2607 630 2664 in
664 2605 789 2665 Christo
806 2607 938 2664 Domino
960 2607 1063 2668 habet.
1088 2609 1206 2666 Natura
1223 2608 1302 2666 enim
1319 2608 1453 2668 humana
1468 2608 1498 2666 in
1515 2609 1582 2684 ipso

352 2710 506 2782 quidem
532 2734 588 2774 sua
603 2715 731 2794 propria
747 2733 803 2772 seu
820 2714 954 2774 humana
970 2717 1174 2776 subsistentia
1197 2719 1247 2775 vel
1266 2716 1427 2793 hypostasi
1443 2718 1582 2776 destitui·

355 2824 429 2877 ιιιι·
444 2849 457 2896 3
480 2837 615 2886 attamen
632 2825 710 2886 haec'
726 2827 886 2902 suppletur
903 2828 1029 2905 alonge
1047 2828 1200 2904 superiori
1218 2838 1249 2886 et
1264 2828 1462 2905 perfectiori,
1479 2829 1523 2887 ita
1540 2838 1582 2897 ut,

356 2936 562 3011 luaejmta
578 2945 717 2995 nostrum
735 2935 893 3013 cogitandi
909 2938 1041 3006 modum,
1053 2938 1074 3000 i.
1086 2956 1112 2998 e.
1129 2956 1188 2996 non
1199 2939 1381 2996 attendendo
1399 2939 1435 2997 ad
1452 2938 1493 3007 id,
1504 2937 1583 3013 quod

356 3049 499 3104 severa
516 3055 578 3114 est,
601 3045 667 3104 sine
684 3037 832 3100 ὑπόστασι
849 3046 1021 3124 cogitatur,
1044 3047 1072 3104 si
1096 3047 1329 3115 consideratur,
1351 3057 1443 3122 prout
1465 3047 1584 3122 reipsa

355 3155 426 3205 Μ
445 3154 735 3231 ‚propriascilicet
752 3154 851 3212 Verbi
874 3154 986 3223 divini,
1018 3146 1181 3223 ὑπόστασι,
1214 3155 1309 3232 eique
1343 3156 1584 3231 perfectissima,

355 3257 493 3331 utpote
516 3263 634 3332 divina,
657 3264 811 3323 instructa
833 3264 884 3324 sit.
910 3263 989 3338 Quia
1011 3265 1154 3323 nimirum
1171 3274 1282 3324 natura
1297 3265 1429 3324 humana
1445 3266 1475 3323 in
1494 3265 1582 3324 chri-

362 3366 425 3422 ¹¹0
443 3416 458 3441 ,
474 3383 506 3433 ut
521 3394 578 3452 per
600 3392 667 3432 eam
689 3374 799 3432 redimi
816 3382 848 3431 et
863 3376 931 3432 Deo
956 3375 1101 3454 conjungi
1118 3393 1283 3451 queamus,
1300 3393 1355 3451 per
1373 3393 1407 3433 se
1424 3374 1503 3434 haud
1519 3375 1583 3433 sui·

372 3474 524 3554 011,st
548 3483 619 3544 hinc
653 3484 778 3541 linisuo
797 3501 852 3541 seu
884 3483 972 3541 ideae
1003 3501 1078 3541 suae
1111 3502 1165 3560 per
1198 3503 1232 3544 se
1250 3485 1437 3545 satisfacere
1468 3485 1584 3561 nequit,

376 3593 444 3647 ’u
469 3593 652 3670 incompleta
673 3603 738 3662 est;
761 3594 816 3651 sed
837 3594 1034 3662 necessario,
1057 3603 1089 3652 ut
1113 3594 1150 3651 ad
1167 3595 1257 3652 linem
1274 3594 1358 3653 illum
1376 3604 1448 3672 apta
1464 3595 1585 3662 evadat,

385 3695 540 3771 gaiam
564 3713 595 3761 et
615 3704 683 3762 ideo
705 3703 863 3778 hypostasi
890 3722 945 3762 seu
972 3704 1193 3779 personalitate
1218 3705 1321 3763 diviua
1342 3705 1482 3781 praedita
1504 3722 1586 3775 esse,

391 3815 482 3870 lam
498 3814 556 3872 alio
575 3814 662 3871 modo
680 3794 970 3890 nisiperuniohem
1002 3813 1228 3891 hypostaticam
1262 3833 1330 3874 cum
1355 3815 1461 3873 Verbo
1485 3814 1585 3872 divino

406 3923 530 3982 ncisci
551 3921 671 3998 nequit:
696 3921 764 3997 ipsa
787 3940 844 3980 non
869 3931 987 3981 tantum
1008 3923 1232 3999 personalitate
1254 3924 1359 3982 nativa
1383 3941 1439 3982 seu
1454 3922 1587 3981 humana

405 4037 502 4091 Pare
518 4041 637 4109 potest,
653 4050 761 4090 verum
779 4031 871 4090 etiam
893 4032 999 4101 debet,
1031 4043 1122 4110 atque
1154 4034 1334 4092 necessario
1351 4051 1406 4108 per
1421 4024 1588 4087 dardunaco

413 4138 525 4201 'inam
542 4142 652 4213 Verbi,
670 4143 707 4201 ad
724 4160 813 4218 quam
830 4141 1015 4212 destinatur,
1033 4144 1123 4202 debet
1134 4142 1282 4220 compleri
1298 4161 1334 4202 ac
1351 4142 1471 4219 perfici,
1487 4142 1531 4200 ita
1542 4150 1586 4210 ut,

420 4251 641 4311 emadmodum
652 4262 779 4328 propter
797 4270 875 4321 eam,
891 4253 937 4312 sio
955 4253 1047 4311 etiam
1065 4271 1120 4329 per
1139 4271 1206 4311 eam
1224 4253 1356 4311 exsistat
1373 4269 1409 4311 ac
1426 4251 1586 4311 subsistat.

427 4370 532 4420 rsona
553 4360 656 4437 itaque
674 4360 773 4418 Verbi
794 4361 903 4430 divini,
926 4379 1003 4437 quae
1025 4361 1095 4419 inde
1114 4363 1150 4421 ab
1169 4371 1294 4420 aeterno
1312 4361 1342 4418 in
1359 4371 1470 4420 natura
1486 4359 1588 4418 divina

434 4470 552 4539 tsistit,
576 4488 702 4547 eamque
726 4472 781 4528 sub
806 4490 862 4529 suo
888 4470 1039 4546 peculiari
1062 4481 1209 4547 respectu
1232 4472 1379 4547 complet,
1404 4468 1587 4529 determinat

446 4580 549 4658 regit,
572 4579 674 4654 coepit
696 4598 813 4656 quoque
830 4580 861 4636 in
879 4589 1017 4655 tempore
1050 4590 1191 4638 naturam
1223 4579 1401 4649 humanam,
1420 4577 1586 4654 etquidem

449 4687 612 4765 eaprimo
636 4689 804 4747 creationis
827 4688 894 4762 ejus
915 4688 1061 4756 instanti,
1085 4689 1255 4763 complere,
1277 4689 1444 4747 terminare
1469 4706 1506 4748 aa
1523 4706 1586 4745 mo·

456 4796 512 4868 ari,
533 4816 611 4873 quae
628 4798 713 4856 facta
730 4807 778 4855 est
796 4798 862 4870 ejus
879 4798 1021 4873 propria,
1038 4798 1082 4855 ita
1100 4810 1131 4855 ut
1149 4798 1178 4855 in
1196 4798 1264 4874 ipsa
1281 4808 1312 4855 et
1328 4816 1384 4874 per
1399 4797 1496 4873 ipsam
1514 4799 1585 4856 sub·
