3775 5625
510 415 537 456 a.
560 394 606 454 nd
628 393 930 464 Mandonium,
957 393 1009 470 qni
1024 411 1180 470 exponens
1198 393 1362 471 epistolam
1379 396 1417 455 etl
1432 397 1597 470 Romanos,

403 505 515 565 habet:
538 502 631 564 Dicit
648 508 756 581 itaque
785 504 914 563 &ninas
929 503 1120 582 Apostolus,
1136 505 1314 584 paediam
1329 504 1438 566 Adam
1456 526 1597 585 peaeas·

403 620 466 691 set,
483 614 699 694 mortalisque
711 619 848 693 prepter
859 620 1031 693 peecatum
1044 615 1160 691 faetus
1176 620 1276 691 esset,
1294 621 1474 696 utrumque
1490 617 1537 676 ad
1547 638 1595 693 pe·
1645 667 1658 678 .

404 743 468 784 nus
487 728 703 803 permanavit.
742 724 798 783 Aa
811 742 923 783 amnes
938 727 1024 782 enim
1038 727 1186 783 tornines
1201 742 1294 784 mers
1311 729 1478 803 peruasit,
1502 746 1658 807 qua-s

404 840 520 894 tenus
536 853 668 893 omnes
685 838 965 912 peceaverunt.
988 832 1076 892 Non
1091 837 1189 893 enim
1200 840 1372 912 propter
1384 832 1487 913 prim
1500 839 1513 895 i
1526 856 1658 915 pas

404 948 533 1004 nentis
544 948 768 1021 peecatum,
791 947 863 1002 sed
881 949 1047 1022 propter
1067 961 1181 1002 snum
1197 948 1479 1024 unnsquisque
1493 964 1658 1007 mar—

404 1056 455 1113 tis
472 1054 671 1114 decretum
686 1050 908 1131 suseipit¹).
934 1053 1055 1113 Similia
1071 1054 1219 1131 leguntur
1237 1054 1330 1114 etiam
1349 1054 1423 1114 alibi
1436 1053 1477 1129 ²).
1502 1056 1636 1116 Passa
1654 1099 1658 1113 .

405 1162 494 1239 eipue
511 1173 613 1223 antem

508 1273 538 1332 a.
563 1272 600 1330 ad
618 1272 962 1347 chrysostomum,
980 1272 1030 1348 qui
1047 1270 1139 1331 dieii:
1167 1268 1268 1343 Quod
1281 1271 1339 1332 tito
1357 1274 1511 1351 (Adime)
1525 1294 1657 1354 pec.

403 1387 510 1458 eante,
529 1386 563 1441 et
575 1380 710 1440 mortali
723 1382 831 1458 saeta,
849 1386 883 1440 et
897 1384 953 1457 pni
968 1399 1013 1439 en
1028 1379 1086 1438 iiie
1105 1384 1170 1440 orti
1185 1386 1276 1458 sunt,
1295 1381 1382 1442 tales
1398 1384 1652 1462 efficiantur,

402 1492 439 1551 id
453 1511 473 1550 a
488 1489 658 1551 verisimili
673 1508 741 1549 non
757 1490 932 1566 abhorre&
950 1490 1040 1569 qnod
1054 1495 1165 1550 antem
1181 1508 1229 1550 en
1245 1490 1532 1554 inobedientia
1547 1495 1647 1556 il-

403 1600 484 1660 lius
504 1599 609 1659 aiter
632 1605 825 1677 peccator
847 1601 947 1677 siat,
971 1599 1008 1658 id
1020 1618 1119 1678 qnam
1136 1604 1401 1679 consequentiam
1417 1602 1590 1663 intuerit-²
1610 1600 1644 1667 3

403 1709 592 1770 Invenietur
622 1713 738 1789 quippe
768 1708 824 1768 ilie
843 1727 910 1768 nen
930 1727 1057 1787 paenas
1075 1709 1191 1769 debere
1200 1752 1213 1786 ‚
1246 1713 1312 1769 nisi
1328 1729 1372 1771 en·
1392 1730 1430 1770 se
1442 1719 1639 1790 pensator

400 1820 516 1896 suerit.
559 1816 650 1893 Quid
666 1824 766 1894 ipitnr
786 1821 950 1896 sipnilieat
963 1818 1052 1880 titud
1064 1814 1325 1898 ‚peecatores‘i’
1355 1818 1444 1882 Mitti
1469 1823 1635 1902 puidam

401 1930 529 1989 videtur
559 1929 757 2007 supplicia
790 1929 999 1990 ebnoaios
1024 1936 1064 1990 et
1083 1931 1133 1990 ad
1154 1935 1318 1990 mortem
1335 1930 1629 2007 damnatasss).

401 2039 470 2098 Alio
502 2040 571 2098 loeo
599 2038 712 2116 inquit:
744 2037 819 2100 Hae
840 2039 879 2098 de
905 2058 1011 2098 eausa
1036 2041 1184 2117 infantes
1210 2039 1416 2118 baptizamus
1421 2084 1435 2120 ,
1459 2060 1536 2102 eum
1548 2038 1635 2108 001

402 2152 580 2227 quamvis
595 2166 675 2208 non
691 2152 1052 2228 sinteeinpuinati
1065 2154 1257 2227 peecata,
1281 2152 1403 2209 uteie
1421 2151 1628 2212 addatur

402 2261 626 2333 sanctitas,
651 2259 843 2334 justitia,
862 2258 1047 2337 adoptio,
1070 2259 1320 2330 haereditas,
1339 2260 1628 2336 fraternitas

405 2365 576 2439 Christi,
610 2374 654 2427 nt
683 2370 772 2443 ejas
803 2368 976 2428 membra
1005 2371 1135 2443 sinit).
1174 2372 1215 2428 ltt
1243 2368 1356 2428 similia
1381 2368 1478 2432 habet
1501 2370 1625 2434 adhue

402 2478 527 2554 saepius
537 2480 580 2550 ⁵).

506 2589 650 2646 Attamen
672 2587 769 2645 verba
795 2586 956 2645 clemen
969 2587 1019 2646 tis
1036 2586 1132 2647 citata
1148 2586 1272 2645 minime
1289 2585 1356 2661 ejus
1373 2598 1527 2661 mentem,
1543 2581 1621 2648 sea

400 2696 503 2771 potins
519 2704 735 2773 argumentum
752 2695 920 2764 continent,
938 2714 998 2773 qno
1015 2696 1147 2755 Julius
1170 2696 1393 2756 Cassianus
1417 2698 1539 2770 etalii,
1577 2697 1621 2751 ni

400 2805 583 2865 Bneratitae
610 2814 641 2863 et
664 2803 860 2874 Basilidiani‚
885 2808 935 2882 qui
953 2806 1115 2875 docebant,
1131 2806 1243 2865 malam
1260 2823 1331 2863 esse
1348 2807 1617 2886 generationem,

399 2925 431 2975 et
447 2934 484 2974 ea
499 2917 536 2975 de
559 2933 656 2974 eausa
676 2915 798 2991 nuptias
824 2916 1029 2992 damnabant,
1053 2916 1238 2975 sententiam
1265 2934 1352 2974 suam
1375 2934 1542 2977 erroneam
1566 2925 1618 2995 ⁴3¹

398 3025 581 3084 exsistentia
605 3024 727 3101 peeeati
751 3025 914 3103 originalis
939 3025 1154 3083 demonstrare
1181 3025 1367 3094 studebant,
1384 3034 1419 3083 nt
1435 3044 1476 3084 ex
1492 3018 1615 3085 verni·

397 3155 467 3195 mox
484 3135 683 3212 sequentibus
701 3134 843 3211 adparet:
872 3134 994 3194 Restat
1014 3153 1091 3209 erpo
1109 3138 1167 3204 eis,
1184 3139 1222 3194 nt
1236 3134 1374 3215 videtur,
1390 3146 1613 3215 consequen·

398 3251 448 3305 ter
478 3251 517 3304 nt
546 3244 677 3319 dicant,
711 3243 859 3302 maiam
891 3262 982 3303 esse
1011 3246 1338 3320 peneratienem,
1370 3246 1614 3305 nonestus·

397 3373 498 3431 eam,
525 3372 626 3432 qnae
651 3358 716 3411 est
734 3359 941 3431 eorporis,
964 3358 1034 3412 sed
1053 3358 1288 3429 etiameam,
1313 3372 1412 3433 puae
1429 3350 1613 3416 seiani·

398 3482 490 3522 mae.
516 3462 601 3520 Unde
618 3464 706 3521 loeus
722 3463 773 3521 ille
790 3481 850 3520 non
868 3472 929 3521 tam
947 3472 1070 3532 eontra,
1087 3481 1176 3539 quam
1193 3481 1249 3538 pro
1267 3462 1325 3521 lide
1342 3462 1426 3523 illius
1443 3453 1612 3543 tempori·

396 3573 427 3631 in
444 3581 605 3648 peecatum
627 3573 779 3651 originale
805 3571 897 3631 testis
923 3582 972 3631 est
980 3577 1021 3646 ⁶).
1057 3576 1191 3632 'textum
1209 3581 1313 3632 autem
1329 3572 1403 3635 Job.
1422 3569 1480 3647 14,
1495 3553 1611 3636 425·

398 3682 541 3741 Clemens
558 3681 618 3740 alio
635 3700 730 3740 sensu
747 3682 867 3759 quidem
883 3682 1125 3758 interpretatur,
1153 3700 1243 3759 quam
1259 3682 1373 3739 Patres
1394 3683 1508 3761 reliqui
1513 3705 1522 3754 ;
1545 3663 1612 3736 sed

395 3791 438 3850 ita
457 3791 534 3870 egit,
550 3809 609 3849 nen
626 3800 660 3850 ut
676 3790 890 3850 exsistentiam
907 3791 1030 3867 peceati
1048 3790 1212 3869 originalis
1230 3799 1383 3868 negaret,
1401 3810 1510 3852 verum
1526 3795 1609 3848 tan·

506 4019 533 4093 ¹)
551 4021 592 4077 In
606 4018 709 4096 epist.
727 4021 767 4078 ad
782 4020 870 4080 Rom.
888 4020 917 4078 5.
936 4022 986 4079 12.
1005 4017 1085 4096 Opp.
1103 4018 1141 4078 Τ.
1159 4014 1189 4078 3.
1205 4039 1235 4098 p.
1253 4014 1307 4079 42.
1340 4054 1384 4064 -
1417 4023 1446 4100 ²)
1468 4004 1605 4100 Enplt‘i·

395 4111 450 4169 Ps.
483 4110 533 4170 50.
567 4113 594 4169 7.
621 4111 659 4170 u.
682 4105 714 4174 2.
736 4131 767 4190 p.
789 4105 865 4171 595.
888 4113 929 4169 n.
950 4111 1011 4187 up.
1034 4112 1084 4168 aa.
1105 4110 1193 4168 nem.
1211 4111 1240 4182 5,
1257 4111 1306 4170 19.
1325 4111 1363 4172 u.
1382 4108 1413 4172 3.
1429 4133 1461 4191 p.
1476 4108 1537 4173 44.
1568 4123 1604 4142 κ
1655 4098 1658 4107 ’

397 4203 426 4279 ³)
442 4202 533 4260 Heni.
552 4204 601 4260 10.
619 4200 653 4259 in
668 4203 728 4278 up.
745 4205 786 4260 act
801 4203 887 4261 Rom.
905 4221 934 4262 n.
952 4203 1047 4259 2-3.
1067 4197 1105 4261 Τ.
1123 4195 1153 4260 9.
1170 4220 1202 4278 p.
1219 4195 1295 4262 5⁶23.
1314 4235 1355 4245 —-
1375 4200 1401 4283 ⁴)
1419 4202 1548 4262 Homil-
1572 4179 1605 4244 ⁰5

395 4293 543 4368 Neophyt.
562 4327 604 4335 -
622 4296 652 4366 ⁵)
668 4291 783 4354 Hamil.
805 4295 854 4353 17.
880 4291 915 4350 in
929 4291 1031 4369 reptet.
1050 4295 1078 4356 1.
1096 4293 1137 4349 acl
1154 4291 1223 4352 Oen.
1241 4311 1271 4352 n.
1289 4294 1318 4353 3.
1336 4288 1376 4352 Τ.
1396 4289 1449 4356 10.
1465 4315 1494 4374 p.
1512 4269 1603 4354 150.
1653 4284 1658 4324 ¹

395 4385 485 4443 Heni.
508 4384 558 4442 39.
584 4381 620 4442 in
645 4386 732 4447 eund.
750 4403 780 4447 n.
797 4385 826 4444 3.
843 4404 873 4462 p.
892 4379 967 4444 366.
989 4385 1066 4444 tom.
1091 4386 1140 4443 24.
1157 4381 1191 4440 in
1206 4381 1307 4457 Epist.
1325 4385 1368 4441 aci
1382 4387 1495 4463 tipice.
1510 4399 1575 4442 rb·
1587 4360 1606 4420 5·
1656 4431 1658 4438 ,

399 4474 440 4532 n.
465 4469 516 4533 11.
538 4493 569 4552 p.
594 4469 668 4535 186.
701 4509 743 4518 -
779 4471 804 4550 6)
823 4473 867 4535 of.
883 4474 1014 4533 natu.
1032 4472 1216 4535 Alexand.
1233 4472 1316 4534 uisi.
1332 4476 1449 4538 noete.
1466 4452 1610 4535 sato-2·

396 4563 472 4624 diss.
494 4566 524 4625 8.
545 4585 574 4625 n.
598 4567 629 4626 8.
651 4564 722 4628 Par.
742 4560 838 4627 1714.
857 4567 896 4628 T.
913 4561 944 4626 3.
961 4586 991 4644 p.
1009 4562 1085 4627 398.
1110 4565 1176 4626 Nic.
1193 4564 1360 4645 Nourry,
1383 4567 1557 4646 Adparab
1575 4535 1615 4612 td

397 4654 543 4717 Bibliottt.
560 4675 642 4720 maa.
659 4658 727 4721 PP.
744 4658 783 4720 T.
802 4652 830 4719 1.
846 4677 877 4737 p.
896 4653 962 4719 982
979 4676 1003 4720 s.
