3775 5625
1392 416 1458 487 419

267 584 329 650 hoc
345 603 425 646 vero
436 580 710 667 justitiaactualis
727 593 847 647 nostra.
863 582 957 647 Prior
968 603 1078 668 porro,
1086 585 1358 669 supernaturalem
1375 584 1459 647 enim

267 704 436 778 utramque
453 713 526 757 esse
552 704 695 777 oportet,
726 692 758 754 in
775 690 868 755 nobis
891 690 1029 755 efficitur
1051 691 1157 780 gratia
1176 691 1390 776 justificante,
1412 695 1461 757 vel

267 799 378 883 potius
399 802 478 865 haee
497 801 568 886 ipsa
590 800 696 888 gratia
712 799 895 885 justificans
912 813 977 874 est;
1002 800 1163 885 posterior
1184 822 1279 877 vero,
1295 816 1392 888 prout
1408 816 1461 868 aut

267 910 472 996 praeparatio
484 908 628 995 justitiae
639 908 818 984 habitualis,
835 923 888 974 aut
897 911 1020 975 fructus
1037 913 1181 995 ejusdem
1197 923 1256 985 est,
1274 902 1321 975 vel
1338 913 1462 999 gratiae

267 1018 414 1094 actualis,
431 1021 481 1083 vel
496 1019 619 1108 gradec
636 1032 669 1083 et
683 1018 851 1083 habitualis
868 1032 900 1083 et
916 1019 1064 1094 actualia,
1086 1041 1148 1084 una
1170 1042 1242 1085 eum
1267 1034 1462 1106 cooperante

267 1128 408 1192 hominis
424 1128 526 1192 libero
544 1128 689 1203 arbitrio,
706 1127 840 1193 effectus
857 1141 916 1194 est.

377 1257 579 1341 Quapropter
606 1256 763 1340 justitia
794 1256 963 1321 habitualis
995 1277 1053 1319 seu
1075 1257 1205 1343 gratia
1224 1257 1464 1340 justificans

272 1364 345 1428 illa
360 1365 493 1453 gratia
514 1378 589 1441 est,
612 1364 683 1451 quai
704 1366 742 1430 in
764 1366 953 1430 cordibus
969 1367 1122 1431 nostris
1139 1388 1206 1451 per
1224 1367 1412 1452 Spiritum
1430 1373 1464 1433 S.

236 1523 243 1541 s
270 1472 425 1537 diffusa
435 1474 535 1557 justi
553 1495 697 1548 sumus.
720 1473 974 1538 Justiiieatio
993 1487 1118 1549 autem,
1141 1496 1220 1559 quae
1238 1497 1355 1540 nomen
1372 1500 1464 1542 suum

269 1603 288 1646 a
299 1582 427 1667 justitia
444 1584 554 1658 babet,
586 1584 661 1647 nihil
683 1584 765 1648 aliud
787 1597 853 1658 est,
877 1605 970 1668 quam
993 1584 1204 1649 translatio
1222 1587 1266 1649 de
1283 1598 1386 1650 statu
1413 1585 1464 1649 in·

265 1692 459 1776 justitiae
491 1693 527 1756 in
560 1705 704 1757 statum
731 1693 930 1778 justitiae3
948 1693 1129 1778 justificare
1152 1694 1236 1759 enim
1260 1708 1311 1760 est
1331 1695 1465 1780 aliquem

264 1803 392 1885 justum
407 1804 553 1870 reddere.

382 1934 415 1990 ln
433 1933 528 1993 hacce
540 1934 775 2009 justificationis
787 1936 964 1994 definitione
976 1936 1096 2011 quidem
1109 1945 1275 1994 novatores
1293 1954 1374 1996 saec.
1384 1938 1467 1995 XVl.

274 2043 665 2124 nobiseum-consentinam
683 2054 816 2106 attamen
835 2046 913 2122 quod
930 2046 968 2103 ad
984 2045 1117 2104 indolem
1133 2046 1224 2121 hujus
1236 2036 1395 2119 justitiae,
1410 2063 1468 2122 qua

266 2154 348 2228 justi
365 2171 482 2221 sumus,
502 2152 621 2234 attinet,
637 2153 741 2230 prouti
759 2163 790 2211 et
807 2155 904 2230 quoad
922 2154 1152 2230 dispositionem
1181 2173 1235 2211 seu
1253 2155 1467 2230 praeparatio-

273 2282 344 2322 nem
364 2264 401 2321 ad
416 2264 498 2321 illam
523 2264 786 2339 conseqnehdam,
821 2273 884 2322 toto
908 2265 995 2323 coelo
1018 2265 1143 2322 diversa
1168 2264 1294 2323 anobis
1319 2273 1467 2322 statuunt.

273 2374 399 2432 Doeeut
416 2372 508 2452 enim,
519 2372 683 2447 justitiam,
701 2392 759 2449 qua
771 2374 998 2448 justificamur,
1016 2392 1073 2431 non
1092 2391 1162 2430 esse
1180 2374 1268 2431 nobis
1286 2374 1407 2431 interne
1425 2374 1468 2430 in·

273 2482 473 2560 haerentem,
495 2481 551 2538 sed
569 2481 722 2555 justitiam
741 2482 859 2540 Christi
875 2491 993 2540 tantum
1017 2482 1105 2540 nobis
1124 2482 1321 2540 extrinsecus
1339 2483 1468 2558 imputa-

270 2601 350 2658 tam,
368 2600 399 2648 et
414 2609 469 2665 per
487 2590 575 2648 fidem
595 2590 716 2649 anobis
734 2591 973 2667 apprehensam,
995 2591 1015 2651 i.
1034 2611 1060 2650 e.
1078 2591 1229 2649 bominem
1247 2610 1303 2666 per
1314 2591 1467 2664 jnstifira·

276 2700 391 2759 honam
403 2699 521 2774 justum
540 2700 623 2768 fieri,
641 2719 699 2757 non
718 2710 868 2777 quatenus
885 2720 998 2759 revera
1008 2701 1114 2776 justus
1132 2701 1189 2769 sit,
1213 2701 1267 2758 sed
1284 2709 1434 2777 quatenus
1453 2718 1470 2757 a

274 2811 344 2869 Dea
361 2827 416 2885 pra
429 2808 515 2882 justa
534 2808 721 2879 declaretur,
738 2819 769 2869 et
785 2811 868 2887 ipse,
893 2829 926 2867 se
948 2809 1067 2883 justum
1086 2829 1141 2867 seu
1158 2829 1213 2886 pro
1225 2809 1312 2884 justo
1330 2811 1468 2868 declara·

276 2927 341 2977 tum
359 2936 439 2990 esse,
457 2919 575 2990 eredat,
591 2920 641 2976 vel
657 2920 758 2994 potius
775 2920 835 2977 sibi
851 2920 1048 2994 persuadeat,
1065 2920 1108 2977 ita
1126 2929 1158 2977 ut
1169 2919 1308 2993 justitie,
1325 2921 1468 2995 quemad-

275 3027 397 3086 modum
423 3027 617 3085 hutherus
645 3028 758 3086 alieubi
783 3029 841 3097 ait,
866 3027 939 3085 nihil
961 3027 1042 3085 aliud
1059 3028 1115 3096 sit,
1134 3046 1222 3103 quam
1240 3027 1364 3103 pallium
1384 3046 1467 3084 mun-

275 3137 356 3207 dum,
374 3137 450 3213 quod
467 3136 620 3195 immundo
637 3138 761 3211 leproso
780 3137 1039 3212 circumdatur¹),
1057 3146 1108 3194 aut
1124 3156 1211 3206 vero,
1228 3147 1262 3195 ut
1280 3137 1370 3195 docet
1387 3136 1468 3194 Cal·

275 3247 402 3315 vinus,
419 3246 540 3304 nonnisi
557 3247 598 3305 sit
615 3247 703 3304 lavor
719 3247 789 3317 Dei,
806 3265 861 3304 seu
881 3247 1053 3323 acceptatio
1071 3248 1107 3304 ad
1125 3247 1270 3324 gratiam.

279 3416 490 3429 ...φ-...ο-

385 3492 411 3581 1)
429 3498 516 3573 Apol.
545 3499 635 3577 Cous.
663 3500 788 3579 Aupust.
807 3520 831 3563 c.
849 3503 877 3562 3.
895 3507 952 3560 art.
972 3503 1000 3560 6.
1017 3521 1048 3564 a.
1066 3503 1136 3562 181.
1158 3499 1269 3559 habet:
1295 3497 1472 3574 Justifioare

275 3609 348 3649 vero
365 3591 419 3648 hoc
436 3590 500 3650 loco
522 3591 626 3663 (Rom.
645 3588 674 3663 8,
694 3588 903 3681 l.)·foremsi
919 3590 1188 3650 consuetudine
1204 3589 1358 3666 sipaiflcat
1373 3609 1471 3648 reum

278 3682 473 3741 absoluere
490 3687 522 3740 et
531 3680 785 3755 pronuntiare
792 3684 952 3760 justum,
970 3684 1023 3740 sed
1030 3689 1156 3756 propter
1167 3682 1298 3741 alienam
1305 3681 1471 3760 justitiam,

277 3771 418 3830 videlieet
441 3771 573 3845 Christi,
610 3792 700 3848 quae
726 3772 849 3831 aliena
866 3772 1027 3851 justitia
1051 3773 1341 3833 communicatur
1365 3771 1473 3830 uobis

271 3883 344 3940 per
359 3861 489 3939 fidem.
506 3883 535 3923 a.
554 3866 625 3925 182.
658 3866 766 3939 Itaque
787 3884 877 3939 quum
897 3867 952 3923 hoo
968 3864 1166 3942 locojustitia
1182 3871 1290 3924 nostra
1306 3864 1348 3922 sit
1361 3863 1374 3919 i
1381 3881 1472 3937 mpu-

277 3952 374 4014 tatio
394 3954 540 4013 alienae
546 3953 740 4032 justitiae,
764 3954 852 4014 aliter
867 3955 916 4013 hio
932 3954 1103 4033 dejustitia
1119 3958 1298 4030 loquendum
1315 3961 1365 4023 est,
1384 3973 1473 4028 quam

271 4065 375 4128 ¹paam
394 4044 426 4102 ia
438 4045 634 4125 philosophia
651 4052 705 4104 aut
717 4045 752 4104 iu
761 4045 838 4122 foro
854 4046 1028 4121 quaerimus
1041 4045 1198 4123 justitiam
1214 4044 1340 4122 proprii
1361 4044 1473 4117 operis,-

276 4154 357 4215 qnaa
372 4143 449 4195 certe
470 4143 515 4195 est
528 4137 562 4195 ia
581 4138 738 4197 uoluntate.
777 4136 863 4197 Libr.
885 4140 979 4214 symb.
1011 4139 1094 4196 Eeol.
1116 4138 1240 4197 Dather.
1272 4137 1356 4214 Lips.
1376 4130 1473 4198 1847.

278 4228 324 4289 P.
345 4225 374 4287 l.
390 4249 411 4306 p
428 4224 502 4289 122.
521 4249 544 4289 ε.
562 4225 607 4289 cf.
625 4248 655 4290 a.
673 4226 745 4289 129.
762 4248 792 4307 p.
813 4225 876 4290 108
894 4250 917 4290 s.
956 4229 1059 4288 Form.
1078 4230 1216 4287 concord.
1249 4229 1288 4288 P.
1306 4231 1334 4285 2.
1353 4247 1377 4285 e.
1395 4229 1425 4289 3.
1442 4246 1472 4285 a.

277 4321 332 4381 17.
350 4320 400 4377 22.
421 4319 601 4379 Vocabulum
614 4318 756 4397 justitiae
776 4318 810 4377 ia
831 4321 885 4378 hoc
906 4319 1024 4396 hepatia
1041 4317 1195 4395 siguificat
1215 4324 1362 4396 justum
1389 4335 1473 4392 pro-

276 4408 470 4482 nuntiare,
488 4430 508 4468 a
518 4410 689 4484 peccatis
705 4416 740 4468 et
754 4409 920 4469 aeternis
932 4416 1171 4484 peccatorum
1188 4407 1396 4484 suppliciis
1418 4409 1473 4466 ah-

272 4502 442 4576 ‘solaerm
464 4507 624 4576 propter
639 4499 837 4578 justitiam
864 4500 1028 4574 Christi,
1046 4520 1137 4576 quae
1153 4521 1171 4558 a
1187 4503 1265 4559 Deo
1285 4498 1394 4577 fidei
1415 4497 1474 4556 im·

274 4597 444 4671 putatur.
461 4626 505 4636 —
524 4590 653 4661 Quaado
670 4598 767 4651 autem
782 4595 928 4665 docemus,
945 4594 1026 4668 quod
1043 4610 1100 4666 per
1116 4591 1317 4666 operationem
1336 4589 1475 4664 Spiritus

272 4681 316 4757 ³45.
333 4701 540 4758 reputaremur
561 4689 588 4740 et
609 4681 822 4760 justificemur,
846 4703 917 4742 aaa
939 4683 993 4741 ita
1018 4682 1277 4757 accipiendum
1296 4688 1362 4751 est,
1380 4683 1476 4755 =qtcod

269 4762 519 4859 justificatis
535 4780 567 4832 et
581 4773 724 4833 radatis
740 4775 845 4833 nulla
859 4789 1018 4852 prorsus
1034 4773 1234 4850 injustitia
1250 4777 1473 4853 (postregena

270 4864 448 4947 bidonem)
463 4864 700 4925 substantiae
715 4865 885 4942 ipsorum
901 4872 934 4927 et
950 4863 1238 4926 conuersatioai
1260 4865 1475 4925 adhaereat:

1197 4970 1260 5040 at*
