<?xml version="1.0" encoding="UTF-8"?>
<!DOCTYPE html PUBLIC "-//W3C//DTD XHTML 1.0 Transitional//EN"
    "http://www.w3.org/TR/xhtml1/DTD/xhtml1-transitional.dtd">
<html xmlns="http://www.w3.org/1999/xhtml" xml:lang="en" lang="en">
 <head>
  <title>
</title>
<meta http-equiv="Content-Type" content="text/html;charset=utf-8" />
  <meta name='ocr-system' content='tesseract 3.04.00' />
  <meta name='ocr-capabilities' content='ocr_page ocr_carea ocr_par ocr_line ocrx_word'/>
</head>
<body>
  <div class='ocr_page' id='page_1' title='image "./theologiadogmat00schwgoog/theologiadogmat00schwgoog_0443.png"; bbox 0 0 3775 5625; ppageno 0'>
   <div class='ocr_carea' id='block_1_1' title="bbox 340 607 1545 4304">
    <p class='ocr_par' dir='ltr' id='par_1_1' title="bbox 342 607 1534 912">
     <span class='ocr_line' id='line_1_1' title="bbox 342 607 1532 694; baseline -0.001 -17"><span class='ocrx_word' id='word_1_1' title='bbox 342 629 490 677; x_wconf 86' lang='lat' dir='ltr'><strong>tantum</strong></span> <span class='ocrx_word' id='word_1_2' title='bbox 516 617 625 684; x_wconf 87' lang='lat' dir='ltr'><strong>iilud,</strong></span> <span class='ocrx_word' id='word_1_3' title='bbox 653 617 746 693; x_wconf 87' lang='lat' dir='ltr'><strong>quod</strong></span> <span class='ocrx_word' id='word_1_4' title='bbox 774 607 1251 694; x_wconf 80' lang='lat' dir='ltr'><strong>reveradebet‚exigendi</strong></span> <span class='ocrx_word' id='word_1_5' title='bbox 1277 618 1532 693; x_wconf 89' lang='lat' dir='ltr'><strong>speciali,ju·</strong></span> 
     </span>
     <span class='ocr_line' id='line_1_2' title="bbox 343 726 926 804; baseline -0.007 -16"><span class='ocrx_word' id='word_1_6' title='bbox 343 728 459 789; x_wconf 75' lang='lat' dir='ltr'><strong>stitis</strong></span> <span class='ocrx_word' id='word_1_7' title='bbox 475 726 676 804; x_wconf 80' lang='lat' dir='ltr'><strong>specialis.</strong></span> <span class='ocrx_word' id='word_1_8' title='bbox 700 726 817 784; x_wconf 78' lang='lat' dir='ltr'>Deinde</span> <span class='ocrx_word' id='word_1_9' title='bbox 835 726 926 784; x_wconf 92' lang='lat' dir='ltr'><strong>etiam</strong></span> 
     </span>
     <span class='ocr_line' id='line_1_3' title="bbox 378 832 1534 912; baseline -0.002 -16"><span class='ocrx_word' id='word_1_10' title='bbox 378 843 381 851; x_wconf 73' lang='lat'>‘</span> <span class='ocrx_word' id='word_1_11' title='bbox 451 832 482 896; x_wconf 83' lang='grc'><strong>4.</strong></span> <span class='ocrx_word' id='word_1_12' title='bbox 499 854 555 912; x_wconf 90' lang='lat' dir='ltr'><strong>pro</strong></span> <span class='ocrx_word' id='word_1_13' title='bbox 577 834 825 912; x_wconf 74' lang='lat' dir='ltr'><strong>benignitate.</strong></span> <span class='ocrx_word' id='word_1_14' title='bbox 866 834 931 910; x_wconf 79' lang='lat' dir='ltr'><strong>Quo</strong></span> <span class='ocrx_word' id='word_1_15' title='bbox 958 853 1052 892; x_wconf 88' lang='lat' dir='ltr'><strong>sensu</strong></span> <span class='ocrx_word' id='word_1_16' title='bbox 1078 835 1239 894; x_wconf 78' lang='lat' dir='ltr'><strong>adhibetur</strong></span> <span class='ocrx_word' id='word_1_17' title='bbox 1270 856 1287 893; x_wconf 89' lang='lat' dir='ltr'><strong>a</strong></span> <span class='ocrx_word' id='word_1_18' title='bbox 1319 834 1534 908; x_wconf 82' lang='lat' dir='ltr'><strong>Psalmiste,</strong></span> 
     </span>
    </p>

    <p class='ocr_par' dir='ltr' id='par_1_2' title="bbox 344 942 1534 1129">
     <span class='ocr_line' id='line_1_4' title="bbox 345 942 1534 1025; baseline -0.004 -20"><span class='ocrx_word' id='word_1_19' title='bbox 345 967 437 1025; x_wconf 86' lang='lat' dir='ltr'><strong>quum</strong></span> <span class='ocrx_word' id='word_1_20' title='bbox 456 946 515 1004; x_wconf 83' lang='lat' dir='ltr'><strong>ait:</strong></span> <span class='ocrx_word' id='word_1_21' title='bbox 555 942 682 1003; x_wconf 82' lang='lat' dir='ltr'><strong>Libera</strong></span> <span class='ocrx_word' id='word_1_22' title='bbox 698 963 748 1002; x_wconf 86' lang='lat' dir='ltr'><strong>me</strong></span> <span class='ocrx_word' id='word_1_23' title='bbox 765 944 803 1002; x_wconf 85' lang='lat' dir='ltr'><strong>de</strong></span> <span class='ocrx_word' id='word_1_24' title='bbox 819 945 1035 1019; x_wconf 72' lang='lat' dir='ltr'><strong>sonpoioibus</strong></span> <span class='ocrx_word' id='word_1_25' title='bbox 1050 944 1160 1020; x_wconf 83' lang='lat' dir='ltr'><strong>Deus,</strong></span> <span class='ocrx_word' id='word_1_26' title='bbox 1179 943 1270 1004; x_wconf 79' lang='lat' dir='ltr'><strong>Dauo</strong></span> <span class='ocrx_word' id='word_1_27' title='bbox 1286 946 1406 1004; x_wconf 73' lang='lat' dir='ltr'><strong>solutis</strong></span> <span class='ocrx_word' id='word_1_28' title='bbox 1422 962 1534 1003; x_wconf 85' lang='lat' dir='ltr'><strong>mooe:</strong></span> 
     </span>
     <span class='ocr_line' id='line_1_5' title="bbox 344 1052 1319 1129; baseline -0.004 -13"><span class='ocrx_word' id='word_1_29' title='bbox 344 1063 379 1116; x_wconf 85' lang='lat' dir='ltr'><strong>et</strong></span> <span class='ocrx_word' id='word_1_30' title='bbox 392 1056 558 1116; x_wconf 69' lang='lat' dir='ltr'><strong>exultabit</strong></span> <span class='ocrx_word' id='word_1_31' title='bbox 572 1055 684 1129; x_wconf 71' lang='lat' dir='ltr'><strong>linquo</strong></span> <span class='ocrx_word' id='word_1_32' title='bbox 700 1056 851 1128; x_wconf 77' lang='lat' dir='ltr'><strong>roeajus</strong></span> <span class='ocrx_word' id='word_1_33' title='bbox 861 1059 990 1114; x_wconf 84' lang='lat' dir='ltr'><strong>titiam</strong></span> <span class='ocrx_word' id='word_1_34' title='bbox 1007 1061 1111 1114; x_wconf 81' lang='lat' dir='ltr'><strong>tuom</strong></span> <span class='ocrx_word' id='word_1_35' title='bbox 1123 1052 1157 1128; x_wconf 88' lang='lat'><strong>¹).</strong></span> <span class='ocrx_word' id='word_1_36' title='bbox 1183 1055 1319 1113; x_wconf 81' lang='lat' dir='ltr'>Tandem</span> 
     </span>
    </p>

    <p class='ocr_par' dir='ltr' id='par_1_3' title="bbox 344 1159 1537 1683">
     <span class='ocr_line' id='line_1_6' title="bbox 452 1159 1534 1241; baseline -0.002 -17"><span class='ocrx_word' id='word_1_37' title='bbox 452 1159 483 1225; x_wconf 83' lang='lat'><strong>5.</strong></span> <span class='ocrx_word' id='word_1_38' title='bbox 501 1165 656 1241; x_wconf 80' lang='lat' dir='ltr'><strong>prolege</strong></span> <span class='ocrx_word' id='word_1_39' title='bbox 675 1164 817 1233; x_wconf 87' lang='lat' dir='ltr'><strong>divina,</strong></span> <span class='ocrx_word' id='word_1_40' title='bbox 850 1183 927 1241; x_wconf 85' lang='lat' dir='ltr'><strong>quae</strong></span> <span class='ocrx_word' id='word_1_41' title='bbox 944 1182 1017 1233; x_wconf 90' lang='lat' dir='ltr'><strong>nos,</strong></span> <span class='ocrx_word' id='word_1_42' title='bbox 1042 1164 1119 1240; x_wconf 87' lang='lat' dir='ltr'><strong>quod</strong></span> <span class='ocrx_word' id='word_1_43' title='bbox 1140 1165 1169 1221; x_wconf 91' lang='lat' dir='ltr'><strong>in</strong></span> <span class='ocrx_word' id='word_1_44' title='bbox 1188 1182 1222 1223; x_wconf 91' lang='lat' dir='ltr'><strong>se</strong></span> <span class='ocrx_word' id='word_1_45' title='bbox 1239 1183 1295 1222; x_wconf 86' lang='lat' dir='ltr'><strong>sau</strong></span> <span class='ocrx_word' id='word_1_46' title='bbox 1312 1164 1462 1238; x_wconf 87' lang='lat' dir='ltr'><strong>objective</strong></span> <span class='ocrx_word' id='word_1_47' title='bbox 1485 1164 1534 1237; x_wconf 92' lang='lat' dir='ltr'><strong>ju·</strong></span> 
     </span>
     <span class='ocr_line' id='line_1_7' title="bbox 344 1271 1537 1350; baseline -0.002 -17"><span class='ocrx_word' id='word_1_48' title='bbox 344 1284 427 1333; x_wconf 90' lang='lat' dir='ltr'><strong>stum</strong></span> <span class='ocrx_word' id='word_1_49' title='bbox 446 1284 504 1342; x_wconf 89' lang='lat' dir='ltr'><strong>est,</strong></span> <span class='ocrx_word' id='word_1_50' title='bbox 522 1273 623 1341; x_wconf 89' lang='lat' dir='ltr'><strong>docet,</strong></span> <span class='ocrx_word' id='word_1_51' title='bbox 641 1282 683 1341; x_wconf 85' lang='lat' dir='ltr'><strong>ut,</strong></span> <span class='ocrx_word' id='word_1_52' title='bbox 702 1273 819 1350; x_wconf 86' lang='lat' dir='ltr'><strong>quando</strong></span> <span class='ocrx_word' id='word_1_53' title='bbox 836 1273 1046 1331; x_wconf 82' lang='lat' dir='ltr'><strong>Psalmista</strong></span> <span class='ocrx_word' id='word_1_54' title='bbox 1064 1273 1164 1333; x_wconf 77' lang='lat' dir='ltr'><strong>carnit:</strong></span> <span class='ocrx_word' id='word_1_55' title='bbox 1191 1271 1221 1331; x_wconf 83' lang='lat' dir='ltr'><em>J</em></span> <span class='ocrx_word' id='word_1_56' title='bbox 1223 1277 1389 1333; x_wconf 75' lang='lat' dir='ltr'><strong>notitiae</strong></span> <span class='ocrx_word' id='word_1_57' title='bbox 1404 1274 1537 1332; x_wconf 78' lang='lat' dir='ltr'><strong>Domini</strong></span> 
     </span>
     <span class='ocr_line' id='line_1_8' title="bbox 345 1359 1535 1460; baseline -0.001 -16"><span class='ocrx_word' id='word_1_58' title='bbox 345 1389 474 1460; x_wconf 80' lang='lat' dir='ltr'><strong>rectae,</strong></span> <span class='ocrx_word' id='word_1_59' title='bbox 508 1359 865 1458; x_wconf 35' lang='lat' dir='ltr'><strong>laetificantes&#39;cordo:</strong></span> <span class='ocrx_word' id='word_1_60' title='bbox 892 1388 1103 1460; x_wconf 80' lang='lat' dir='ltr'><strong>praeceptum</strong></span> <span class='ocrx_word' id='word_1_61' title='bbox 1124 1382 1256 1442; x_wconf 79' lang='lat' dir='ltr'><strong>Domini</strong></span> <span class='ocrx_word' id='word_1_62' title='bbox 1272 1383 1431 1459; x_wconf 80' lang='lat' dir='ltr'><strong>lucidum,</strong></span> <span class='ocrx_word' id='word_1_63' title='bbox 1453 1382 1535 1443; x_wconf 79' lang='lat' dir='ltr'><strong>illu·</strong></span> 
     </span>
     <span class='ocr_line' id='line_1_9' title="bbox 344 1489 1535 1564; baseline -0.001 -12"><span class='ocrx_word' id='word_1_64' title='bbox 344 1497 474 1552; x_wconf 71' lang='lat' dir='ltr'><strong>minans</strong></span> <span class='ocrx_word' id='word_1_65' title='bbox 500 1489 663 1564; x_wconf 51' lang='lat' dir='ltr'><strong>oculosa.</strong></span> <span class='ocrx_word' id='word_1_66' title='bbox 704 1526 745 1534; x_wconf 92' lang='lat'><em>-</em></span> <span class='ocrx_word' id='word_1_67' title='bbox 784 1492 1031 1550; x_wconf 81' lang='lat' dir='ltr'><strong>Justiiieatio</strong></span> <span class='ocrx_word' id='word_1_68' title='bbox 1063 1502 1162 1551; x_wconf 91' lang='lat' dir='ltr'><strong>autem</strong></span> <span class='ocrx_word' id='word_1_69' title='bbox 1196 1492 1227 1549; x_wconf 91' lang='lat' dir='ltr'><strong>in</strong></span> <span class='ocrx_word' id='word_1_70' title='bbox 1253 1492 1314 1551; x_wconf 81' lang='lat' dir='ltr'><strong>SS.</strong></span> <span class='ocrx_word' id='word_1_71' title='bbox 1339 1493 1469 1552; x_wconf 77' lang='lat' dir='ltr'><strong>Litteris</strong></span> <span class='ocrx_word' id='word_1_72' title='bbox 1493 1491 1535 1551; x_wconf 89' lang='lat' dir='ltr'><strong>si·</strong></span> 
     </span>
     <span class='ocr_line' id='line_1_10' title="bbox 345 1603 477 1683; baseline -0.008 -22"><span class='ocrx_word' id='word_1_73' title='bbox 345 1603 477 1683; x_wconf 73' lang='lat' dir='ltr'><strong>gnificat</strong></span> 
     </span>
    </p>

    <p class='ocr_par' dir='ltr' id='par_1_4' title="bbox 340 1708 1545 2878">
     <span class='ocr_line' id='line_1_11' title="bbox 455 1708 1538 1787; baseline -0.001 -18"><span class='ocrx_word' id='word_1_74' title='bbox 455 1708 484 1773; x_wconf 88' lang='lat'><strong>1.</strong></span> <span class='ocrx_word' id='word_1_75' title='bbox 503 1720 565 1769; x_wconf 88' lang='lat' dir='ltr'><strong>tam</strong></span> <span class='ocrx_word' id='word_1_76' title='bbox 599 1709 788 1769; x_wconf 76' lang='lat' dir='ltr'><strong>actionem</strong></span> <span class='ocrx_word' id='word_1_77' title='bbox 821 1710 915 1780; x_wconf 86' lang='lat' dir='ltr'><strong>iliam,</strong></span> <span class='ocrx_word' id='word_1_78' title='bbox 949 1729 1018 1787; x_wconf 82' lang='lat' dir='ltr'><strong>qua</strong></span> <span class='ocrx_word' id='word_1_79' title='bbox 1050 1711 1158 1769; x_wconf 91' lang='lat' dir='ltr'><strong>nobis</strong></span> <span class='ocrx_word' id='word_1_80' title='bbox 1185 1710 1343 1785; x_wconf 88' lang='lat' dir='ltr'><strong>justitia</strong></span> <span class='ocrx_word' id='word_1_81' title='bbox 1381 1711 1538 1769; x_wconf 85' lang='lat' dir='ltr'><strong>interna</strong></span> 
     </span>
     <span class='ocr_line' id='line_1_12' title="bbox 346 1819 1538 1897; baseline -0.002 -17"><span class='ocrx_word' id='word_1_82' title='bbox 346 1840 483 1897; x_wconf 79' lang='lat' dir='ltr'><strong>reapse</strong></span> <span class='ocrx_word' id='word_1_83' title='bbox 501 1819 719 1888; x_wconf 79' lang='lat' dir='ltr'><strong>confertur,</strong></span> <span class='ocrx_word' id='word_1_84' title='bbox 738 1838 854 1896; x_wconf 91' lang='lat' dir='ltr'><strong>nosque</strong></span> <span class='ocrx_word' id='word_1_85' title='bbox 873 1839 911 1877; x_wconf 86' lang='lat' dir='ltr'><strong>ex</strong></span> <span class='ocrx_word' id='word_1_86' title='bbox 926 1820 1049 1894; x_wconf 88' lang='lat' dir='ltr'><strong>injustis</strong></span> <span class='ocrx_word' id='word_1_87' title='bbox 1060 1820 1139 1895; x_wconf 86' lang='lat' dir='ltr'><strong>justi</strong></span> <span class='ocrx_word' id='word_1_88' title='bbox 1156 1821 1327 1889; x_wconf 86' lang='lat' dir='ltr'><strong>reddimur,</strong></span> <span class='ocrx_word' id='word_1_89' title='bbox 1351 1839 1437 1897; x_wconf 86' lang='lat' dir='ltr'><strong>quam</strong></span> <span class='ocrx_word' id='word_1_90' title='bbox 1460 1838 1538 1889; x_wconf 88' lang='lat' dir='ltr'><strong>eam,</strong></span> 
     </span>
     <span class='ocr_line' id='line_1_13' title="bbox 347 1928 1537 2008; baseline -0.002 -19"><span class='ocrx_word' id='word_1_91' title='bbox 347 1950 419 2008; x_wconf 78' lang='lat' dir='ltr'><strong>que</strong></span> <span class='ocrx_word' id='word_1_92' title='bbox 448 1930 552 1988; x_wconf 90' lang='lat' dir='ltr'><strong>bomo</strong></span> <span class='ocrx_word' id='word_1_93' title='bbox 573 1948 638 2004; x_wconf 92' lang='lat' dir='ltr'><strong>pro</strong></span> <span class='ocrx_word' id='word_1_94' title='bbox 661 1928 766 2002; x_wconf 89' lang='lat' dir='ltr'><strong>justo</strong></span> <span class='ocrx_word' id='word_1_95' title='bbox 788 1928 1030 1999; x_wconf 82' lang='lat' dir='ltr'><strong>declaratur,</strong></span> <span class='ocrx_word' id='word_1_96' title='bbox 1063 1930 1114 2006; x_wconf 92' lang='lat' dir='ltr'><strong>qui</strong></span> <span class='ocrx_word' id='word_1_97' title='bbox 1136 1939 1187 1989; x_wconf 88' lang='lat' dir='ltr'><strong>aut</strong></span> <span class='ocrx_word' id='word_1_98' title='bbox 1213 1930 1360 1989; x_wconf 82' lang='lat' dir='ltr'><strong>duntaxat</strong></span> <span class='ocrx_word' id='word_1_99' title='bbox 1385 1929 1537 1988; x_wconf 87' lang='lat' dir='ltr'><strong>immerito</strong></span> 
     </span>
     <span class='ocr_line' id='line_1_14' title="bbox 346 2038 1538 2117; baseline -0.001 -20"><span class='ocrx_word' id='word_1_100' title='bbox 346 2059 403 2117; x_wconf 89' lang='lat' dir='ltr'><strong>pro</strong></span> <span class='ocrx_word' id='word_1_101' title='bbox 421 2038 533 2113; x_wconf 87' lang='lat' dir='ltr'><strong>injusto</strong></span> <span class='ocrx_word' id='word_1_102' title='bbox 551 2038 693 2106; x_wconf 86' lang='lat' dir='ltr'><strong>habetur,</strong></span> <span class='ocrx_word' id='word_1_103' title='bbox 711 2047 761 2096; x_wconf 84' lang='lat' dir='ltr'><strong>aut</strong></span> <span class='ocrx_word' id='word_1_104' title='bbox 779 2056 891 2097; x_wconf 86' lang='lat' dir='ltr'><strong>revera</strong></span> <span class='ocrx_word' id='word_1_105' title='bbox 907 2039 1040 2113; x_wconf 92' lang='lat' dir='ltr'><strong>injustus</strong></span> <span class='ocrx_word' id='word_1_106' title='bbox 1059 2048 1116 2099; x_wconf 90' lang='lat' dir='ltr'><strong>est.</strong></span> <span class='ocrx_word' id='word_1_107' title='bbox 1141 2040 1245 2097; x_wconf 88' lang='lat' dir='ltr'><strong>Priori</strong></span> <span class='ocrx_word' id='word_1_108' title='bbox 1266 2058 1359 2097; x_wconf 90' lang='lat' dir='ltr'><strong>sensu</strong></span> <span class='ocrx_word' id='word_1_109' title='bbox 1378 2039 1538 2098; x_wconf 89' lang='lat' dir='ltr'><strong>adhibetur</strong></span> 
     </span>
     <span class='ocr_line' id='line_1_15' title="bbox 340 2146 1539 2227; baseline 0 -20"><span class='ocrx_word' id='word_1_110' title='bbox 340 2148 527 2225; x_wconf 84' lang='lat' dir='ltr'><strong>justificatio</strong></span> <span class='ocrx_word' id='word_1_111' title='bbox 554 2166 572 2205; x_wconf 91' lang='lat' dir='ltr'><strong>a</strong></span> <span class='ocrx_word' id='word_1_112' title='bbox 592 2148 723 2219; x_wconf 84' lang='lat' dir='ltr'><strong>Paulo,</strong></span> <span class='ocrx_word' id='word_1_113' title='bbox 740 2148 916 2206; x_wconf 79' lang='lat' dir='ltr'><strong>scribente:</strong></span> <span class='ocrx_word' id='word_1_114' title='bbox 960 2146 1024 2220; x_wconf 82' lang='lat' dir='ltr'><strong>Oui</strong></span> <span class='ocrx_word' id='word_1_115' title='bbox 1045 2149 1189 2207; x_wconf 76' lang='lat' dir='ltr'><strong>traditor</strong></span> <span class='ocrx_word' id='word_1_116' title='bbox 1205 2154 1403 2227; x_wconf 81' lang='lat' dir='ltr'><strong>estpropter</strong></span> <span class='ocrx_word' id='word_1_117' title='bbox 1422 2147 1539 2207; x_wconf 83' lang='lat' dir='ltr'><strong>delicto</strong></span> 
     </span>
     <span class='ocr_line' id='line_1_16' title="bbox 346 2259 1538 2335; baseline -0.003 -17"><span class='ocrx_word' id='word_1_118' title='bbox 346 2264 488 2333; x_wconf 79' lang='lat' dir='ltr'><strong>nostro,</strong></span> <span class='ocrx_word' id='word_1_119' title='bbox 518 2263 551 2316; x_wconf 85' lang='lat' dir='ltr'><strong>et</strong></span> <span class='ocrx_word' id='word_1_120' title='bbox 569 2262 760 2316; x_wconf 69' lang='lat' dir='ltr'><strong>recorrexit</strong></span> <span class='ocrx_word' id='word_1_121' title='bbox 771 2262 907 2335; x_wconf 81' lang='lat' dir='ltr'><strong>propter</strong></span> <span class='ocrx_word' id='word_1_122' title='bbox 928 2259 1277 2334; x_wconf 75' lang='lat' dir='ltr'><strong>Joctifiootionem</strong></span> <span class='ocrx_word' id='word_1_123' title='bbox 1309 2262 1538 2331; x_wconf 76' lang='lat' dir='ltr'><strong>nostrarn⁸].</strong></span> 
     </span>
     <span class='ocr_line' id='line_1_17' title="bbox 346 2365 1541 2445; baseline -0.001 -18"><span class='ocrx_word' id='word_1_124' title='bbox 346 2372 408 2427; x_wconf 80' lang='lat' dir='ltr'><strong>Et:</strong></span> <span class='ocrx_word' id='word_1_125' title='bbox 428 2365 522 2427; x_wconf 83' lang='lat' dir='ltr'><strong>Unus</strong></span> <span class='ocrx_word' id='word_1_126' title='bbox 549 2372 602 2425; x_wconf 84' lang='lat' dir='ltr'><strong>est</strong></span> <span class='ocrx_word' id='word_1_127' title='bbox 615 2365 726 2443; x_wconf 79' lang='lat' dir='ltr'><strong>Deus,</strong></span> <span class='ocrx_word' id='word_1_128' title='bbox 754 2371 810 2445; x_wconf 82' lang='lat' dir='ltr'><strong>poi</strong></span> <span class='ocrx_word' id='word_1_129' title='bbox 825 2369 848 2441; x_wconf 83' lang='lat' dir='ltr'><em>j</em></span> <span class='ocrx_word' id='word_1_130' title='bbox 854 2369 1046 2444; x_wconf 81' lang='lat' dir='ltr'><strong>ustificat</strong></span> <span class='ocrx_word' id='word_1_131' title='bbox 1060 2372 1341 2428; x_wconf 83' lang='lat' dir='ltr'><strong>circumcisionem</strong></span> <span class='ocrx_word' id='word_1_132' title='bbox 1358 2387 1401 2427; x_wconf 77' lang='lat' dir='ltr'><strong>eo:</strong></span> <span class='ocrx_word' id='word_1_133' title='bbox 1413 2367 1491 2443; x_wconf 78' lang='lat' dir='ltr'><strong>fido,</strong></span> <span class='ocrx_word' id='word_1_134' title='bbox 1510 2372 1541 2426; x_wconf 83' lang='lat' dir='ltr'><strong>et</strong></span> 
     </span>
     <span class='ocr_line' id='line_1_18' title="bbox 343 2471 1541 2556; baseline 0.001 -23"><span class='ocrx_word' id='word_1_135' title='bbox 343 2481 558 2556; x_wconf 81' lang='lat' dir='ltr'><strong>praeputium</strong></span> <span class='ocrx_word' id='word_1_136' title='bbox 570 2494 631 2553; x_wconf 84' lang='lat' dir='ltr'><strong>per</strong></span> <span class='ocrx_word' id='word_1_137' title='bbox 643 2471 787 2551; x_wconf 57' lang='lat' dir='ltr'><strong>pidem.</strong></span> <span class='ocrx_word' id='word_1_138' title='bbox 828 2477 1003 2535; x_wconf 89' lang='lat' dir='ltr'><strong>Posteriori</strong></span> <span class='ocrx_word' id='word_1_139' title='bbox 1019 2486 1120 2535; x_wconf 89' lang='lat' dir='ltr'><strong>autem</strong></span> <span class='ocrx_word' id='word_1_140' title='bbox 1138 2478 1318 2555; x_wconf 77' lang='lat' dir='ltr'><strong>significatu</strong></span> <span class='ocrx_word' id='word_1_141' title='bbox 1336 2478 1487 2553; x_wconf 83' lang='lat' dir='ltr'><strong>accipitur</strong></span> <span class='ocrx_word' id='word_1_142' title='bbox 1504 2477 1541 2534; x_wconf 87' lang='lat' dir='ltr'><strong>ab</strong></span> 
     </span>
     <span class='ocr_line' id='line_1_19' title="bbox 349 2584 1543 2662; baseline -0.002 -17"><span class='ocrx_word' id='word_1_143' title='bbox 349 2596 477 2646; x_wconf 88' lang='lat' dir='ltr'><strong>auctore</strong></span> <span class='ocrx_word' id='word_1_144' title='bbox 503 2584 818 2653; x_wconf 87' lang='lat' dir='ltr'><strong>Proverbiurum,</strong></span> <span class='ocrx_word' id='word_1_145' title='bbox 842 2604 931 2661; x_wconf 90' lang='lat' dir='ltr'><strong>quum</strong></span> <span class='ocrx_word' id='word_1_146' title='bbox 959 2585 995 2643; x_wconf 89' lang='lat' dir='ltr'><strong>de</strong></span> <span class='ocrx_word' id='word_1_147' title='bbox 1008 2585 1113 2659; x_wconf 89' lang='lat' dir='ltr'><strong>judice</strong></span> <span class='ocrx_word' id='word_1_148' title='bbox 1132 2586 1192 2644; x_wconf 82' lang='lat' dir='ltr'><strong>ait:</strong></span> <span class='ocrx_word' id='word_1_149' title='bbox 1236 2584 1301 2658; x_wconf 81' lang='lat' dir='ltr'><strong>Oui</strong></span> <span class='ocrx_word' id='word_1_150' title='bbox 1321 2587 1543 2662; x_wconf 80' lang='lat' dir='ltr'><strong>justificat</strong></span> 
     </span>
     <span class='ocr_line' id='line_1_20' title="bbox 348 2674 1545 2786; baseline -0.003 -31"><span class='ocrx_word' id='word_1_151' title='bbox 348 2700 533 2774; x_wconf 80' lang='lat' dir='ltr'><strong>impium,</strong></span> <span class='ocrx_word' id='word_1_152' title='bbox 552 2700 585 2753; x_wconf 83' lang='lat' dir='ltr'><strong>et</strong></span> <span class='ocrx_word' id='word_1_153' title='bbox 599 2694 795 2754; x_wconf 83' lang='lat' dir='ltr'><strong>condemnat</strong></span> <span class='ocrx_word' id='word_1_154' title='bbox 814 2697 948 2769; x_wconf 82' lang='lat' dir='ltr'><strong>justum</strong></span> <span class='ocrx_word' id='word_1_155' title='bbox 957 2737 969 2786; x_wconf 57' lang='lat'><em>3</em></span> <span class='ocrx_word' id='word_1_156' title='bbox 989 2694 1221 2754; x_wconf 78' lang='lat' dir='ltr'><strong>abominabilia</strong></span> <span class='ocrx_word' id='word_1_157' title='bbox 1237 2674 1438 2774; x_wconf 76' lang='lat' dir='ltr'><strong>estoterpue</strong></span> <span class='ocrx_word' id='word_1_158' title='bbox 1455 2694 1545 2772; x_wconf 81' lang='lat' dir='ltr'><strong>apud</strong></span> 
     </span>
     <span class='ocr_line' id='line_1_21' title="bbox 348 2801 504 2878; baseline -0.006 -12"><span class='ocrx_word' id='word_1_159' title='bbox 348 2801 504 2878; x_wconf 79' lang='lat' dir='ltr'><strong>Deum⁵).</strong></span> 
     </span>
    </p>

    <p class='ocr_par' dir='ltr' id='par_1_5' title="bbox 343 2911 1543 3760">
     <span class='ocr_line' id='line_1_22' title="bbox 458 2911 1540 2991; baseline -0.002 -16"><span class='ocrx_word' id='word_1_160' title='bbox 458 2911 703 2978; x_wconf 56' lang='lat' dir='ltr'><strong>audentiam</strong></span> <span class='ocrx_word' id='word_1_161' title='bbox 736 2915 846 2973; x_wconf 87' lang='lat' dir='ltr'><strong>uobis</strong></span> <span class='ocrx_word' id='word_1_162' title='bbox 879 2915 1214 2984; x_wconf 85' lang='lat' dir='ltr'><strong>communicatem,</strong></span> <span class='ocrx_word' id='word_1_163' title='bbox 1241 2925 1272 2973; x_wconf 84' lang='lat' dir='ltr'><strong>et</strong></span> <span class='ocrx_word' id='word_1_164' title='bbox 1294 2915 1413 2991; x_wconf 88' lang='lat' dir='ltr'><strong>quidem</strong></span> <span class='ocrx_word' id='word_1_165' title='bbox 1430 2914 1540 2973; x_wconf 86' lang='lat' dir='ltr'><strong>iterum</strong></span> 
     </span>
     <span class='ocr_line' id='line_1_23' title="bbox 351 3020 1541 3096; baseline -0.002 -12"><span class='ocrx_word' id='word_1_166' title='bbox 351 3027 402 3084; x_wconf 87' lang='lat' dir='ltr'><strong>vel</strong></span> <span class='ocrx_word' id='word_1_167' title='bbox 418 3024 506 3082; x_wconf 89' lang='lat' dir='ltr'><strong>nobis</strong></span> <span class='ocrx_word' id='word_1_168' title='bbox 522 3024 644 3082; x_wconf 86' lang='lat' dir='ltr'><strong>interne</strong></span> <span class='ocrx_word' id='word_1_169' title='bbox 661 3043 774 3083; x_wconf 88' lang='lat' dir='ltr'><strong>revera</strong></span> <span class='ocrx_word' id='word_1_170' title='bbox 789 3023 1020 3096; x_wconf 88' lang='lat' dir='ltr'><strong>inhaerentem,</strong></span> <span class='ocrx_word' id='word_1_171' title='bbox 1045 3027 1094 3082; x_wconf 88' lang='lat' dir='ltr'><strong>vel</strong></span> <span class='ocrx_word' id='word_1_172' title='bbox 1112 3043 1186 3083; x_wconf 87' lang='lat' dir='ltr'><strong>veru</strong></span> <span class='ocrx_word' id='word_1_173' title='bbox 1203 3020 1320 3083; x_wconf 81' lang='lat' dir='ltr'><strong>tdntum</strong></span> <span class='ocrx_word' id='word_1_174' title='bbox 1336 3024 1366 3081; x_wconf 92' lang='lat' dir='ltr'><strong>in</strong></span> <span class='ocrx_word' id='word_1_175' title='bbox 1385 3022 1472 3080; x_wconf 90' lang='lat' dir='ltr'><strong>nobis</strong></span> <span class='ocrx_word' id='word_1_176' title='bbox 1489 3043 1541 3082; x_wconf 84' lang='lat' dir='ltr'><strong>ex·</strong></span> 
     </span>
     <span class='ocr_line' id='line_1_24' title="bbox 349 3132 1543 3210; baseline -0.004 -15"><span class='ocrx_word' id='word_1_177' title='bbox 349 3135 508 3195; x_wconf 79' lang='lat' dir='ltr'><strong>trinsecus</strong></span> <span class='ocrx_word' id='word_1_178' title='bbox 526 3134 736 3210; x_wconf 88' lang='lat' dir='ltr'><strong>adparentem,</strong></span> <span class='ocrx_word' id='word_1_179' title='bbox 753 3153 809 3192; x_wconf 88' lang='lat' dir='ltr'><strong>seu</strong></span> <span class='ocrx_word' id='word_1_180' title='bbox 826 3134 914 3192; x_wconf 89' lang='lat' dir='ltr'><strong>nobis</strong></span> <span class='ocrx_word' id='word_1_181' title='bbox 932 3144 1060 3193; x_wconf 86' lang='lat' dir='ltr'><strong>externe</strong></span> <span class='ocrx_word' id='word_1_182' title='bbox 1078 3134 1266 3194; x_wconf 85' lang='lat' dir='ltr'><strong>solummodo</strong></span> <span class='ocrx_word' id='word_1_183' title='bbox 1283 3134 1473 3208; x_wconf 84' lang='lat' dir='ltr'><strong>imputatam.</strong></span> <span class='ocrx_word' id='word_1_184' title='bbox 1492 3132 1543 3192; x_wconf 91' lang='lat' dir='ltr'><strong>Uti</strong></span> 
     </span>
     <span class='ocr_line' id='line_1_25' title="bbox 350 3240 1540 3323; baseline -0.002 -19"><span class='ocrx_word' id='word_1_185' title='bbox 350 3264 441 3323; x_wconf 87' lang='lat' dir='ltr'><strong>quum</strong></span> <span class='ocrx_word' id='word_1_186' title='bbox 473 3245 684 3319; x_wconf 78' lang='lat' dir='ltr'><strong>Apostolus</strong></span> <span class='ocrx_word' id='word_1_187' title='bbox 707 3244 765 3302; x_wconf 82' lang='lat' dir='ltr'><strong>eit:</strong></span> <span class='ocrx_word' id='word_1_188' title='bbox 806 3240 955 3321; x_wconf 79' lang='lat' dir='ltr'><strong>Spiritus</strong></span> <span class='ocrx_word' id='word_1_189' title='bbox 975 3246 1075 3304; x_wconf 82' lang='lat' dir='ltr'><strong>vivit</strong></span> <span class='ocrx_word' id='word_1_190' title='bbox 1097 3249 1234 3323; x_wconf 81' lang='lat' dir='ltr'><strong>propter</strong></span> <span class='ocrx_word' id='word_1_191' title='bbox 1256 3245 1540 3320; x_wconf 74' lang='lat' dir='ltr'><strong>Justificotio·</strong></span> 
     </span>
     <span class='ocr_line' id='line_1_26' title="bbox 349 3352 1541 3430; baseline -0.002 -16"><span class='ocrx_word' id='word_1_192' title='bbox 349 3355 480 3430; x_wconf 65' lang='lat' dir='ltr'><strong>new).</strong></span> <span class='ocrx_word' id='word_1_193' title='bbox 503 3357 566 3414; x_wconf 78' lang='lat' dir='ltr'><strong>Aut</strong></span> <span class='ocrx_word' id='word_1_194' title='bbox 581 3352 794 3430; x_wconf 87' lang='lat' dir='ltr'><strong>Propheta:</strong></span> <span class='ocrx_word' id='word_1_195' title='bbox 819 3352 908 3412; x_wconf 76' lang='lat' dir='ltr'><strong>Ecce</strong></span> <span class='ocrx_word' id='word_1_196' title='bbox 925 3371 981 3427; x_wconf 76' lang='lat' dir='ltr'><strong>epo</strong></span> <span class='ocrx_word' id='word_1_197' title='bbox 1004 3354 1179 3412; x_wconf 69' lang='lat' dir='ltr'><strong>cateridem</strong></span> <span class='ocrx_word' id='word_1_198' title='bbox 1200 3372 1333 3412; x_wconf 85' lang='lat' dir='ltr'><strong>monum</strong></span> <span class='ocrx_word' id='word_1_199' title='bbox 1353 3371 1457 3412; x_wconf 82' lang='lat' dir='ltr'><strong>meam</strong></span> <span class='ocrx_word' id='word_1_200' title='bbox 1477 3372 1541 3412; x_wconf 83' lang='lat' dir='ltr'><strong>eu-</strong></span> 
     </span>
     <span class='ocr_line' id='line_1_27' title="bbox 345 3463 1541 3545; baseline -0.004 -20"><span class='ocrx_word' id='word_1_201' title='bbox 345 3484 409 3545; x_wconf 84' lang='lat' dir='ltr'><strong>per</strong></span> <span class='ocrx_word' id='word_1_202' title='bbox 449 3470 502 3540; x_wconf 77' lang='lat' dir='ltr'><strong>te,</strong></span> <span class='ocrx_word' id='word_1_203' title='bbox 545 3466 730 3541; x_wconf 81' lang='lat' dir='ltr'><strong>auferam</strong></span> <span class='ocrx_word' id='word_1_204' title='bbox 758 3465 1112 3541; x_wconf 80' lang='lat' dir='ltr'><strong>justificationem</strong></span> <span class='ocrx_word' id='word_1_205' title='bbox 1145 3469 1255 3539; x_wconf 84' lang='lat' dir='ltr'><strong>tuam,</strong></span> <span class='ocrx_word' id='word_1_206' title='bbox 1290 3463 1310 3522; x_wconf 89' lang='lat' dir='ltr'><strong>i.</strong></span> <span class='ocrx_word' id='word_1_207' title='bbox 1344 3481 1371 3522; x_wconf 90' lang='lat' dir='ltr'><strong>e.</strong></span> <span class='ocrx_word' id='word_1_208' title='bbox 1403 3464 1541 3521; x_wconf 85' lang='lat' dir='ltr'><strong>velamen</strong></span> 
     </span>
     <span class='ocr_line' id='line_1_28' title="bbox 343 3572 1541 3651; baseline 0 -19"><span class='ocrx_word' id='word_1_209' title='bbox 343 3573 487 3651; x_wconf 86' lang='lat' dir='ltr'><strong>justitiae</strong></span> <span class='ocrx_word' id='word_1_210' title='bbox 519 3575 622 3632; x_wconf 84' lang='lat' dir='ltr'><strong>tollam</strong></span> <span class='ocrx_word' id='word_1_211' title='bbox 649 3593 667 3632; x_wconf 87' lang='lat' dir='ltr'><strong>a</strong></span> <span class='ocrx_word' id='word_1_212' title='bbox 692 3582 742 3643; x_wconf 86' lang='lat' dir='ltr'><strong>te,</strong></span> <span class='ocrx_word' id='word_1_213' title='bbox 769 3582 802 3631; x_wconf 91' lang='lat' dir='ltr'><strong>ut</strong></span> <span class='ocrx_word' id='word_1_214' title='bbox 826 3573 974 3648; x_wconf 77' lang='lat' dir='ltr'><strong>adpareat</strong></span> <span class='ocrx_word' id='word_1_215' title='bbox 999 3572 1058 3632; x_wconf 89' lang='lat' dir='ltr'><strong>toti</strong></span> <span class='ocrx_word' id='word_1_216' title='bbox 1080 3572 1168 3643; x_wconf 86' lang='lat' dir='ltr'><strong>orbi,</strong></span> <span class='ocrx_word' id='word_1_217' title='bbox 1194 3582 1224 3631; x_wconf 91' lang='lat' dir='ltr'><strong>te</strong></span> <span class='ocrx_word' id='word_1_218' title='bbox 1250 3572 1397 3647; x_wconf 88' lang='lat' dir='ltr'><strong>injustum</strong></span> <span class='ocrx_word' id='word_1_219' title='bbox 1423 3576 1541 3645; x_wconf 76' lang='lat' dir='ltr'><strong>esse’).</strong></span> 
     </span>
     <span class='ocr_line' id='line_1_29' title="bbox 348 3683 491 3760; baseline -0.028 -16"><span class='ocrx_word' id='word_1_220' title='bbox 348 3683 491 3760; x_wconf 86' lang='lat' dir='ltr'><strong>Denique</strong></span> 
     </span>
    </p>

    <p class='ocr_par' dir='ltr' id='par_1_6' title="bbox 349 3787 1541 3977">
     <span class='ocr_line' id='line_1_30' title="bbox 457 3787 1541 3869; baseline -0.001 -18"><span class='ocrx_word' id='word_1_221' title='bbox 457 3787 488 3854; x_wconf 85' lang='lat'><strong>3.</strong></span> <span class='ocrx_word' id='word_1_222' title='bbox 505 3791 609 3863; x_wconf 84' lang='lat' dir='ltr'><strong>etiam,</strong></span> <span class='ocrx_word' id='word_1_223' title='bbox 627 3800 660 3849; x_wconf 92' lang='lat' dir='ltr'><strong>ut</strong></span> <span class='ocrx_word' id='word_1_224' title='bbox 677 3791 809 3866; x_wconf 88' lang='lat' dir='ltr'><strong>justitia,</strong></span> <span class='ocrx_word' id='word_1_225' title='bbox 835 3790 1153 3869; x_wconf 80' lang='lat' dir='ltr'><strong>legemdivinam.</strong></span> <span class='ocrx_word' id='word_1_226' title='bbox 1195 3789 1541 3869; x_wconf 72' lang='lat' dir='ltr'><strong>luctificationes</strong></span> 
     </span>
     <span class='ocr_line' id='line_1_31' title="bbox 349 3900 998 3977; baseline 0.003 -16"><span class='ocrx_word' id='word_1_227' title='bbox 349 3906 441 3976; x_wconf 77' lang='lat' dir='ltr'><strong>tuas,</strong></span> <span class='ocrx_word' id='word_1_228' title='bbox 458 3901 556 3977; x_wconf 87' lang='lat' dir='ltr'><strong>inquit</strong></span> <span class='ocrx_word' id='word_1_229' title='bbox 571 3900 751 3970; x_wconf 81' lang='lat' dir='ltr'><strong>Psalmista,</strong></span> <span class='ocrx_word' id='word_1_230' title='bbox 768 3902 998 3973; x_wconf 63' lang='lat' dir='ltr'><strong>custodiam).</strong></span> 
     </span>
    </p>

    <p class='ocr_par' dir='ltr' id='par_1_7' title="bbox 350 4009 1541 4304">
     <span class='ocr_line' id='line_1_32' title="bbox 457 4009 1541 4087; baseline 0 -19"><span class='ocrx_word' id='word_1_231' title='bbox 457 4011 520 4068; x_wconf 87' lang='lat' dir='ltr'><strong>Nos</strong></span> <span class='ocrx_word' id='word_1_232' title='bbox 543 4019 660 4068; x_wconf 82' lang='lat' dir='ltr'><strong>tentum</strong></span> <span class='ocrx_word' id='word_1_233' title='bbox 686 4010 722 4068; x_wconf 90' lang='lat' dir='ltr'><strong>de</strong></span> <span class='ocrx_word' id='word_1_234' title='bbox 742 4010 881 4084; x_wconf 87' lang='lat' dir='ltr'><strong>justitia,</strong></span> <span class='ocrx_word' id='word_1_235' title='bbox 898 4020 1049 4087; x_wconf 80' lang='lat' dir='ltr'><strong>quatenus</strong></span> <span class='ocrx_word' id='word_1_236' title='bbox 1067 4010 1159 4068; x_wconf 88' lang='lat' dir='ltr'><strong>animi</strong></span> <span class='ocrx_word' id='word_1_237' title='bbox 1181 4009 1396 4069; x_wconf 86' lang='lat' dir='ltr'><strong>rectitudinem</strong></span> <span class='ocrx_word' id='word_1_238' title='bbox 1414 4009 1541 4087; x_wconf 77' lang='lat' dir='ltr'><strong>signifi·</strong></span> 
     </span>
     <span class='ocr_line' id='line_1_33' title="bbox 350 4118 1540 4196; baseline -0.003 -17"><span class='ocrx_word' id='word_1_239' title='bbox 350 4128 413 4188; x_wconf 86' lang='lat' dir='ltr'><strong>cet,</strong></span> <span class='ocrx_word' id='word_1_240' title='bbox 439 4128 470 4176; x_wconf 92' lang='lat' dir='ltr'><strong>et</strong></span> <span class='ocrx_word' id='word_1_241' title='bbox 495 4119 531 4176; x_wconf 91' lang='lat' dir='ltr'><strong>de</strong></span> <span class='ocrx_word' id='word_1_242' title='bbox 550 4118 791 4192; x_wconf 79' lang='lat' dir='ltr'><strong>justificatione,</strong></span> <span class='ocrx_word' id='word_1_243' title='bbox 816 4128 966 4196; x_wconf 85' lang='lat' dir='ltr'><strong>quatenus</strong></span> <span class='ocrx_word' id='word_1_244' title='bbox 984 4138 1040 4196; x_wconf 91' lang='lat' dir='ltr'><strong>pro</strong></span> <span class='ocrx_word' id='word_1_245' title='bbox 1056 4138 1134 4177; x_wconf 87' lang='lat' dir='ltr'><strong>vcra</strong></span> <span class='ocrx_word' id='word_1_246' title='bbox 1150 4118 1239 4192; x_wconf 84' lang='lat' dir='ltr'><strong>hrrjus</strong></span> <span class='ocrx_word' id='word_1_247' title='bbox 1256 4119 1395 4177; x_wconf 92' lang='lat' dir='ltr'><strong>internae</strong></span> <span class='ocrx_word' id='word_1_248' title='bbox 1413 4119 1540 4179; x_wconf 83' lang='lat' dir='ltr'><strong>rectitu-</strong></span> 
     </span>
     <span class='ocr_line' id='line_1_34' title="bbox 350 4227 1315 4304; baseline 0 -17"><span class='ocrx_word' id='word_1_249' title='bbox 350 4227 432 4287; x_wconf 89' lang='lat' dir='ltr'><strong>dinis</strong></span> <span class='ocrx_word' id='word_1_250' title='bbox 450 4227 612 4286; x_wconf 87' lang='lat' dir='ltr'><strong>collatione</strong></span> <span class='ocrx_word' id='word_1_251' title='bbox 630 4228 791 4304; x_wconf 82' lang='lat' dir='ltr'><strong>accipitur,</strong></span> <span class='ocrx_word' id='word_1_252' title='bbox 808 4230 929 4288; x_wconf 85' lang='lat' dir='ltr'><strong>locutos</strong></span> <span class='ocrx_word' id='word_1_253' title='bbox 948 4247 1029 4298; x_wconf 89' lang='lat' dir='ltr'><strong>esse,</strong></span> <span class='ocrx_word' id='word_1_254' title='bbox 1047 4228 1240 4286; x_wconf 78' lang='lat' dir='ltr'><strong>manifestum</strong></span> <span class='ocrx_word' id='word_1_255' title='bbox 1259 4237 1315 4288; x_wconf 89' lang='lat' dir='ltr'><strong>est.</strong></span> 
     </span>
    </p>
   </div>
   <div class='ocr_carea' id='block_1_2' title="bbox 349 4397 568 4411">
    <p class='ocr_par' dir='ltr' id='par_1_8' title="bbox 349 4397 568 4411">
     <span class='ocr_line' id='line_1_35' title="bbox 349 4397 568 4411; baseline -0.005 -3"><span class='ocrx_word' id='word_1_256' title='bbox 349 4397 568 4411; x_wconf 57' lang='lat' dir='ltr'><strong>m</strong></span> 
     </span>
    </p>
   </div>
   <div class='ocr_carea' id='block_1_3' title="bbox 349 4494 1540 4760">
    <p class='ocr_par' dir='ltr' id='par_1_9' title="bbox 349 4494 1540 4760">
     <span class='ocr_line' id='line_1_36' title="bbox 456 4494 1539 4584; baseline 0.001 -26"><span class='ocrx_word' id='word_1_257' title='bbox 456 4494 485 4584; x_wconf 82' lang='grc'><strong>11)</strong></span> <span class='ocrx_word' id='word_1_258' title='bbox 502 4499 556 4560; x_wconf 84' lang='lat' dir='ltr'><strong>Ps.</strong></span> <span class='ocrx_word' id='word_1_259' title='bbox 574 4496 628 4572; x_wconf 80' lang='lat'><strong>50,</strong></span> <span class='ocrx_word' id='word_1_260' title='bbox 648 4497 699 4561; x_wconf 85' lang='lat'><strong>16.</strong></span> <span class='ocrx_word' id='word_1_261' title='bbox 732 4534 776 4544; x_wconf 98' lang='lat'><strong>—</strong></span> <span class='ocrx_word' id='word_1_262' title='bbox 808 4494 836 4584; x_wconf 78' lang='lat'><strong>²)</strong></span> <span class='ocrx_word' id='word_1_263' title='bbox 852 4501 904 4560; x_wconf 88' lang='lat' dir='ltr'><strong>Ps.</strong></span> <span class='ocrx_word' id='word_1_264' title='bbox 924 4497 976 4581; x_wconf 86' lang='lat'><strong>18,</strong></span> <span class='ocrx_word' id='word_1_265' title='bbox 994 4497 1026 4564; x_wconf 63' lang='lat'><strong>92</strong></span> <span class='ocrx_word' id='word_1_266' title='bbox 1043 4497 1088 4560; x_wconf 80' lang='lat' dir='ltr'><strong>Of.</strong></span> <span class='ocrx_word' id='word_1_267' title='bbox 1105 4500 1193 4559; x_wconf 88' lang='lat' dir='ltr'><strong>Rom.</strong></span> <span class='ocrx_word' id='word_1_268' title='bbox 1211 4495 1248 4571; x_wconf 82' lang='grc'><strong>2,</strong></span> <span class='ocrx_word' id='word_1_269' title='bbox 1266 4494 1319 4561; x_wconf 79' lang='grc'><strong>26.</strong></span> <span class='ocrx_word' id='word_1_270' title='bbox 1345 4535 1386 4544; x_wconf 96' lang='grc'>-</span> <span class='ocrx_word' id='word_1_271' title='bbox 1409 4495 1436 4582; x_wconf 81' lang='lat'><strong>³)</strong></span> <span class='ocrx_word' id='word_1_272' title='bbox 1453 4500 1539 4559; x_wconf 86' lang='lat' dir='ltr'><strong>Rom.</strong></span> 
     </span>
     <span class='ocr_line' id='line_1_37' title="bbox 349 4585 1540 4670; baseline -0.001 -17"><span class='ocrx_word' id='word_1_273' title='bbox 349 4589 384 4664; x_wconf 88' lang='grc'><strong>4,</strong></span> <span class='ocrx_word' id='word_1_274' title='bbox 401 4585 454 4652; x_wconf 85' lang='grc'><strong>25.</strong></span> <span class='ocrx_word' id='word_1_275' title='bbox 473 4626 514 4634; x_wconf 89' lang='grc'>-</span> <span class='ocrx_word' id='word_1_276' title='bbox 532 4590 558 4670; x_wconf 73' lang='grc'><strong>4)</strong></span> <span class='ocrx_word' id='word_1_277' title='bbox 574 4591 662 4650; x_wconf 88' lang='lat' dir='ltr'><strong>Rom.</strong></span> <span class='ocrx_word' id='word_1_278' title='bbox 680 4588 711 4662; x_wconf 89' lang='lat'><strong>3,</strong></span> <span class='ocrx_word' id='word_1_279' title='bbox 729 4588 781 4653; x_wconf 86' lang='lat'><strong>30.</strong></span> <span class='ocrx_word' id='word_1_280' title='bbox 808 4626 849 4637; x_wconf 89' lang='lat'>-</span> <span class='ocrx_word' id='word_1_281' title='bbox 868 4593 896 4668; x_wconf 78' lang='lat'><strong>³)</strong></span> <span class='ocrx_word' id='word_1_282' title='bbox 914 4591 1006 4651; x_wconf 85' lang='lat' dir='ltr'><strong>Prov.</strong></span> <span class='ocrx_word' id='word_1_283' title='bbox 1027 4587 1076 4664; x_wconf 78' lang='grc'><strong>17,</strong></span> <span class='ocrx_word' id='word_1_284' title='bbox 1095 4585 1145 4650; x_wconf 88' lang='grc'><strong>15.</strong></span> <span class='ocrx_word' id='word_1_285' title='bbox 1166 4625 1207 4634; x_wconf 90' lang='grc'><strong>-</strong></span> <span class='ocrx_word' id='word_1_286' title='bbox 1227 4587 1252 4669; x_wconf 80' lang='lat'><strong>⁶)</strong></span> <span class='ocrx_word' id='word_1_287' title='bbox 1270 4591 1357 4650; x_wconf 88' lang='lat' dir='ltr'><strong>Rom.</strong></span> <span class='ocrx_word' id='word_1_288' title='bbox 1375 4587 1406 4659; x_wconf 87' lang='lat'><strong>8,</strong></span> <span class='ocrx_word' id='word_1_289' title='bbox 1428 4587 1479 4652; x_wconf 90' lang='lat'><strong>10.</strong></span> <span class='ocrx_word' id='word_1_290' title='bbox 1498 4626 1540 4636; x_wconf 91' lang='lat'><em>-</em></span> 
     </span>
     <span class='ocr_line' id='line_1_38' title="bbox 354 4678 977 4760; baseline 0.005 -21"><span class='ocrx_word' id='word_1_291' title='bbox 354 4681 514 4756; x_wconf 83' lang='lat' dir='ltr'><strong>⁷)Ezech.</strong></span> <span class='ocrx_word' id='word_1_292' title='bbox 534 4678 585 4755; x_wconf 88' lang='grc'><strong>16,</strong></span> <span class='ocrx_word' id='word_1_293' title='bbox 603 4678 717 4743; x_wconf 60' lang='lat'><strong>21—</strong></span> <span class='ocrx_word' id='word_1_294' title='bbox 736 4679 765 4760; x_wconf 80' lang='lat'><strong>⁸)</strong></span> <span class='ocrx_word' id='word_1_295' title='bbox 781 4682 833 4741; x_wconf 86' lang='lat' dir='ltr'><strong>Ps.</strong></span> <span class='ocrx_word' id='word_1_296' title='bbox 854 4678 929 4753; x_wconf 89' lang='lat'>118,</span> <span class='ocrx_word' id='word_1_297' title='bbox 947 4678 977 4742; x_wconf 90' lang='lat'><strong>8.</strong></span> 
     </span>
    </p>
   </div>
   <div class='ocr_carea' id='block_1_4' title="bbox 0 0 1902 5625">
    <p class='ocr_par' dir='ltr' id='par_1_10' title="bbox 0 0 1902 5625">
     <span class='ocr_line' id='line_1_39' title="bbox 0 0 1902 5625; baseline 0 0"><span class='ocrx_word' id='word_1_298' title='bbox 0 0 1902 5625; x_wconf 95' lang='lat' dir='ltr'><strong> </strong></span> 
     </span>
    </p>
   </div>
  </div>
 </body>
</html>
