3775 5625
347 424 415 492 254

348 588 1533 676 Amphilochius1),EphraemSyrusr),etcyri1.11ex.³);porro

349 699 677 776 Tertullianum,
700 697 925 779 Hilarius⁵)‚
949 698 1242 784 Augustinus⁶),
1259 700 1535 781 Ambrosius'),

348 872 375 923 et
390 865 494 924 anima
510 870 538 923 et
553 884 677 943 corpus,
701 884 762 923 non
786 871 883 924 tomen
905 866 965 923 duo
986 864 1067 923 Filii
1081 884 1134 924 nec
1149 864 1225 938 Dii,
1244 868 1493 941 quemadmodum
1506 887 1537 925 ne

347 955 396 1015 icio
413 956 535 1032 quidem
553 958 613 1015 dao
629 955 775 1019 concines.
793 955 838 1017 cf.
855 958 912 1019 Br.
929 958 980 1014 38.
997 956 1043 1014 Ib.
1061 976 1086 1014 c.
1103 952 1170 1016 550
1187 976 1227 1016 ss.

455 1042 482 1132 ¹)
494 1046 546 1106 Or.
558 1046 592 1106 in
607 1046 702 1105 illud:
718 1049 815 1107 Pater
825 1048 925 1124 major
932 1066 986 1106 me.
998 1047 1056 1125 Ap.
1073 1046 1297 1110 Theodoret.
1314 1047 1403 1108 Diat.
1413 1051 1442 1110 2.
1460 1047 1537 1109 Gel-

348 1136 447 1200 land.
464 1140 504 1196 B.
522 1139 591 1199 PP.
609 1139 647 1197 T.
665 1135 695 1199 6.
711 1158 742 1216 p.
759 1134 837 1200 502.
861 1136 1013 1196 Discerne
1030 1173 1072 1181 -
1088 1144 1265 1213 naturas,
1279 1138 1356 1197 Dei
1370 1139 1537 1199 hominis.

348 1231 450 1303 Neque
466 1228 545 1288 enim
560 1228 702 1287 occcidens
719 1248 756 1287 en
769 1231 836 1289 Deo
846 1228 956 1306 factas
972 1235 1016 1287 est
1031 1231 1131 1299 tomo,
1153 1248 1248 1304 neque
1258 1228 1427 1306 proficiens
1444 1250 1480 1289 aa
1493 1232 1537 1289 to·

346 1324 426 1379 mine
445 1321 544 1380 Deus.
562 1355 606 1364 —
624 1325 651 1399 ²)
669 1319 767 1380 Serm.
791 1322 858 1378 adv.
884 1321 993 1380 haeret.
1020 1318 1101 1400 Opp.
1118 1321 1156 1378 T.
1174 1316 1205 1381 2.
1221 1339 1269 1397 pr.
1288 1322 1308 1385 t.
1323 1341 1355 1400 p.
1371 1318 1452 1382 263.
1467 1324 1537 1381 Per·

341 1411 457 1488 fectam
473 1411 560 1469 habet
575 1410 759 1486 duplicem
775 1417 964 1491 naturam,
980 1430 1017 1468 ne
1033 1412 1112 1469 duas
1123 1412 1243 1485 perdat.
1267 1412 1371 1487 Neque
1388 1412 1469 1472 enim
1482 1414 1537 1471 und

347 1503 414 1560 sold
429 1504 543 1560 naturd
563 1504 648 1561 Deus
671 1521 762 1576 super
782 1508 893 1560 terram
913 1501 1000 1559 risus
1016 1507 1077 1575 est,·
1102 1520 1196 1576 neque
1212 1501 1247 1559 in
1262 1504 1360 1561 atterd
1375 1504 1445 1562 sold
1460 1505 1537 1563 nmo

346 1592 381 1651 in
403 1594 498 1652 coetos
523 1592 676 1653 ascendit:
699 1612 802 1652 cerum
827 1592 981 1670 perfectus
1006 1611 1044 1651 erc
1064 1593 1213 1672 perfecto,
1238 1595 1338 1652 tomo
1363 1613 1403 1653 erc
1418 1593 1537 1667 homine

347 1687 449 1743 Dens
470 1703 507 1744 erc
527 1686 609 1756 Dea,
638 1703 675 1744 en
701 1683 823 1759 Virpine
845 1682 998 1744 Christus.
1017 1717 1060 1728 —
1078 1683 1104 1763 ³)
1125 1683 1225 1745 Schot.
1247 1686 1284 1743 de
1307 1684 1398 1761 Unip.
1419 1688 1532 1744 Incorn

349 1796 373 1836 c.
391 1777 444 1839 13.
465 1776 599 1848 Mansi,
623 1774 697 1835 ooo.
723 1776 813 1835 Oonc.
836 1776 874 1835 T.
891 1770 922 1836 4.
946 1794 971 1836 c.
990 1769 1064 1834 154.
1093 1776 1177 1833 Unus
1193 1774 1289 1850 ipitur
1305 1782 1350 1834 est
1364 1781 1394 1834 et
1407 1783 1476 1835 ante
1491 1778 1537 1836 In.

348 1865 555 1925 damnationem
568 1868 654 1925 Deus
669 1885 768 1937 cerus,
786 1872 813 1924 et
828 1865 882 1941 qui
897 1864 931 1923 in
946 1864 1132 1923 humanitate
1147 1865 1295 1925 remansit
1307 1865 1356 1938 id,
1373 1870 1456 1941 quod
1471 1883 1537 1929 aa!

348 1963 376 2015 et
390 1962 448 2029 est,
465 1964 493 2015 et
506 1956 571 2017 erit.
596 1958 667 2016 Non
683 1956 911 2015 discernendam
927 1955 1023 2032 iqitur
1036 1976 1131 2016 annm
1146 1956 1313 2016 Dominum
1329 1958 1435 2017 Jesum
1453 1958 1537 2018 otri

347 2053 427 2106 stura
441 2046 476 2106 in
491 2046 640 2107 hominem
665 2067 815 2121 seorsum,
832 2053 859 2106 et
873 2050 974 2106 Deum
996 2066 1150 2120 seorsum·
1175 2050 1228 2107 sed
1247 2068 1341 2107 unum
1362 2051 1537 2125 eundemqu-

346 2142 454 2198 Jesum
471 2137 629 2199 Ohristam
646 2158 708 2197 esse
726 2138 869 2213 dicimus,
885 2158 947 2198 non
961 2137 1137 2213 iqnorantes
1161 2137 1427 2216 differentiam
1442 2146 1537 2201 not·

227 2235 230 2246 “
348 2230 572 2302 rurum‚'sed
588 2249 650 2289 eas
665 2229 896 2307 inconfusas
916 2228 1016 2288 inte-r
1037 2249 1074 2288 se
1094 2232 1537 2306 servantes.-⁴)Decor-.

350 2319 465 2383 Christ.
482 2340 507 2379 c.
525 2322 553 2381 5.
579 2318 659 2401 opp.
677 2321 715 2382 V.
733 2318 764 2385 2.
781 2343 813 2401 p.
830 2317 883 2382 48.
920 2319 1129 2395 Utriusque
1161 2320 1406 2380 substantiae
1438 2340 1537 2382 cerusa

349 2409 528 2471 hominem
554 2417 581 2469 et
601 2413 716 2471 Deum
748 2411 897 2484 attibuit·
922 2410 993 2470 trino
1023 2410 1305 2486 natum,indenon
1320 2418 1442 2484 natum;
1474 2411 1537 2472 triv

350 2521 506 2572 carneum,
532 2503 603 2561 inde
627 2502 836 2580 spirituatem·
861 2501 932 2561 hinc
957 2500 1126 2576 infirmum,
1151 2501 1223 2560 inde
1244 2502 1431 2579 praefortem
1438 2523 1450 2576 ,·
1473 2502 1510 2561 hi
1517 2526 1537 2562 τ

350 2592 533 2662 morientem,
544 2592 618 2651 inde
632 2593 872 2673 uiuentem—⁵)
890 2594 926 2653 L.
946 2594 974 2653 9.
992 2594 1021 2654 d.
1031 2591 1090 2668 fid.
1105 2590 1165 2671 Ap.
1176 2593 1400 2653 Theodoret.
1417 2593 1499 2653 Diae.

350 2683 430 2763 Opp.
446 2684 484 2743 T.
502 2681 533 2744 4.
550 2704 581 2762 p.
601 2681 675 2745 106.
692 2684 798 2744 Nescit
807 2686 901 2759 plane
916 2686 1010 2743 vitam
1026 2703 1122 2757 suam,
1138 2683 1242 2757 nescit,
1260 2683 1313 2759 qui
1327 2686 1436 2744 Jesum
1454 2684 1537 2744 ora

350 2782 428 2836 stum
444 2781 480 2834 nt
499 2794 620 2835 oerum
639 2777 769 2847 Deum,
790 2775 835 2835 ita
855 2782 1023 2835 etcerum
1045 2774 1226 2835 hominem
1248 2776 1379 2852 iquorat.
1404 2777 1449 2835 Et
1467 2778 1537 2855 eju

351 2869 416 2927 dem
435 2866 569 2942 periculi
590 2886 639 2925 res
663 2874 720 2938 est,
744 2866 900 2928 Christum
922 2869 1042 2940 Jesum,
1074 2869 1121 2924 vet
1151 2866 1340 2942 Spiritum
1363 2869 1477 2926 Deum
1497 2885 1537 2923 τ

351 2977 498 3017 carnem
513 2958 637 3016 nostri
654 2958 828 3037 corporis
846 2959 1144 3037 denepare.-⁶)De
1162 2957 1272 3020 Trinit.
1290 2959 1309 3021 l.
1328 2957 1537 3021 1.c.r.n.1

351 3048 430 3130 Opp.
442 3050 481 3109 T.
490 3045 520 3113 8.
530 3044 642 3114 c.758.
657 3051 743 3124 Erpa
761 3049 835 3125 quia
843 3048 952 3126 forma
967 3048 1030 3107 Dei
1046 3047 1161 3122 accepit
1169 3048 1307 3125 formam
1323 3048 1413 3122 serni,
1428 3056 1537 3107 utrm

351 3160 406 3216 que
421 3143 532 3214 Deus,
549 3147 577 3199 et
591 3147 749 3216 utrumque
765 3143 882 3200 homo:
906 3142 960 3197 sed
975 3147 1136 3214 atrumque
1152 3142 1240 3197 Dens
1251 3146 1380 3214 propter
1395 3138 1537 3214 accipie

351 3239 406 3291 tem
420 3234 532 3303 Deam,
549 3238 708 3307 utrumque
729 3238 827 3290 autem
846 3234 932 3290 homo
949 3237 1076 3305 propter
1092 3236 1243 3304 acceptum
1260 3230 1418 3292 hominem.
1442 3232 1537 3304 Neq

351 3322 430 3383 enim
445 3322 500 3382 illa
522 3323 710 3398 susceptione
741 3325 900 3382 alterurn
932 3340 1055 3380 eorum
1080 3320 1118 3378 in
1139 3322 1296 3380 alterum
1329 3334 1537 3381 conuersu

351 3421 460 3489 atque
474 3420 652 3474 mutatam
670 3419 740 3472 est:
756 3434 808 3472 nec
826 3411 1015 3472 divinitas
1042 3410 1180 3487 quippe
1194 3411 1233 3470 in
1250 3419 1458 3472 creaturam
1472 3432 1529 3471 nt·

351 3511 430 3565 tata
446 3511 513 3574 est,
535 3510 569 3562 ut
584 3504 741 3563 desisteret
755 3523 818 3563 esse
835 3502 998 3562 divinitas:
1014 3522 1077 3565 nec
1098 3508 1276 3562 creatura
1295 3503 1336 3562 in
1360 3501 1537 3562 eivenit

351 3603 433 3667 tem,
449 3601 483 3653 nt
499 3595 658 3654 desisteret
672 3602 820 3659 creatura.
838 3594 883 3658 Of.
899 3593 1004 3669 Epist.
1021 3596 1091 3654 137.
1109 3595 1150 3651 ad
1170 3595 1269 3653 Volus.
1288 3614 1313 3658 c.
1323 3597 1353 3655 3.
1364 3615 1396 3654 n.
1407 3595 1537 3654 10-1

351 3689 389 3748 Τ.
407 3684 438 3750 2.
456 3706 480 3746 e.
498 3681 565 3746 405
583 3706 623 3746 se.
638 3687 700 3759 Ep.
718 3689 787 3747 170.
805 3688 846 3744 ad
861 3684 991 3744 Macrim.
1007 3704 1038 3744 n.
1057 3687 1150 3745 7-9,
1168 3705 1192 3744 c.
1211 3682 1277 3745 610
1293 3705 1317 3745 s.
1334 3685 1488 3763 Eia—⁷)
1504 3719 1537 3741 A

351 3781 477 3837 Incarn.
496 3796 520 3840 c.
539 3778 568 3838 5.
590 3797 619 3835 n.
638 3777 776 3836 35-36.
800 3768 879 3855 O'pp.
902 3777 940 3838 T.
958 3773 989 3840 2.
1013 3796 1039 3840 α.
1057 3773 1132 3838 711.
1155 3776 1309 3836 Adversus
1325 3797 1427 3850 omnes
1448 3783 1537 3835 tarn

352 3868 517 3950 (haereses)
529 3866 682 3943 poneretis
697 3874 742 3926 est
755 3867 816 3926 isto
825 3867 921 3943 fides,
938 3867 1012 3943 quia
1030 3859 1174 3927 Odiistus
1190 3871 1234 3924 est
1253 3867 1324 3926 Dei
1346 3867 1394 3926 Fi
1400 3869 1430 3926 ti
1435 3887 1490 3948 us,

353 3959 619 4036 sempiternus,
643 3977 684 4017 ere
703 3961 831 4028 Patre,
857 3965 889 4016 et
910 3965 1019 4017 natus
1039 3978 1081 4017 erc
1101 3957 1227 4016 Maria
1251 3958 1414 4034 Virpine.
1451 3958 1502 4028 Qu
1517 3976 1537 4003 ⁴

353 4050 443 4126 quasi
455 4049 607 4126 qipantem
623 4055 746 4108 sanctm
761 4049 869 4109 David
879 4051 1030 4126 propheta
1046 4047 1201 4118 describit,
1219 4067 1252 4106 eo
1268 4052 1350 4125 quod
1366 4049 1537 4128 bifornae

350 4140 583 4218 qeminaeqne
603 4146 765 4200 naturae
779 4159 859 4200 nnus
876 4139 916 4198 sit
932 4159 1100 4211 consors,
1118 4138 1345 4198 divinitatis
1366 4148 1399 4200 et
1418 4152 1537 4217 corp?

351 4232 424 4293 ris:
451 4232 504 4307 qui
520 4238 671 4308 tamquam
694 4251 825 4307 sponsus
842 4234 1010 4306 procedens
1026 4233 1063 4289 de
1078 4232 1208 4289 thalamo
1224 4250 1294 4303 sno,
1311 4231 1457 4291 eualtoait
1472 4237 1537 4290 ta‘

353 4344 443 4400 quam
457 4323 544 4400 qipas
559 4326 600 4382 od
616 4326 797 4383 currendam
811 4323 901 4382 uiam.
926 4322 1065 4398 Sponsus
1081 4321 1202 4380 animae
1217 4324 1381 4381 secundam
1402 4325 1537 4384 Verbua

350 4415 438 4493 qipas
464 4421 574 4489 terrae,
601 4415 674 4490 qaia
696 4434 771 4474 usas
791 4412 889 4474 nostri
911 4412 1016 4492 officia
1026 4431 1226 4488 percurrens,
1244 4434 1311 4473 cnm
1326 4417 1414 4473 Deus
1429 4420 1537 4489 serap

352 4513 429 4566 esset
449 4512 599 4576 aeternus,
624 4505 854 4565 Incarnationis
878 4511 1066 4563 sacramenta
1088 4503 1236 4586 suscepit,
1258 4524 1320 4564 non
1336 4504 1470 4579 divisus,
1493 4513 1537 4565 v

352 4617 448 4671 anus,·
471 4595 545 4672 quia
569 4603 762 4675 atrumque
782 4615 875 4670 nnus,
899 4600 927 4653 et
940 4614 1019 4653 unns
1035 4594 1076 4654 in
1090 4602 1265 4669 utroque,
1287 4598 1342 4655 troc
1358 4603 1415 4671 est,
1430 4597 1480 4656 vel
1494 4586 1537 4655 ὁ

352 4687 507 4748 ciuitate
522 4686 569 4747 oet
583 4706 757 4763 corpore:
780 4684 948 4746 nonenim
963 4687 1058 4745 alter
1083 4678 1125 4746 eu
1140 4689 1269 4758 Patre,
1294 4689 1389 4747 alter
1405 4707 1448 4749 en
1467 4674 1537 4750 Vi

351 4778 452 4857 pinu·
477 4782 530 4841 sed
554 4778 634 4842 idem
657 4779 770 4840 atiter
790 4798 832 4838 erc
846 4781 973 4848 Patre,
997 4776 1110 4837 aliter
1132 4796 1173 4837 erc
1193 4776 1356 4855 Virqine.
1382 4778 1505 4842 Gener

354 4870 407 4936 tio
420 4870 667 4952 pancrationi
681 4891 753 4933 non
763 4867 1021 4951 praejudicat,
1038 4888 1099 4931 nec
1115 4888 1202 4930 caro
1220 4869 1438 4935 diuinitati.
1456 4879 1489 4934 et
1504 4878 1537 4929 1
