3775 5625
349 449 413 519 162

459 621 486 684 1.
503 619 677 707 Angelus
693 614 847 682 Domini
864 613 1211 702 adpellathirginem
1224 619 1358 694 pratia
1371 619 1469 692 plen

346 724 592 809 espaprrape'npm
622 751 684 814 qno
707 730 809 793 verbo
831 726 974 812 perlecta
994 724 1175 789 immunitas
1197 745 1215 789 a
1235 735 1371 809 peccato
1389 743 1457 786 non

346 852 413 904 turn
437 838 565 914 actuali,
590 839 646 902 sed
667 850 699 901 et
720 836 867 924 originali
893 834 1071 923 significari
1100 835 1240 909 ridetur,
1270 834 1310 897 ob
1338 829 1469 918 quami

347 970 459 1013 omnes
479 948 625 1013 homines
656 948 726 1011 Deo
756 945 941 1033 gratissima
963 944 1180 1030 praedicatum
1212 942 1469 1029 quemadmodun

346 1059 490 1123 membro
507 1059 608 1122 altero
626 1057 777 1142 opposito
795 1062 958 1119 benedicta
979 1061 1029 1130 in,
1053 1054 1072 1119 i.
1095 1075 1121 1119 e.
1145 1074 1223 1139 prae
1246 1059 1458 1134 mulieribus,

345 1159 591 1253 quammaxime
608 1164 826 1231 benedicenda
841 1164 924 1228 inter
942 1185 1054 1228 omnes
1071 1163 1221 1228 mulieres
1238 1163 1430 1227 celebratur.

450 1277 481 1341 2.
497 1278 632 1341 Praesto
653 1274 747 1339 nobis
770 1286 844 1338 sunt
865 1276 924 1338 SS.
945 1275 1075 1338 Patr-um
1099 1271 1238 1337 omnium
1268 1273 1469 1336 saeculorum

346 1386 424 1459 lata,
449 1406 528 1470 qaae
546 1385 687 1472 dogmati
708 1396 822 1448 nostro
839 1382 1073 1471 suffragantur,
1097 1404 1231 1469 quoram
1254 1381 1357 1467 aliqua
1374 1382 1469 1446 salter

345 1494 484 1558 mediam
505 1494 708 1579 proferimus.
739 1496 791 1557 Ex
811 1493 934 1578 primo
957 1505 990 1557 et
1013 1493 1184 1557 secundo
1208 1491 1377 1555 Ecclesiae
1410 1511 1466 1555 sac

346 1603 472 1689 quidem
494 1605 611 1668 nullum
643 1602 859 1668 testimonium
886 1602 1020 1687 alicujus
1052 1600 1231 1686 Scriptoris
1263 1598 1469 1664 ecclesiastic

345 1712 483 1777 medium
507 1693 653 1797 prolerre
687 1714 843 1804 valemus3
869 1733 964 1797 qaam
986 1712 1099 1775 Patres
1127 1711 1240 1774 horum
1265 1710 1469 1774 saeculorum

345 1823 406 1886 hac
426 1821 560 1886 materia
581 1843 718 1907 prorsus
739 1821 862 1886 sileant.
886 1822 1048 1885 Habemus
1071 1834 1176 1885 tamen
1208 1819 1376 1904 epistolam
1402 1820 1469 1882 Prer

345 1943 487 1994 tororum
504 1944 536 1996 et
556 1918 774 1996 Diaconorum
800 1932 954 2017 Achajae‚
977 1931 1008 1994 in
1031 1952 1091 2017 qua
1112 1929 1298 2014 martyrium
1321 1942 1414 2014 atque
1437 1949 1469 1992 or

344 2042 520 2105 Andreae
541 2041 688 2125 Apostoli
708 2042 865 2116 refertur,
889 2062 981 2126 quarn
1000 2061 1109 2105 coram
1130 2043 1240 2127 Aegea
1263 2038 1465 2103 Proconsule

343 2148 452 2213 lauisse
469 2149 617 2225 traditur,
640 2150 672 2213 in
689 2171 750 2235 qua
766 2150 931 2236 sequentia
946 2152 1045 2214 verha
1061 2150 1218 2234 Apostolo
1234 2147 1460 2212 adtribuuntur

342 2271 534 2341 propterea,
560 2267 649 2339 qnod
662 2282 706 2323 en·
723 2266 975 2323 immaculata
999 2272 1106 2322 terra
1131 2271 1262 2322 creatas
1279 2261 1398 2333 fnerat
1414 2261 1469 2337 pri

345 2370 460 2447 homa,
484 2389 613 2430 necesse
640 2382 724 2450 erat,
755 2382 791 2432 at
814 2390 858 2431 ee
878 2374 1128 2431 immaculata
1158 2371 1320 2446 Virpine
1350 2388 1470 2429 nascer

341 2480 511 2556 perfectas
531 2481 644 2560 danao,
663 2499 726 2558 pao
744 2480 855 2541 Filias
871 2482 948 2553 Dei,
973 2484 1029 2556 pai
1045 2490 1140 2541 antea
1160 2483 1349 2540 condiderat
1367 2480 1469 2539 hamis

346 2592 445 2650 vitam
460 2599 642 2670 aeternam,
665 2609 761 2667 paam
778 2594 989 2667 perdiderant
1008 2591 1153 2650 homines
1165 2608 1227 2665 per
1242 2589 1414 2666 Adamnm,
1440 2607 1469 2648 rt

347 2699 484 2773 raret¹),
516 2696 636 2774 Quibus
659 2695 767 2761 verbis
790 2695 955 2760 antithesis
977 2696 1061 2761 inter
1081 2697 1236 2761 Adamum
1258 2708 1290 2760 et
1316 2694 1469 2759 Christun

348 2802 504 2880 stituitur‚
528 2818 621 2892 atque
639 2807 787 2880 docetur,
813 2805 852 2870 ad
869 2806 1004 2870 eundem
1021 2806 1164 2881 modum,
1188 2827 1251 2892 qno
1267 2806 1410 2869 Adamas
1428 2826 1470 2869 ex

347 2916 517 2990 maculata,
538 2916 557 2980 i.
574 2936 601 2980 e.
618 2917 758 2979 nondum
781 2917 821 2979 oh
849 2917 973 3000 culpam
999 2915 1138 2980 hominis
1163 2914 1379 2979 maledictioni
1402 2915 1467 2978 obn

347 3036 434 3087 terra
451 3037 637 3109 compactas
654 3038 719 3101 est,
743 3024 787 3089 ita
803 3038 835 3090 et
852 3024 1013 3089 Christum
1030 3047 1072 3089 ex
1087 3025 1288 3089 immaculata
1303 3024 1457 3111 Virgine,

347 3132 431 3196 nullo
454 3153 588 3218 anquam
608 3145 742 3218 peccato
768 3133 991 3209 contaminata,
1015 3147 1205 3220 conceptum
1226 3147 1258 3198 et
1274 3146 1380 3197 ortum
1397 3154 1469 3198 esse

347 3243 398 3308 Ex
415 3244 543 3307 saeculo
559 3255 619 3306 ter
630 3243 683 3307 tio
700 3244 853 3307 habemus
870 3243 1092 3331 Origenem,
1115 3245 1166 3308 vel
1181 3243 1287 3329 potius
1309 3241 1469 3329 antiquum

349 3364 472 3416 ctorem
497 3351 710 3427 homiliarum,
735 3373 815 3439 quac
846 3354 904 3416 suh
931 3354 1001 3436 ejus
1023 3351 1150 3416 nominc
1183 3351 1467 3427 circumferuntur,

348 3461 392 3525 ita
417 3461 569 3547 loquitur,
593 3463 705 3525 verba:
741 3463 823 3525 Cam
846 3475 932 3526 esset
949 3472 1161 3543 desponsata,
1195 3482 1377 3546 exponens:
1410 3465 1469 3526 Am

350 3570 408 3644 ait,
434 3579 521 3650 pnad
544 3573 644 3649 Virpo
673 3577 708 3633 in
728 3585 821 3634 atera
848 3577 1019 3650 concipiet,
1051 3592 1116 3633 nan
1147 3592 1191 3633 en
1223 3576 1381 3634 desideria
1412 3595 1469 3653 par

351 3686 666 3761 concipiens-paee
691 3702 815 3760 nepae
845 3674 1115 3759 persuasione
1148 3687 1346 3760 serpentis
1377 3689 1469 3745 dece

351 3800 421 3869 est,
454 3809 580 3868 nepae
608 3794 694 3870 ejas
717 3793 947 3865 afflatibus
975 3795 1188 3852 venenosis
1219 3792 1431 3871 infectam.
1463 3796 1469 3862 l

352 3896 435 3960 enim
451 3898 550 3961 verba
564 3898 644 3962 haec
661 3897 758 3973 aliud,
782 3920 875 3983 qaam
891 3897 1119 3962 immanitatem
1136 3920 1154 3962 a
1169 3912 1303 3983 peccato
1320 3898 1427 3984 primo
1445 3898 1469 3963 si

351 4004 469 4071 ficant?
492 4008 596 4071 Porro
612 4007 643 4071 in
660 4006 806 4094 Liturgia
821 4010 840 4071 J
846 4006 958 4071 acohi
975 4019 1170 4092 nuncupata,
1189 4008 1328 4072 omnium
1343 4007 1469 4073 oriente

352 4113 586 4199 arniquissima,
609 4117 643 4179 Β.
659 4114 762 4203 Virgo
780 4115 876 4180 titulis
901 4122 1127 4180 immaculatae
1143 4128 1175 4180 et
1196 4124 1408 4182 intemeratae
1429 4139 1467 4182 co

353 4236 491 4288 coratur.
512 4228 803 4291 Commemorantes
810 4233 1055 4300 sanctissimam,
1068 4233 1229 4290 inanaacu
1239 4235 1366 4302 latam,
1373 4232 1469 4307 plari«

353 4341 467 4398 simam
483 4338 655 4399 Dominam
670 4348 815 4399 nostram
836 4349 970 4400 matrem
986 4337 1065 4419 Dei,
1088 4349 1120 4400 et
1135 4359 1257 4417 semper
1278 4340 1444 4418 Virpinem
1463 4390 1469 4401 .

353 4444 480 4523 riam³).
506 4483 548 4491 -
576 4446 919 4509 Commemorationem
946 4467 1080 4524 apantas
1111 4453 1334 4509 serenissimae
1365 4454 1469 4510 imma

355 4561 476 4635 latae,
491 4556 762 4635 plariosissimae,
781 4560 963 4617 benedictae
977 4556 1136 4617 Dominae
1151 4568 1284 4618 nostrae
1299 4558 1425 4620 Matris
1438 4559 1469 4620 D

354 4722 571 4739 ———-

464 4792 491 4868 ¹)
509 4790 673 4854 Galland.
694 4791 778 4853 Bidt.
799 4794 867 4851 ΡΡ.
888 4814 919 4854 n.
936 4796 966 4857 5.
992 4791 1030 4855 T.
1051 4793 1079 4855 1.
1098 4815 1125 4873 p.
1147 4790 1222 4856 157.
1245 4829 1284 4837 --
1302 4796 1330 4872 ²)
1349 4797 1439 4861 Hom.
1460 4797 1469 4854 i

355 4880 465 4941 divers.
491 4880 572 4961 Opp.
589 4881 743 4962 Origen.
761 4882 808 4942 ed.
825 4884 897 4946 Par.
917 4880 1013 4949 1573.
1026 4886 1061 4944 Ρ.
1079 4882 1110 4951 2.
1126 4907 1156 4965 p.
1174 4881 1250 4947 280.
1268 4906 1292 4945 c.
1305 4883 1337 4949 2.
1357 4922 1399 4932 -
1417 4888 1469 4965 ⁸)r'

354 4993 392 5033 m.
409 4975 476 5032 ΡΡ.
493 4973 592 5052 Lugd.
611 4970 650 5035 Τ.
667 4971 698 5038 2.
715 4974 750 5034 Ρ.
770 4970 799 5036 l.
815 4996 844 5054 p.
863 4971 893 5036 3.
912 4996 936 5034 c.
957 4973 986 5035 1.
1003 4975 1039 5040 Β.
