<?xml version="1.0" encoding="UTF-8"?>
<!DOCTYPE html PUBLIC "-//W3C//DTD XHTML 1.0 Transitional//EN"
    "http://www.w3.org/TR/xhtml1/DTD/xhtml1-transitional.dtd">
<html xmlns="http://www.w3.org/1999/xhtml" xml:lang="en" lang="en">
 <head>
  <title>
</title>
<meta http-equiv="Content-Type" content="text/html;charset=utf-8" />
  <meta name='ocr-system' content='tesseract 3.04.00' />
  <meta name='ocr-capabilities' content='ocr_page ocr_carea ocr_par ocr_line ocrx_word'/>
</head>
<body>
  <div class='ocr_page' id='page_1' title='image "./theologiadogmat00schwgoog/theologiadogmat00schwgoog_0366.png"; bbox 0 0 3775 5625; ppageno 0'>
   <div class='ocr_carea' id='block_1_1' title="bbox 342 444 411 513">
    <p class='ocr_par' dir='ltr' id='par_1_1' title="bbox 342 444 411 513">
     <span class='ocr_line' id='line_1_1' title="bbox 342 444 411 513; baseline -0.014 0"><span class='ocrx_word' id='word_1_1' title='bbox 342 444 411 513; x_wconf 81' lang='lat'>350</span> 
     </span>
    </p>
   </div>
   <div class='ocr_carea' id='block_1_2' title="bbox 343 607 1560 2140">
    <p class='ocr_par' dir='ltr' id='par_1_2' title="bbox 343 607 1560 2140">
     <span class='ocr_line' id='line_1_2' title="bbox 343 607 1522 693; baseline -0.004 -17"><span class='ocrx_word' id='word_1_2' title='bbox 343 625 402 676; x_wconf 89' lang='lat' dir='ltr'>est.</span> <span class='ocrx_word' id='word_1_3' title='bbox 441 609 627 675; x_wconf 86' lang='lat' dir='ltr'>Mediatoris</span> <span class='ocrx_word' id='word_1_4' title='bbox 643 629 775 672; x_wconf 90' lang='lat' dir='ltr'>munere</span> <span class='ocrx_word' id='word_1_5' title='bbox 797 607 923 693; x_wconf 88' lang='lat' dir='ltr'>quidem</span> <span class='ocrx_word' id='word_1_6' title='bbox 941 607 1089 674; x_wconf 85' lang='lat' dir='ltr'>Christus</span> <span class='ocrx_word' id='word_1_7' title='bbox 1105 608 1262 673; x_wconf 89' lang='lat' dir='ltr'><strong>Dominus</strong></span> <span class='ocrx_word' id='word_1_8' title='bbox 1279 620 1313 673; x_wconf 91' lang='lat' dir='ltr'>et</span> <span class='ocrx_word' id='word_1_9' title='bbox 1329 608 1459 673; x_wconf 81' lang='lat' dir='ltr'>frtnctus</span> <span class='ocrx_word' id='word_1_10' title='bbox 1473 618 1522 682; x_wconf 85' lang='lat' dir='ltr'>est,</span> 
     </span>
     <span class='ocr_line' id='line_1_3' title="bbox 344 717 1521 807; baseline -0.003 -23"><span class='ocrx_word' id='word_1_11' title='bbox 344 733 499 807; x_wconf 87' lang='lat' dir='ltr'>quatenus</span> <span class='ocrx_word' id='word_1_12' title='bbox 516 718 608 782; x_wconf 89' lang='lat' dir='ltr'>nobis</span> <span class='ocrx_word' id='word_1_13' title='bbox 626 719 819 782; x_wconf 87' lang='lat' dir='ltr'>voluntatem</span> <span class='ocrx_word' id='word_1_14' title='bbox 837 718 942 781; x_wconf 88' lang='lat' dir='ltr'>Patris</span> <span class='ocrx_word' id='word_1_15' title='bbox 960 717 1112 782; x_wconf 82' lang='lat' dir='ltr'>coelestis</span> <span class='ocrx_word' id='word_1_16' title='bbox 1129 718 1373 799; x_wconf 65' lang='lat' dir='ltr'>aununtiaviv),</span> <span class='ocrx_word' id='word_1_17' title='bbox 1397 738 1456 782; x_wconf 89' lang='lat' dir='ltr'>nec</span> <span class='ocrx_word' id='word_1_18' title='bbox 1470 738 1521 781; x_wconf 89' lang='lat' dir='ltr'>non</span> 
     </span>
     <span class='ocr_line' id='line_1_4' title="bbox 343 819 1519 913; baseline -0.003 -20"><span class='ocrx_word' id='word_1_19' title='bbox 343 851 460 893; x_wconf 92' lang='lat' dir='ltr'>novum</span> <span class='ocrx_word' id='word_1_20' title='bbox 477 829 591 891; x_wconf 81' lang='lat' dir='ltr'>foedus</span> <span class='ocrx_word' id='word_1_21' title='bbox 608 824 788 912; x_wconf 63' lang='lat' dir='ltr'>sancivirr),</span> <span class='ocrx_word' id='word_1_22' title='bbox 805 839 918 892; x_wconf 90' lang='lat' dir='ltr'>noster</span> <span class='ocrx_word' id='word_1_23' title='bbox 934 819 1132 905; x_wconf 69' lang='grc' dir='ltr'>εἰρηνοποιός,</span> <span class='ocrx_word' id='word_1_24' title='bbox 1155 827 1245 913; x_wconf 86' lang='lat' dir='ltr'>pacis</span> <span class='ocrx_word' id='word_1_25' title='bbox 1263 826 1462 902; x_wconf 88' lang='lat' dir='ltr'>conciliator,</span> <span class='ocrx_word' id='word_1_26' title='bbox 1476 845 1519 891; x_wconf 88' lang='lat' dir='ltr'>ex·</span> 
     </span>
     <span class='ocr_line' id='line_1_5' title="bbox 344 936 1518 1023; baseline -0.003 -20"><span class='ocrx_word' id='word_1_27' title='bbox 344 939 474 1013; x_wconf 88' lang='lat' dir='ltr'>sistens,</span> <span class='ocrx_word' id='word_1_28' title='bbox 493 950 630 1001; x_wconf 80' lang='lat' dir='ltr'><strong>attamen</strong></span> <span class='ocrx_word' id='word_1_29' title='bbox 647 936 804 1021; x_wconf 81' lang='lat' dir='ltr'>imprimis</span> <span class='ocrx_word' id='word_1_30' title='bbox 822 950 977 1023; x_wconf 85' lang='lat' dir='ltr'>quatenus</span> <span class='ocrx_word' id='word_1_31' title='bbox 1002 958 1123 1021; x_wconf 86' lang='lat' dir='ltr'>poenas</span> <span class='ocrx_word' id='word_1_32' title='bbox 1145 936 1289 1022; x_wconf 88' lang='lat' dir='ltr'>peccatis</span> <span class='ocrx_word' id='word_1_33' title='bbox 1311 936 1434 1001; x_wconf 86' lang='lat' dir='ltr'>nostris</span> <span class='ocrx_word' id='word_1_34' title='bbox 1449 936 1518 1001; x_wconf 86' lang='lat' dir='ltr'>debi-</span> 
     </span>
     <span class='ocr_line' id='line_1_6' title="bbox 344 1046 1515 1121; baseline -0.004 -8"><span class='ocrx_word' id='word_1_35' title='bbox 344 1062 394 1113; x_wconf 88' lang='lat' dir='ltr'>tas</span> <span class='ocrx_word' id='word_1_36' title='bbox 410 1048 441 1110; x_wconf 93' lang='lat' dir='ltr'>in</span> <span class='ocrx_word' id='word_1_37' title='bbox 459 1068 495 1112; x_wconf 87' lang='lat' dir='ltr'>se</span> <span class='ocrx_word' id='word_1_38' title='bbox 511 1048 746 1121; x_wconf 82' lang='lat' dir='ltr'>transferendo,</span> <span class='ocrx_word' id='word_1_39' title='bbox 761 1068 821 1111; x_wconf 91' lang='lat' dir='ltr'>suo</span> <span class='ocrx_word' id='word_1_40' title='bbox 838 1047 1018 1111; x_wconf 88' lang='lat' dir='ltr'>interventu</span> <span class='ocrx_word' id='word_1_41' title='bbox 1034 1046 1127 1111; x_wconf 87' lang='lat' dir='ltr'>nobis</span> <span class='ocrx_word' id='word_1_42' title='bbox 1144 1046 1316 1112; x_wconf 83' lang='lat' dir='ltr'>amicitiam</span> <span class='ocrx_word' id='word_1_43' title='bbox 1333 1046 1466 1111; x_wconf 86' lang='lat' dir='ltr'>divinam</span> <span class='ocrx_word' id='word_1_44' title='bbox 1479 1065 1515 1109; x_wconf 84' lang='lat' dir='ltr'>rc·</span> 
     </span>
     <span class='ocr_line' id='line_1_7' title="bbox 346 1155 1514 1243; baseline -0.003 -21"><span class='ocrx_word' id='word_1_45' title='bbox 346 1157 524 1243; x_wconf 72' lang='lat' dir='ltr'>cuperant,</span> <span class='ocrx_word' id='word_1_46' title='bbox 555 1178 678 1242; x_wconf 87' lang='lat' dir='ltr'>nosque</span> <span class='ocrx_word' id='word_1_47' title='bbox 695 1157 764 1221; x_wconf 90' lang='lat' dir='ltr'>Deo</span> <span class='ocrx_word' id='word_1_48' title='bbox 787 1160 890 1221; x_wconf 89' lang='lat' dir='ltr'>denuo</span> <span class='ocrx_word' id='word_1_49' title='bbox 913 1156 1125 1242; x_wconf 80' lang='lat' dir='ltr'>conjunxit³),</span> <span class='ocrx_word' id='word_1_50' title='bbox 1148 1155 1240 1243; x_wconf 82' lang='lat' dir='ltr'>atque</span> <span class='ocrx_word' id='word_1_51' title='bbox 1257 1156 1354 1221; x_wconf 74' lang='lat' dir='ltr'>edam</span> <span class='ocrx_word' id='word_1_52' title='bbox 1372 1168 1514 1242; x_wconf 85' lang='lat' dir='ltr'>quatenus,</span> 
     </span>
     <span class='ocr_line' id='line_1_8' title="bbox 344 1264 1463 1345; baseline -0.004 -13"><span class='ocrx_word' id='word_1_53' title='bbox 344 1280 379 1332; x_wconf 95' lang='lat' dir='ltr'>ut</span> <span class='ocrx_word' id='word_1_54' title='bbox 395 1287 471 1331; x_wconf 88' lang='lat' dir='ltr'>mox</span> <span class='ocrx_word' id='word_1_55' title='bbox 488 1268 689 1344; x_wconf 87' lang='lat' dir='ltr'>ostendetur,</span> <span class='ocrx_word' id='word_1_56' title='bbox 708 1278 819 1331; x_wconf 88' lang='lat' dir='ltr'>noster</span> <span class='ocrx_word' id='word_1_57' title='bbox 835 1265 1036 1330; x_wconf 81' lang='lat' dir='ltr'>intercessor</span> <span class='ocrx_word' id='word_1_58' title='bbox 1054 1278 1086 1329; x_wconf 88' lang='lat' dir='ltr'>ct</span> <span class='ocrx_word' id='word_1_59' title='bbox 1102 1268 1276 1331; x_wconf 89' lang='lat' dir='ltr'>advocatus</span> <span class='ocrx_word' id='word_1_60' title='bbox 1295 1264 1463 1345; x_wconf 55' lang='lat' dir='ltr'>exsistit).</span> 
     </span>
     <span class='ocr_line' id='line_1_9' title="bbox 454 1375 1512 1462; baseline -0.001 -23"><span class='ocrx_word' id='word_1_61' title='bbox 454 1377 596 1440; x_wconf 86' lang='lat' dir='ltr'>Tandem</span> <span class='ocrx_word' id='word_1_62' title='bbox 613 1375 762 1462; x_wconf 88' lang='lat' dir='ltr'>quoniam</span> <span class='ocrx_word' id='word_1_63' title='bbox 777 1396 835 1460; x_wconf 90' lang='lat' dir='ltr'>per</span> <span class='ocrx_word' id='word_1_64' title='bbox 852 1375 1014 1440; x_wconf 81' lang='lat' dir='ltr'>Christum</span> <span class='ocrx_word' id='word_1_65' title='bbox 1031 1397 1145 1440; x_wconf 86' lang='lat' dir='ltr'>rursus</span> <span class='ocrx_word' id='word_1_66' title='bbox 1162 1397 1332 1440; x_wconf 88' lang='lat' dir='ltr'>accessum</span> <span class='ocrx_word' id='word_1_67' title='bbox 1354 1377 1394 1440; x_wconf 90' lang='lat' dir='ltr'>ad</span> <span class='ocrx_word' id='word_1_68' title='bbox 1409 1376 1512 1439; x_wconf 86' lang='lat' dir='ltr'>Patrem</span> 
     </span>
     <span class='ocr_line' id='line_1_10' title="bbox 346 1481 1560 1569; baseline -0.002 -20"><span class='ocrx_word' id='word_1_69' title='bbox 346 1487 546 1565; x_wconf 78' lang='lat' dir='ltr'>habemus⁵)‚</span> <span class='ocrx_word' id='word_1_70' title='bbox 569 1507 607 1550; x_wconf 91' lang='lat' dir='ltr'>ac</span> <span class='ocrx_word' id='word_1_71' title='bbox 622 1484 796 1569; x_wconf 85' lang='lat' dir='ltr'>justitiam,</span> <span class='ocrx_word' id='word_1_72' title='bbox 818 1506 929 1569; x_wconf 88' lang='lat' dir='ltr'>pacem</span> <span class='ocrx_word' id='word_1_73' title='bbox 953 1507 1024 1549; x_wconf 91' lang='lat' dir='ltr'>cum</span> <span class='ocrx_word' id='word_1_74' title='bbox 1045 1486 1131 1560; x_wconf 86' lang='lat' dir='ltr'>Deo,</span> <span class='ocrx_word' id='word_1_75' title='bbox 1154 1485 1293 1549; x_wconf 84' lang='lat' dir='ltr'>filiorum</span> <span class='ocrx_word' id='word_1_76' title='bbox 1309 1484 1369 1549; x_wconf 90' lang='lat' dir='ltr'>Dei</span> <span class='ocrx_word' id='word_1_77' title='bbox 1394 1481 1511 1568; x_wconf 87' lang='lat' dir='ltr'>adoptio·</span> <span class='ocrx_word' id='word_1_78' title='bbox 1558 1523 1560 1536; x_wconf 88' lang='lat'>·</span> 
     </span>
     <span class='ocr_line' id='line_1_11' title="bbox 347 1590 1512 1681; baseline -0.003 -22"><span class='ocrx_word' id='word_1_79' title='bbox 347 1618 420 1660; x_wconf 91' lang='lat' dir='ltr'>nem</span> <span class='ocrx_word' id='word_1_80' title='bbox 437 1608 529 1681; x_wconf 85' lang='lat' dir='ltr'>atque</span> <span class='ocrx_word' id='word_1_81' title='bbox 547 1595 729 1659; x_wconf 82' lang='lat' dir='ltr'>felicitatem</span> <span class='ocrx_word' id='word_1_82' title='bbox 746 1607 908 1659; x_wconf 85' lang='lat' dir='ltr'>aeternam</span> <span class='ocrx_word' id='word_1_83' title='bbox 926 1595 1081 1681; x_wconf 85' lang='lat' dir='ltr'>consequi</span> <span class='ocrx_word' id='word_1_84' title='bbox 1097 1618 1270 1680; x_wconf 89' lang='lat' dir='ltr'>possumus</span> <span class='ocrx_word' id='word_1_85' title='bbox 1282 1596 1324 1675; x_wconf 82' lang='lat'>⁶);</span> <span class='ocrx_word' id='word_1_86' title='bbox 1345 1615 1442 1680; x_wconf 89' lang='lat' dir='ltr'>porro</span> <span class='ocrx_word' id='word_1_87' title='bbox 1461 1590 1512 1678; x_wconf 85' lang='lat' dir='ltr'>quia</span> 
     </span>
     <span class='ocr_line' id='line_1_12' title="bbox 346 1705 1511 1789; baseline -0.003 -21"><span class='ocrx_word' id='word_1_88' title='bbox 346 1705 417 1789; x_wconf 89' lang='lat' dir='ltr'>ipse</span> <span class='ocrx_word' id='word_1_89' title='bbox 430 1728 491 1787; x_wconf 81' lang='lat' dir='ltr'>per</span> <span class='ocrx_word' id='word_1_90' title='bbox 507 1714 644 1768; x_wconf 78' lang='lat' dir='ltr'>rnortem</span> <span class='ocrx_word' id='word_1_91' title='bbox 661 1726 752 1769; x_wconf 88' lang='lat' dir='ltr'>suam</span> <span class='ocrx_word' id='word_1_92' title='bbox 769 1727 841 1768; x_wconf 85' lang='lat' dir='ltr'>eum</span> <span class='ocrx_word' id='word_1_93' title='bbox 858 1706 1031 1781; x_wconf 86' lang='lat' dir='ltr'>destruxit,</span> <span class='ocrx_word' id='word_1_94' title='bbox 1063 1715 1119 1789; x_wconf 80' lang='lat' dir='ltr'>qut</span> <span class='ocrx_word' id='word_1_95' title='bbox 1140 1710 1284 1770; x_wconf 78' lang='lat' dir='ltr'>tradebat</span> <span class='ocrx_word' id='word_1_96' title='bbox 1303 1713 1419 1768; x_wconf 78' lang='lat' dir='ltr'>mortis</span> <span class='ocrx_word' id='word_1_97' title='bbox 1432 1712 1511 1785; x_wconf 79' lang='lat' dir='ltr'>tmpe-</span> 
     </span>
     <span class='ocr_line' id='line_1_13' title="bbox 347 1812 1512 1901; baseline -0.001 -24"><span class='ocrx_word' id='word_1_98' title='bbox 347 1823 451 1895; x_wconf 79' lang='lat' dir='ltr'>ra’um,</span> <span class='ocrx_word' id='word_1_99' title='bbox 475 1820 513 1878; x_wconf 76' lang='lat' dir='ltr'>a&#39;d</span> <span class='ocrx_word' id='word_1_100' title='bbox 525 1825 578 1878; x_wconf 91' lang='lat' dir='ltr'>est</span> <span class='ocrx_word' id='word_1_101' title='bbox 592 1818 775 1896; x_wconf 76' lang='lat' dir='ltr'>diabolum,</span> <span class='ocrx_word' id='word_1_102' title='bbox 810 1816 878 1899; x_wconf 90' lang='lat' dir='ltr'>ejus</span> <span class='ocrx_word' id='word_1_103' title='bbox 894 1828 1089 1901; x_wconf 89' lang='lat' dir='ltr'>potestatem</span> <span class='ocrx_word' id='word_1_104' title='bbox 1111 1816 1205 1881; x_wconf 91' lang='lat' dir='ltr'>nobis</span> <span class='ocrx_word' id='word_1_105' title='bbox 1222 1814 1360 1881; x_wconf 91' lang='lat' dir='ltr'>nocendi</span> <span class='ocrx_word' id='word_1_106' title='bbox 1377 1812 1512 1889; x_wconf 85' lang='lat' dir='ltr'>ademit&#39;)‚</span> 
     </span>
     <span class='ocr_line' id='line_1_14' title="bbox 348 1924 1512 2012; baseline -0.007 -24"><span class='ocrx_word' id='word_1_107' title='bbox 348 1938 549 2011; x_wconf 89' lang='lat' dir='ltr'>mortemque</span> <span class='ocrx_word' id='word_1_108' title='bbox 575 1924 692 1990; x_wconf 88' lang='lat' dir='ltr'>devicit</span> <span class='ocrx_word' id='word_1_109' title='bbox 700 1925 741 2004; x_wconf 81' lang='grc'>8),</span> <span class='ocrx_word' id='word_1_110' title='bbox 774 1938 868 2011; x_wconf 88' lang='lat' dir='ltr'>atquc</span> <span class='ocrx_word' id='word_1_111' title='bbox 889 1925 937 1991; x_wconf 90' lang='lat' dir='ltr'>sic</span> <span class='ocrx_word' id='word_1_112' title='bbox 961 1949 1019 2012; x_wconf 89' lang='lat' dir='ltr'>per</span> <span class='ocrx_word' id='word_1_113' title='bbox 1035 1926 1141 2011; x_wconf 89' lang='lat' dir='ltr'>ipsum</span> <span class='ocrx_word' id='word_1_114' title='bbox 1158 1928 1245 1991; x_wconf 89' lang='lat' dir='ltr'>salus</span> <span class='ocrx_word' id='word_1_115' title='bbox 1262 1925 1358 1991; x_wconf 90' lang='lat' dir='ltr'>nobis</span> <span class='ocrx_word' id='word_1_116' title='bbox 1374 1925 1454 1988; x_wconf 86' lang='lat' dir='ltr'>facta</span> <span class='ocrx_word' id='word_1_117' title='bbox 1467 1931 1512 1985; x_wconf 85' lang='lat' dir='ltr'>est:</span> 
     </span>
     <span class='ocr_line' id='line_1_15' title="bbox 350 2024 1514 2140; baseline -0.003 -42"><span class='ocrx_word' id='word_1_118' title='bbox 350 2035 464 2099; x_wconf 88' lang='lat' dir='ltr'>merito</span> <span class='ocrx_word' id='word_1_119' title='bbox 498 2037 624 2100; x_wconf 86' lang='lat' dir='ltr'>Jesus</span> <span class='ocrx_word' id='word_1_120' title='bbox 658 2024 798 2140; x_wconf 49' lang='lat' dir='ltr'>(wint</span> <span class='ocrx_word' id='word_1_121' title='bbox 832 2050 934 2102; x_wconf 86' lang='lat' dir='ltr'>contr.</span> <span class='ocrx_word' id='word_1_122' title='bbox 968 2025 1097 2139; x_wconf 54' lang='lat' dir='ltr'>ytw&#39;t),</span> <span class='ocrx_word' id='word_1_123' title='bbox 1130 2030 1229 2120; x_wconf 80' lang='grc' dir='ltr'><strong><em>σωτὴρ</em></strong></span> <span class='ocrx_word' id='word_1_124' title='bbox 1254 2058 1314 2102; x_wconf 87' lang='lat' dir='ltr'>seu</span> <span class='ocrx_word' id='word_1_125' title='bbox 1346 2036 1514 2101; x_wconf 76' lang='lat' dir='ltr'>Salvator</span> 
     </span>
    </p>
   </div>
   <div class='ocr_carea' id='block_1_3' title="bbox 350 2212 1560 2410">
    <p class='ocr_par' dir='ltr' id='par_1_3' title="bbox 350 2212 1560 2410">
     <span class='ocr_line' id='line_1_16' title="bbox 350 2212 1516 2302; baseline 0 -27"><span class='ocrx_word' id='word_1_126' title='bbox 350 2218 500 2294; x_wconf 78' lang='lat' dir='ltr'>mandi,</span> <span class='ocrx_word' id='word_1_127' title='bbox 524 2214 555 2277; x_wconf 92' lang='lat' dir='ltr'>iu</span> <span class='ocrx_word' id='word_1_128' title='bbox 578 2237 639 2301; x_wconf 89' lang='lat' dir='ltr'>quo</span> <span class='ocrx_word' id='word_1_129' title='bbox 656 2216 756 2280; x_wconf 89' lang='lat' dir='ltr'>voluit</span> <span class='ocrx_word' id='word_1_130' title='bbox 771 2219 860 2281; x_wconf 87' lang='lat' dir='ltr'>Deus</span> <span class='ocrx_word' id='word_1_131' title='bbox 878 2216 986 2280; x_wconf 92' lang='lat' dir='ltr'>omnia</span> <span class='ocrx_word' id='word_1_132' title='bbox 999 2215 1229 2293; x_wconf 84' lang='lat' dir='ltr'>reconciliare,</span> <span class='ocrx_word' id='word_1_133' title='bbox 1247 2215 1375 2302; x_wconf 85' lang='lat' dir='ltr'>quaein</span> <span class='ocrx_word' id='word_1_134' title='bbox 1393 2212 1484 2281; x_wconf 86' lang='lat' dir='ltr'>coelis</span> <span class='ocrx_word' id='word_1_135' title='bbox 1495 2222 1516 2276; x_wconf 85' lang='lat' dir='ltr'>et</span> 
     </span>
     <span class='ocr_line' id='line_1_17' title="bbox 351 2321 1560 2410; baseline 0.005 -24"><span class='ocrx_word' id='word_1_136' title='bbox 351 2322 478 2407; x_wconf 89' lang='lat' dir='ltr'>quaein</span> <span class='ocrx_word' id='word_1_137' title='bbox 496 2336 582 2388; x_wconf 89' lang='lat' dir='ltr'>terra</span> <span class='ocrx_word' id='word_1_138' title='bbox 599 2337 682 2400; x_wconf 88' lang='lat' dir='ltr'>sunt,</span> <span class='ocrx_word' id='word_1_139' title='bbox 700 2327 919 2410; x_wconf 78' lang='lat' dir='ltr'>adpellatur⁹).</span> <span class='ocrx_word' id='word_1_140' title='bbox 1557 2321 1560 2354; x_wconf 85' lang='lat'>¹</span> 
     </span>
    </p>
   </div>
   <div class='ocr_carea' id='block_1_4' title="bbox 352 2439 1519 2617">
    <p class='ocr_par' dir='ltr' id='par_1_4' title="bbox 352 2439 1519 2617">
     <span class='ocr_line' id='line_1_18' title="bbox 458 2439 1519 2517; baseline -0.003 -21"><span class='ocrx_word' id='word_1_141' title='bbox 458 2440 587 2498; x_wconf 83' lang='lat' dir='ltr'>Adnot.</span> <span class='ocrx_word' id='word_1_142' title='bbox 613 2439 808 2500; x_wconf 80' lang='lat' dir='ltr'>Sacrificium</span> <span class='ocrx_word' id='word_1_143' title='bbox 841 2440 1087 2517; x_wconf 86' lang='lat' dir='ltr'>propitiatorium</span> <span class='ocrx_word' id='word_1_144' title='bbox 1121 2460 1138 2499; x_wconf 89' lang='lat' dir='ltr'>a</span> <span class='ocrx_word' id='word_1_145' title='bbox 1170 2440 1295 2500; x_wconf 76' lang='lat' dir='ltr'>Christo</span> <span class='ocrx_word' id='word_1_146' title='bbox 1327 2439 1457 2498; x_wconf 91' lang='lat' dir='ltr'>Domino</span> <span class='ocrx_word' id='word_1_147' title='bbox 1480 2453 1519 2513; x_wconf 83' lang='lat' dir='ltr'>pro</span> 
     </span>
     <span class='ocr_line' id='line_1_19' title="bbox 352 2546 674 2617; baseline 0.012 -15"><span class='ocrx_word' id='word_1_148' title='bbox 352 2546 439 2603; x_wconf 86' lang='lat' dir='ltr'>nobis</span> <span class='ocrx_word' id='word_1_149' title='bbox 457 2547 601 2617; x_wconf 87' lang='lat' dir='ltr'>oblatum,</span> <span class='ocrx_word' id='word_1_150' title='bbox 618 2566 674 2607; x_wconf 85' lang='lat' dir='ltr'>uos</span> 
     </span>
    </p>
   </div>
   <div class='ocr_carea' id='block_1_5' title="bbox 349 2651 1526 3506">
    <p class='ocr_par' dir='ltr' id='par_1_5' title="bbox 349 2651 1524 3172">
     <span class='ocr_line' id='line_1_20' title="bbox 462 2651 1522 2737; baseline -0.004 -23"><span class='ocrx_word' id='word_1_151' title='bbox 462 2651 491 2717; x_wconf 93' lang='grc'>1.</span> <span class='ocrx_word' id='word_1_152' title='bbox 509 2656 644 2726; x_wconf 84' lang='lat' dir='ltr'>excitat,</span> <span class='ocrx_word' id='word_1_153' title='bbox 677 2667 710 2716; x_wconf 90' lang='lat' dir='ltr'>ut</span> <span class='ocrx_word' id='word_1_154' title='bbox 737 2677 793 2716; x_wconf 86' lang='lat' dir='ltr'>nos</span> <span class='ocrx_word' id='word_1_155' title='bbox 817 2668 927 2737; x_wconf 80' lang='lat' dir='ltr'>gratos</span> <span class='ocrx_word' id='word_1_156' title='bbox 952 2661 1019 2717; x_wconf 90' lang='lat' dir='ltr'>Deo</span> <span class='ocrx_word' id='word_1_157' title='bbox 1052 2668 1245 2736; x_wconf 85' lang='lat' dir='ltr'>praestemus</span> <span class='ocrx_word' id='word_1_158' title='bbox 1269 2677 1324 2734; x_wconf 85' lang='lat' dir='ltr'>pro</span> <span class='ocrx_word' id='word_1_159' title='bbox 1352 2658 1430 2717; x_wconf 86' lang='lat' dir='ltr'>tanti</span> <span class='ocrx_word' id='word_1_160' title='bbox 1451 2651 1522 2733; x_wconf 78' lang='lat' dir='ltr'>pretii</span> 
     </span>
     <span class='ocr_line' id='line_1_21' title="bbox 354 2765 1524 2843; baseline 0.001 -22"><span class='ocrx_word' id='word_1_161' title='bbox 354 2772 474 2840; x_wconf 86' lang='lat' dir='ltr'>tamque</span> <span class='ocrx_word' id='word_1_162' title='bbox 492 2766 621 2824; x_wconf 88' lang='lat' dir='ltr'>salutari</span> <span class='ocrx_word' id='word_1_163' title='bbox 638 2767 726 2826; x_wconf 89' lang='lat' dir='ltr'>nobis</span> <span class='ocrx_word' id='word_1_164' title='bbox 742 2767 903 2828; x_wconf 87' lang='lat' dir='ltr'>beneficio.</span> <span class='ocrx_word' id='word_1_165' title='bbox 944 2767 1040 2843; x_wconf 76' lang='lat' dir='ltr'>Plus,</span> <span class='ocrx_word' id='word_1_166' title='bbox 1074 2768 1116 2826; x_wconf 89' lang='lat' dir='ltr'>ait</span> <span class='ocrx_word' id='word_1_167' title='bbox 1137 2767 1379 2837; x_wconf 83' lang='lat' dir='ltr'>Ambrosius,</span> <span class='ocrx_word' id='word_1_168' title='bbox 1406 2765 1524 2826; x_wconf 74' lang='lat' dir='ltr'>Domine</span> 
     </span>
     <span class='ocr_line' id='line_1_22' title="bbox 353 2871 1522 2957; baseline 0.003 -26"><span class='ocrx_word' id='word_1_169' title='bbox 353 2871 440 2932; x_wconf 83' lang='lat' dir='ltr'>Jesu</span> <span class='ocrx_word' id='word_1_170' title='bbox 462 2877 595 2949; x_wconf 82' lang='lat' dir='ltr'>trajurr&#39;r&#39;s</span> <span class='ocrx_word' id='word_1_171' title='bbox 619 2881 685 2935; x_wconf 79' lang='lat' dir='ltr'>tuis</span> <span class='ocrx_word' id='word_1_172' title='bbox 706 2877 803 2935; x_wconf 82' lang='lat' dir='ltr'>debeo</span> <span class='ocrx_word' id='word_1_173' title='bbox 813 2921 826 2954; x_wconf 89' lang='grc'>,</span> <span class='ocrx_word' id='word_1_174' title='bbox 850 2879 940 2957; x_wconf 85' lang='lat' dir='ltr'>quod</span> <span class='ocrx_word' id='word_1_175' title='bbox 958 2879 1124 2936; x_wconf 84' lang='lat' dir='ltr'>redemtus</span> <span class='ocrx_word' id='word_1_176' title='bbox 1146 2897 1236 2957; x_wconf 83' lang='lat' dir='ltr'>sam,</span> <span class='ocrx_word' id='word_1_177' title='bbox 1262 2895 1360 2957; x_wconf 80' lang='lat' dir='ltr'>quam</span> <span class='ocrx_word' id='word_1_178' title='bbox 1378 2876 1522 2955; x_wconf 76' lang='lat' dir='ltr'>operitur,</span> 
     </span>
     <span class='ocr_line' id='line_1_23' title="bbox 352 2984 1523 3066; baseline -0.001 -23"><span class='ocrx_word' id='word_1_179' title='bbox 352 2984 441 3063; x_wconf 80' lang='lat' dir='ltr'>quod</span> <span class='ocrx_word' id='word_1_180' title='bbox 454 2990 588 3043; x_wconf 80' lang='lat' dir='ltr'>areatas</span> <span class='ocrx_word' id='word_1_181' title='bbox 604 3005 687 3047; x_wconf 86' lang='lat' dir='ltr'>sum.</span> <span class='ocrx_word' id='word_1_182' title='bbox 726 2986 805 3046; x_wconf 84' lang='lat' dir='ltr'>Non</span> <span class='ocrx_word' id='word_1_183' title='bbox 825 2992 909 3047; x_wconf 81' lang='lat' dir='ltr'>enim</span> <span class='ocrx_word' id='word_1_184' title='bbox 927 2988 1105 3066; x_wconf 84' lang='lat' dir='ltr'>prodesset</span> <span class='ocrx_word' id='word_1_185' title='bbox 1117 2992 1230 3063; x_wconf 78' lang='lat' dir='ltr'>nasci,</span> <span class='ocrx_word' id='word_1_186' title='bbox 1248 2990 1314 3047; x_wconf 78' lang='lat' dir='ltr'>nisi</span> <span class='ocrx_word' id='word_1_187' title='bbox 1332 2987 1447 3046; x_wconf 75' lang='lat' dir='ltr'>redimi</span> <span class='ocrx_word' id='word_1_188' title='bbox 1459 3002 1523 3065; x_wconf 79' lang='lat' dir='ltr'>prr·</span> 
     </span>
     <span class='ocr_line' id='line_1_24' title="bbox 349 3096 533 3172; baseline 0.011 -19"><span class='ocrx_word' id='word_1_189' title='bbox 349 3096 533 3172; x_wconf 60' lang='lat' dir='ltr'>fuissem).</span> 
     </span>
    </p>

    <p class='ocr_par' dir='ltr' id='par_1_6' title="bbox 353 3200 1526 3506">
     <span class='ocr_line' id='line_1_25' title="bbox 460 3200 1525 3287; baseline -0.005 -23"><span class='ocrx_word' id='word_1_190' title='bbox 460 3200 566 3265; x_wconf 77' lang='lat' dir='ltr'>2.Non</span> <span class='ocrx_word' id='word_1_191' title='bbox 585 3216 702 3265; x_wconf 90' lang='lat' dir='ltr'>tautum</span> <span class='ocrx_word' id='word_1_192' title='bbox 720 3217 821 3266; x_wconf 85' lang='lat' dir='ltr'>autem</span> <span class='ocrx_word' id='word_1_193' title='bbox 839 3208 970 3266; x_wconf 89' lang='lat' dir='ltr'>animum</span> <span class='ocrx_word' id='word_1_194' title='bbox 989 3218 1114 3287; x_wconf 78' lang='lat' dir='ltr'>gratum</span> <span class='ocrx_word' id='word_1_195' title='bbox 1131 3211 1199 3266; x_wconf 87' lang='lat' dir='ltr'>Deo</span> <span class='ocrx_word' id='word_1_196' title='bbox 1216 3204 1525 3276; x_wconf 62' lang='lat' dir='ltr'>nauseamentis</span> 
     </span>
     <span class='ocr_line' id='line_1_26' title="bbox 353 3312 1524 3393; baseline -0.004 -19"><span class='ocrx_word' id='word_1_197' title='bbox 353 3330 421 3374; x_wconf 88' lang='lat' dir='ltr'>eum</span> <span class='ocrx_word' id='word_1_198' title='bbox 439 3312 619 3393; x_wconf 84' lang='lat' dir='ltr'>diligamus,</span> <span class='ocrx_word' id='word_1_199' title='bbox 646 3318 697 3393; x_wconf 88' lang='lat' dir='ltr'>qui</span> <span class='ocrx_word' id='word_1_200' title='bbox 714 3319 799 3393; x_wconf 86' lang='lat' dir='ltr'>prior</span> <span class='ocrx_word' id='word_1_201' title='bbox 816 3320 923 3377; x_wconf 84' lang='lat' dir='ltr'>dilexit</span> <span class='ocrx_word' id='word_1_202' title='bbox 939 3337 1005 3378; x_wconf 88' lang='lat' dir='ltr'>nos.</span> <span class='ocrx_word' id='word_1_203' title='bbox 1046 3318 1087 3377; x_wconf 86' lang='lat' dir='ltr'>In</span> <span class='ocrx_word' id='word_1_204' title='bbox 1103 3318 1164 3377; x_wconf 78' lang='lat' dir='ltr'>laos</span> <span class='ocrx_word' id='word_1_205' title='bbox 1181 3323 1232 3376; x_wconf 91' lang='lat' dir='ltr'>est</span> <span class='ocrx_word' id='word_1_206' title='bbox 1246 3320 1409 3393; x_wconf 77' lang='lat' dir='ltr'>charitas,</span> <span class='ocrx_word' id='word_1_207' title='bbox 1428 3315 1469 3375; x_wconf 86' lang='lat' dir='ltr'>ait</span> <span class='ocrx_word' id='word_1_208' title='bbox 1481 3314 1524 3371; x_wconf 78' lang='lat' dir='ltr'>da·</span> 
     </span>
     <span class='ocr_line' id='line_1_27' title="bbox 354 3426 1526 3506; baseline -0.004 -22"><span class='ocrx_word' id='word_1_209' title='bbox 354 3442 486 3493; x_wconf 84' lang='lat' dir='ltr'>annes,</span> <span class='ocrx_word' id='word_1_210' title='bbox 509 3431 693 3506; x_wconf 75' lang='lat' dir='ltr'>nonquam·</span> <span class='ocrx_word' id='word_1_211' title='bbox 717 3429 821 3504; x_wconf 85' lang='lat' dir='ltr'>(quia)</span> <span class='ocrx_word' id='word_1_212' title='bbox 847 3428 1064 3488; x_wconf 69' lang='lat' dir='ltr'>dilexerimus</span> <span class='ocrx_word' id='word_1_213' title='bbox 1079 3426 1203 3504; x_wconf 83' lang='lat' dir='ltr'>Deam,</span> <span class='ocrx_word' id='word_1_214' title='bbox 1226 3428 1287 3486; x_wconf 91' lang='lat' dir='ltr'>sed</span> <span class='ocrx_word' id='word_1_215' title='bbox 1306 3431 1461 3506; x_wconf 78' lang='lat' dir='ltr'>quoniam</span> <span class='ocrx_word' id='word_1_216' title='bbox 1474 3429 1526 3501; x_wconf 73' lang='lat' dir='ltr'>iper</span> 
     </span>
    </p>
   </div>
   <div class='ocr_carea' id='block_1_6' title="bbox 354 3591 570 3607">
    <p class='ocr_par' dir='ltr' id='par_1_7' title="bbox 354 3591 570 3607">
     <span class='ocr_line' id='line_1_28' title="bbox 354 3591 570 3607; baseline -0.009 0"><span class='ocrx_word' id='word_1_217' title='bbox 354 3591 570 3607; x_wconf 56' lang='lat' dir='ltr'><strong>h——o——fi-</strong></span> 
     </span>
    </p>
   </div>
   <div class='ocr_carea' id='block_1_7' title="bbox 355 3695 1527 3784">
    <p class='ocr_par' dir='ltr' id='par_1_8' title="bbox 355 3695 1527 3784">
     <span class='ocr_line' id='line_1_29' title="bbox 355 3695 1527 3784; baseline -0.002 -27"><span class='ocrx_word' id='word_1_218' title='bbox 355 3695 419 3776; x_wconf 83' lang='lat' dir='ltr'>ejas</span> <span class='ocrx_word' id='word_1_219' title='bbox 436 3702 535 3776; x_wconf 87' lang='lat' dir='ltr'>(suae,</span> <span class='ocrx_word' id='word_1_220' title='bbox 550 3695 569 3759; x_wconf 92' lang='lat' dir='ltr'>i.</span> <span class='ocrx_word' id='word_1_221' title='bbox 588 3718 614 3759; x_wconf 85' lang='lat' dir='ltr'>e.</span> <span class='ocrx_word' id='word_1_222' title='bbox 630 3716 686 3779; x_wconf 86' lang='lat' dir='ltr'>per</span> <span class='ocrx_word' id='word_1_223' title='bbox 702 3709 827 3762; x_wconf 90' lang='lat' dir='ltr'>mortem</span> <span class='ocrx_word' id='word_1_224' title='bbox 844 3701 996 3784; x_wconf 83' lang='lat' dir='ltr'>corporis,</span> <span class='ocrx_word' id='word_1_225' title='bbox 1018 3701 1098 3782; x_wconf 88' lang='lat' dir='ltr'>quod</span> <span class='ocrx_word' id='word_1_226' title='bbox 1114 3718 1204 3761; x_wconf 86' lang='lat' dir='ltr'>carne</span> <span class='ocrx_word' id='word_1_227' title='bbox 1221 3709 1382 3772; x_wconf 84' lang='lat' dir='ltr'>constans,</span> <span class='ocrx_word' id='word_1_228' title='bbox 1399 3699 1527 3758; x_wconf 84' lang='lat' dir='ltr'>infirmam</span> 
     </span>
    </p>
   </div>
   <div class='ocr_carea' id='block_1_8' title="bbox 353 3788 1526 3943">
    <p class='ocr_par' dir='ltr' id='par_1_9' title="bbox 353 3788 1526 3943">
     <span class='ocr_line' id='line_1_30' title="bbox 353 3788 1526 3943; baseline 0 -95"><span class='ocrx_word' id='word_1_229' title='bbox 353 3800 383 3942; x_wconf 58' lang='lat' dir='ltr'>{t</span> <span class='ocrx_word' id='word_1_230' title='bbox 398 3790 534 3943; x_wconf 48' lang='grc' dir='ltr'>13111ὲὲ</span> <span class='ocrx_word' id='word_1_231' title='bbox 559 3793 759 3874; x_wconf 83' lang='lat' dir='ltr'>susceperat).</span> <span class='ocrx_word' id='word_1_232' title='bbox 800 3793 847 3853; x_wconf 78' lang='lat' dir='ltr'>Of.</span> <span class='ocrx_word' id='word_1_233' title='bbox 865 3792 934 3853; x_wconf 81' lang='lat'>001.</span> <span class='ocrx_word' id='word_1_234' title='bbox 954 3790 982 3866; x_wconf 89' lang='lat'>1,</span> <span class='ocrx_word' id='word_1_235' title='bbox 1002 3790 1144 3854; x_wconf 86' lang='grc'>19-20.</span> <span class='ocrx_word' id='word_1_236' title='bbox 1184 3788 1399 3865; x_wconf 82' lang='lat' dir='ltr'>Rom.5,10.</span> <span class='ocrx_word' id='word_1_237' title='bbox 1431 3790 1526 3871; x_wconf 86' lang='lat' dir='ltr'>Ephes.</span> 
     </span>
    </p>
   </div>
   <div class='ocr_carea' id='block_1_9' title="bbox 223 3986 1528 4989">
    <p class='ocr_par' dir='ltr' id='par_1_10' title="bbox 223 3986 1528 4989">
     <span class='ocr_line' id='line_1_31' title="bbox 464 3986 1528 4077; baseline -0.003 -26"><span class='ocrx_word' id='word_1_238' title='bbox 464 3996 492 4070; x_wconf 88' lang='lat'>¹)</span> <span class='ocrx_word' id='word_1_239' title='bbox 514 3991 610 4054; x_wconf 88' lang='lat' dir='ltr'>Jonn.</span> <span class='ocrx_word' id='word_1_240' title='bbox 635 3989 664 4064; x_wconf 90' lang='grc'>1,</span> <span class='ocrx_word' id='word_1_241' title='bbox 689 3992 740 4056; x_wconf 82' lang='lat'>18.</span> <span class='ocrx_word' id='word_1_242' title='bbox 774 4029 815 4039; x_wconf 90' lang='lat'>-</span> <span class='ocrx_word' id='word_1_243' title='bbox 852 3995 878 4074; x_wconf 85' lang='lat'>²)</span> <span class='ocrx_word' id='word_1_244' title='bbox 905 3994 1002 4058; x_wconf 84' lang='lat' dir='ltr'>Hebr.</span> <span class='ocrx_word' id='word_1_245' title='bbox 1026 3991 1055 4069; x_wconf 86' lang='lat'>8,</span> <span class='ocrx_word' id='word_1_246' title='bbox 1078 3991 1107 4055; x_wconf 88' lang='grc'>6.</span> <span class='ocrx_word' id='word_1_247' title='bbox 1127 3993 1161 4077; x_wconf 87' lang='grc'>9,</span> <span class='ocrx_word' id='word_1_248' title='bbox 1180 3991 1231 4056; x_wconf 81' lang='grc'>15.</span> <span class='ocrx_word' id='word_1_249' title='bbox 1252 3989 1302 4069; x_wconf 94' lang='grc'>12,</span> <span class='ocrx_word' id='word_1_250' title='bbox 1321 3992 1374 4057; x_wconf 90' lang='grc'>24.</span> <span class='ocrx_word' id='word_1_251' title='bbox 1393 3993 1461 4058; x_wconf 87' lang='lat' dir='ltr'>coll.</span> <span class='ocrx_word' id='word_1_252' title='bbox 1476 3986 1528 4051; x_wconf 86' lang='lat' dir='ltr'>Gal.</span> 
     </span>
     <span class='ocr_line' id='line_1_32' title="bbox 354 4078 1527 4165; baseline 0.001 -21"><span class='ocrx_word' id='word_1_253' title='bbox 354 4078 385 4157; x_wconf 86' lang='lat'>3,</span> <span class='ocrx_word' id='word_1_254' title='bbox 405 4080 457 4145; x_wconf 87' lang='lat'>19.</span> <span class='ocrx_word' id='word_1_255' title='bbox 478 4119 522 4128; x_wconf 94' lang='lat'>—</span> <span class='ocrx_word' id='word_1_256' title='bbox 547 4085 573 4165; x_wconf 88' lang='lat'>³)</span> <span class='ocrx_word' id='word_1_257' title='bbox 592 4082 621 4144; x_wconf 87' lang='lat'>1.</span> <span class='ocrx_word' id='word_1_258' title='bbox 640 4085 718 4147; x_wconf 85' lang='lat' dir='ltr'>Tim.</span> <span class='ocrx_word' id='word_1_259' title='bbox 736 4083 767 4160; x_wconf 92' lang='grc'>2,</span> <span class='ocrx_word' id='word_1_260' title='bbox 783 4083 882 4147; x_wconf 84' lang='grc'>5-6.</span> <span class='ocrx_word' id='word_1_261' title='bbox 910 4122 952 4130; x_wconf 90' lang='grc'><strong>-</strong></span> <span class='ocrx_word' id='word_1_262' title='bbox 976 4088 1005 4163; x_wconf 79' lang='lat'>⁴)</span> <span class='ocrx_word' id='word_1_263' title='bbox 1026 4083 1053 4146; x_wconf 94' lang='lat'>1.</span> <span class='ocrx_word' id='word_1_264' title='bbox 1071 4085 1163 4147; x_wconf 86' lang='lat' dir='ltr'>Josn.</span> <span class='ocrx_word' id='word_1_265' title='bbox 1181 4083 1212 4162; x_wconf 90' lang='grc'>2,</span> <span class='ocrx_word' id='word_1_266' title='bbox 1231 4083 1259 4148; x_wconf 94' lang='grc'>1.</span> <span class='ocrx_word' id='word_1_267' title='bbox 1276 4088 1365 4147; x_wconf 89' lang='lat' dir='ltr'>Rom.</span> <span class='ocrx_word' id='word_1_268' title='bbox 1383 4083 1415 4162; x_wconf 86' lang='lat'>8,</span> <span class='ocrx_word' id='word_1_269' title='bbox 1432 4082 1527 4145; x_wconf 81' lang='grc'>34.-</span> 
     </span>
     <span class='ocr_line' id='line_1_33' title="bbox 356 4168 1528 4262; baseline 0.003 -30"><span class='ocrx_word' id='word_1_270' title='bbox 356 4170 382 4257; x_wconf 78' lang='lat'>⁵)</span> <span class='ocrx_word' id='word_1_271' title='bbox 398 4173 511 4254; x_wconf 85' lang='lat' dir='ltr'>Ephes.</span> <span class='ocrx_word' id='word_1_272' title='bbox 529 4171 560 4248; x_wconf 92' lang='grc'>2,</span> <span class='ocrx_word' id='word_1_273' title='bbox 579 4171 629 4237; x_wconf 89' lang='lat'>18.</span> <span class='ocrx_word' id='word_1_274' title='bbox 648 4172 678 4251; x_wconf 84' lang='lat'>3,</span> <span class='ocrx_word' id='word_1_275' title='bbox 697 4173 866 4262; x_wconf 63' lang='lat' dir='ltr'>mileu.</span> <span class='ocrx_word' id='word_1_276' title='bbox 890 4173 941 4251; x_wconf 95' lang='grc'>10,</span> <span class='ocrx_word' id='word_1_277' title='bbox 965 4174 1005 4237; x_wconf 89' lang='grc'>19</span> <span class='ocrx_word' id='word_1_278' title='bbox 1024 4198 1064 4237; x_wconf 88' lang='lat' dir='ltr'>ss.</span> <span class='ocrx_word' id='word_1_279' title='bbox 1084 4174 1113 4250; x_wconf 79' lang='grc'>7,</span> <span class='ocrx_word' id='word_1_280' title='bbox 1129 4173 1181 4239; x_wconf 85' lang='grc'>25.</span> <span class='ocrx_word' id='word_1_281' title='bbox 1215 4213 1257 4222; x_wconf 91' lang='grc'>-</span> <span class='ocrx_word' id='word_1_282' title='bbox 1290 4180 1319 4256; x_wconf 81' lang='lat'>⁶)</span> <span class='ocrx_word' id='word_1_283' title='bbox 1337 4180 1426 4241; x_wconf 88' lang='lat' dir='ltr'>Rom.</span> <span class='ocrx_word' id='word_1_284' title='bbox 1443 4173 1474 4250; x_wconf 84' lang='lat'>3,</span> <span class='ocrx_word' id='word_1_285' title='bbox 1487 4168 1528 4235; x_wconf 86' lang='grc'>24.</span> 
     </span>
     <span class='ocr_line' id='line_1_34' title="bbox 354 4262 1528 4351; baseline 0.002 -25"><span class='ocrx_word' id='word_1_286' title='bbox 354 4262 661 4339; x_wconf 82' lang='grc'>5,1-2.18-19.</span> <span class='ocrx_word' id='word_1_287' title='bbox 694 4266 907 4351; x_wconf 81' lang='lat' dir='ltr'>Joan.1‚12.</span> <span class='ocrx_word' id='word_1_288' title='bbox 929 4265 1027 4329; x_wconf 75' lang='grc'>101.</span> <span class='ocrx_word' id='word_1_289' title='bbox 1061 4267 1131 4330; x_wconf 81' lang='lat' dir='ltr'>Cor.</span> <span class='ocrx_word' id='word_1_290' title='bbox 1151 4268 1179 4343; x_wconf 92' lang='grc'>1,</span> <span class='ocrx_word' id='word_1_291' title='bbox 1196 4265 1250 4333; x_wconf 88' lang='grc'>30.</span> <span class='ocrx_word' id='word_1_292' title='bbox 1281 4262 1528 4350; x_wconf 72' lang='lat' dir='ltr'>Ephes.1,5s·</span> 
     </span>
     <span class='ocr_line' id='line_1_35' title="bbox 354 4352 1528 4442; baseline -0.001 -26"><span class='ocrx_word' id='word_1_293' title='bbox 354 4357 417 4419; x_wconf 81' lang='lat' dir='ltr'>Tit.</span> <span class='ocrx_word' id='word_1_294' title='bbox 434 4352 472 4438; x_wconf 87' lang='grc'>3,</span> <span class='ocrx_word' id='word_1_295' title='bbox 497 4353 594 4420; x_wconf 79' lang='grc'>3-7.</span> <span class='ocrx_word' id='word_1_296' title='bbox 612 4357 709 4424; x_wconf 89' lang='lat' dir='ltr'>Hebr.</span> <span class='ocrx_word' id='word_1_297' title='bbox 727 4357 757 4442; x_wconf 83' lang='lat'>9,</span> <span class='ocrx_word' id='word_1_298' title='bbox 776 4358 828 4424; x_wconf 85' lang='grc'>14.</span> <span class='ocrx_word' id='word_1_299' title='bbox 860 4396 904 4405; x_wconf 95' lang='grc'>-</span> <span class='ocrx_word' id='word_1_300' title='bbox 939 4354 964 4441; x_wconf 79' lang='lat'>⁷)</span> <span class='ocrx_word' id='word_1_301' title='bbox 987 4359 1084 4420; x_wconf 89' lang='lat' dir='ltr'>Hebr.</span> <span class='ocrx_word' id='word_1_302' title='bbox 1101 4359 1137 4433; x_wconf 83' lang='lat'>2,</span> <span class='ocrx_word' id='word_1_303' title='bbox 1162 4357 1212 4421; x_wconf 85' lang='grc'>14.</span> <span class='ocrx_word' id='word_1_304' title='bbox 1231 4359 1296 4421; x_wconf 83' lang='grc'>001.</span> <span class='ocrx_word' id='word_1_305' title='bbox 1315 4358 1347 4429; x_wconf 88' lang='grc'>2,</span> <span class='ocrx_word' id='word_1_306' title='bbox 1366 4356 1419 4421; x_wconf 80' lang='grc'>15.</span> <span class='ocrx_word' id='word_1_307' title='bbox 1434 4357 1528 4438; x_wconf 80' lang='lat' dir='ltr'>Ephes.</span> 
     </span>
     <span class='ocr_line' id='line_1_36' title="bbox 355 4441 1527 4531; baseline 0 -22"><span class='ocrx_word' id='word_1_308' title='bbox 355 4444 384 4522; x_wconf 89' lang='grc'>6,</span> <span class='ocrx_word' id='word_1_309' title='bbox 404 4445 546 4510; x_wconf 78' lang='grc'>10-17.</span> <span class='ocrx_word' id='word_1_310' title='bbox 579 4449 672 4512; x_wconf 87' lang='lat' dir='ltr'>Joan.</span> <span class='ocrx_word' id='word_1_311' title='bbox 692 4448 743 4524; x_wconf 91' lang='grc'>12,</span> <span class='ocrx_word' id='word_1_312' title='bbox 761 4450 814 4512; x_wconf 85' lang='lat'>31.</span> <span class='ocrx_word' id='word_1_313' title='bbox 833 4449 884 4526; x_wconf 83' lang='lat'>16,</span> <span class='ocrx_word' id='word_1_314' title='bbox 903 4447 954 4511; x_wconf 85' lang='lat'>11.</span> <span class='ocrx_word' id='word_1_315' title='bbox 975 4449 1002 4513; x_wconf 89' lang='lat'>1.</span> <span class='ocrx_word' id='word_1_316' title='bbox 1020 4449 1112 4516; x_wconf 84' lang='lat' dir='ltr'>Joan.</span> <span class='ocrx_word' id='word_1_317' title='bbox 1131 4450 1161 4526; x_wconf 87' lang='lat'>3,</span> <span class='ocrx_word' id='word_1_318' title='bbox 1179 4449 1209 4513; x_wconf 85' lang='lat'>8.</span> <span class='ocrx_word' id='word_1_319' title='bbox 1242 4487 1286 4497; x_wconf 94' lang='lat'><em>-</em></span> <span class='ocrx_word' id='word_1_320' title='bbox 1322 4449 1346 4531; x_wconf 83' lang='lat'>⁸)</span> <span class='ocrx_word' id='word_1_321' title='bbox 1363 4453 1450 4513; x_wconf 88' lang='lat' dir='ltr'>Rom.</span> <span class='ocrx_word' id='word_1_322' title='bbox 1467 4445 1492 4529; x_wconf 83' lang='lat'>6,</span> <span class='ocrx_word' id='word_1_323' title='bbox 1505 4441 1527 4505; x_wconf 80' lang='lat'>9·</span> 
     </span>
     <span class='ocr_line' id='line_1_37' title="bbox 223 4537 1527 4622; baseline -0.001 -18"><span class='ocrx_word' id='word_1_324' title='bbox 223 4593 227 4604; x_wconf 94' lang='lat'>.</span> <span class='ocrx_word' id='word_1_325' title='bbox 356 4537 385 4599; x_wconf 92' lang='grc'>1.</span> <span class='ocrx_word' id='word_1_326' title='bbox 421 4539 491 4600; x_wconf 83' lang='lat' dir='ltr'>Cor.</span> <span class='ocrx_word' id='word_1_327' title='bbox 516 4537 571 4614; x_wconf 84' lang='lat'>15,</span> <span class='ocrx_word' id='word_1_328' title='bbox 602 4537 745 4604; x_wconf 80' lang='lat'>54-55.</span> <span class='ocrx_word' id='word_1_329' title='bbox 778 4543 875 4622; x_wconf 85' lang='lat' dir='ltr'>Apoe.</span> <span class='ocrx_word' id='word_1_330' title='bbox 906 4540 961 4612; x_wconf 88' lang='grc'>21,</span> <span class='ocrx_word' id='word_1_331' title='bbox 985 4540 1017 4608; x_wconf 82' lang='grc'>4.</span> <span class='ocrx_word' id='word_1_332' title='bbox 1039 4541 1155 4605; x_wconf 89' lang='lat' dir='ltr'>coll.1.</span> <span class='ocrx_word' id='word_1_333' title='bbox 1183 4542 1254 4606; x_wconf 79' lang='lat' dir='ltr'>Cor.</span> <span class='ocrx_word' id='word_1_334' title='bbox 1273 4539 1326 4620; x_wconf 84' lang='lat'>15,</span> <span class='ocrx_word' id='word_1_335' title='bbox 1342 4537 1527 4605; x_wconf 59' lang='grc'>21-22,”</span> 
     </span>
     <span class='ocr_line' id='line_1_38' title="bbox 356 4623 1525 4720; baseline 0.007 -30"><span class='ocrx_word' id='word_1_336' title='bbox 356 4625 382 4716; x_wconf 72' lang='grc'>9)</span> <span class='ocrx_word' id='word_1_337' title='bbox 398 4631 507 4692; x_wconf 74' lang='lat' dir='ltr'>Matri.</span> <span class='ocrx_word' id='word_1_338' title='bbox 530 4628 557 4700; x_wconf 91' lang='lat'>1,</span> <span class='ocrx_word' id='word_1_339' title='bbox 575 4628 629 4697; x_wconf 79' lang='lat'>21.</span> <span class='ocrx_word' id='word_1_340' title='bbox 647 4634 722 4693; x_wconf 69' lang='lat' dir='ltr'>nuc.</span> <span class='ocrx_word' id='word_1_341' title='bbox 740 4631 772 4704; x_wconf 75' lang='lat' dir='ltr'>a,</span> <span class='ocrx_word' id='word_1_342' title='bbox 792 4632 843 4695; x_wconf 79' lang='lat'>11.</span> <span class='ocrx_word' id='word_1_343' title='bbox 860 4634 953 4694; x_wconf 69' lang='lat' dir='ltr'>roan.</span> <span class='ocrx_word' id='word_1_344' title='bbox 971 4631 1002 4715; x_wconf 85' lang='lat'>4,</span> <span class='ocrx_word' id='word_1_345' title='bbox 1019 4631 1073 4699; x_wconf 72' lang='lat' dir='ltr'>aa.</span> <span class='ocrx_word' id='word_1_346' title='bbox 1106 4637 1173 4696; x_wconf 71' lang='lat' dir='ltr'>Act.</span> <span class='ocrx_word' id='word_1_347' title='bbox 1191 4630 1221 4707; x_wconf 85' lang='lat'>5,</span> <span class='ocrx_word' id='word_1_348' title='bbox 1240 4632 1295 4700; x_wconf 84' lang='lat'>31.</span> <span class='ocrx_word' id='word_1_349' title='bbox 1315 4632 1367 4720; x_wconf 85' lang='lat'>13,</span> <span class='ocrx_word' id='word_1_350' title='bbox 1383 4633 1436 4698; x_wconf 78' lang='lat'>23.</span> <span class='ocrx_word' id='word_1_351' title='bbox 1466 4623 1525 4690; x_wconf 73' lang='lat' dir='ltr'>Phil·</span> 
     </span>
     <span class='ocr_line' id='line_1_39' title="bbox 356 4714 1525 4809; baseline 0.005 -29"><span class='ocrx_word' id='word_1_352' title='bbox 356 4716 386 4801; x_wconf 87' lang='grc'>3,</span> <span class='ocrx_word' id='word_1_353' title='bbox 402 4717 454 4783; x_wconf 87' lang='grc'>20.</span> <span class='ocrx_word' id='word_1_354' title='bbox 480 4719 511 4783; x_wconf 93' lang='grc'>2.</span> <span class='ocrx_word' id='word_1_355' title='bbox 539 4722 616 4784; x_wconf 85' lang='lat' dir='ltr'>Tim.</span> <span class='ocrx_word' id='word_1_356' title='bbox 644 4722 677 4795; x_wconf 92' lang='lat'>1,</span> <span class='ocrx_word' id='word_1_357' title='bbox 698 4723 748 4787; x_wconf 88' lang='grc'>10.</span> <span class='ocrx_word' id='word_1_358' title='bbox 782 4725 843 4786; x_wconf 84' lang='lat' dir='ltr'>Tit.</span> <span class='ocrx_word' id='word_1_359' title='bbox 863 4723 891 4799; x_wconf 91' lang='lat'>1,</span> <span class='ocrx_word' id='word_1_360' title='bbox 907 4722 939 4786; x_wconf 87' lang='grc'>4.</span> <span class='ocrx_word' id='word_1_361' title='bbox 957 4723 988 4799; x_wconf 93' lang='grc'>2,</span> <span class='ocrx_word' id='word_1_362' title='bbox 1008 4723 1150 4788; x_wconf 85' lang='grc'>10-13,</span> <span class='ocrx_word' id='word_1_363' title='bbox 1169 4723 1199 4809; x_wconf 87' lang='grc'>3,</span> <span class='ocrx_word' id='word_1_364' title='bbox 1215 4724 1246 4789; x_wconf 90' lang='grc'>4.</span> <span class='ocrx_word' id='word_1_365' title='bbox 1265 4723 1296 4789; x_wconf 90' lang='grc'>6.</span> <span class='ocrx_word' id='word_1_366' title='bbox 1328 4727 1427 4793; x_wconf 85' lang='lat' dir='ltr'>Hebr.</span> <span class='ocrx_word' id='word_1_367' title='bbox 1442 4721 1471 4798; x_wconf 86' lang='grc'>2,</span> <span class='ocrx_word' id='word_1_368' title='bbox 1487 4714 1525 4785; x_wconf 74' lang='grc'>10·</span> 
     </span>
     <span class='ocr_line' id='line_1_40' title="bbox 356 4806 1526 4897; baseline 0.009 -26"><span class='ocrx_word' id='word_1_369' title='bbox 356 4806 387 4881; x_wconf 84' lang='grc'>5,</span> <span class='ocrx_word' id='word_1_370' title='bbox 406 4808 436 4874; x_wconf 84' lang='lat'>9.</span> <span class='ocrx_word' id='word_1_371' title='bbox 452 4811 484 4876; x_wconf 88' lang='grc'>2.</span> <span class='ocrx_word' id='word_1_372' title='bbox 502 4815 586 4874; x_wconf 90' lang='lat' dir='ltr'>Petr.</span> <span class='ocrx_word' id='word_1_373' title='bbox 605 4812 633 4890; x_wconf 89' lang='lat'>1,</span> <span class='ocrx_word' id='word_1_374' title='bbox 652 4813 681 4876; x_wconf 92' lang='lat'>1.</span> <span class='ocrx_word' id='word_1_375' title='bbox 702 4813 753 4878; x_wconf 89' lang='grc'>11.</span> <span class='ocrx_word' id='word_1_376' title='bbox 770 4814 802 4888; x_wconf 88' lang='grc'>2,</span> <span class='ocrx_word' id='word_1_377' title='bbox 820 4814 873 4880; x_wconf 90' lang='grc'>20.</span> <span class='ocrx_word' id='word_1_378' title='bbox 891 4813 920 4887; x_wconf 88' lang='grc'>3,</span> <span class='ocrx_word' id='word_1_379' title='bbox 938 4813 970 4877; x_wconf 89' lang='grc'>2.</span> <span class='ocrx_word' id='word_1_380' title='bbox 990 4813 1040 4880; x_wconf 89' lang='grc'>18.</span> <span class='ocrx_word' id='word_1_381' title='bbox 1075 4815 1261 4892; x_wconf 72' lang='lat' dir='ltr'>1.J0an.4‚</span> <span class='ocrx_word' id='word_1_382' title='bbox 1282 4814 1334 4882; x_wconf 83' lang='lat'>14.</span> <span class='ocrx_word' id='word_1_383' title='bbox 1365 4853 1410 4866; x_wconf 90' lang='lat'>-—</span> <span class='ocrx_word' id='word_1_384' title='bbox 1441 4814 1476 4897; x_wconf 87' lang='lat'>¹⁰)</span> <span class='ocrx_word' id='word_1_385' title='bbox 1495 4811 1526 4871; x_wconf 68' lang='lat' dir='ltr'>It</span> 
     </span>
     <span class='ocr_line' id='line_1_41' title="bbox 356 4901 968 4989; baseline 0.01 -24"><span class='ocrx_word' id='word_1_386' title='bbox 356 4901 429 4964; x_wconf 71' lang='lat' dir='ltr'>Inte.</span> <span class='ocrx_word' id='word_1_387' title='bbox 447 4905 469 4970; x_wconf 82' lang='lat' dir='ltr'>l.</span> <span class='ocrx_word' id='word_1_388' title='bbox 485 4909 514 4967; x_wconf 81' lang='lat'>2.</span> <span class='ocrx_word' id='word_1_389' title='bbox 530 4927 561 4969; x_wconf 83' lang='lat' dir='ltr'>n.</span> <span class='ocrx_word' id='word_1_390' title='bbox 577 4907 607 4967; x_wconf 84' lang='lat'>4.</span> <span class='ocrx_word' id='word_1_391' title='bbox 625 4903 706 4989; x_wconf 85' lang='lat' dir='ltr'>opp.</span> <span class='ocrx_word' id='word_1_392' title='bbox 723 4909 761 4971; x_wconf 86' lang='lat' dir='ltr'>T.</span> <span class='ocrx_word' id='word_1_393' title='bbox 781 4905 809 4972; x_wconf 93' lang='grc'>1.</span> <span class='ocrx_word' id='word_1_394' title='bbox 826 4929 853 4976; x_wconf 87' lang='lat' dir='ltr'>c.</span> <span class='ocrx_word' id='word_1_395' title='bbox 871 4903 968 4971; x_wconf 81' lang='lat'>1295.</span> 
     </span>
    </p>
   </div>
   <div class='ocr_carea' id='block_1_10' title="bbox 0 0 1911 5625">
    <p class='ocr_par' dir='ltr' id='par_1_11' title="bbox 0 0 1911 5625">
     <span class='ocr_line' id='line_1_42' title="bbox 0 0 1911 5625; baseline 0 0"><span class='ocrx_word' id='word_1_396' title='bbox 0 0 1911 5625; x_wconf 95' lang='lat' dir='ltr'> </span> 
     </span>
    </p>
   </div>
  </div>
 </body>
</html>
