3775 5625
1493 417 1517 485 i

324 600 392 660 cta,
415 587 551 666 wamma
567 587 635 663 ipsa
656 585 784 645 litterali
816 569 1064 662 interpretationi
1096 586 1198 666 magis
1231 588 1337 647 favere
1369 588 1521 650 videatur.

322 699 493 775 Mytbieam
511 706 612 756 autem
630 696 852 772 expositionem
869 696 930 755 loci
948 696 1063 765 nostri,
1081 706 1172 772 prout
1189 707 1220 757 et
1238 698 1404 772 cujuslibet
1430 700 1521 769 alius,

323 811 363 869 ab
380 808 526 869 Ecclesia
541 806 663 883 respui,
680 823 769 864 nemo
786 815 850 874 est,
869 805 919 881 qui
936 806 1064 865 dubitet.

324 1101 361 1192 ξ.
378 1098 418 1171 it.
442 1095 660 1169 {inivensi
682 1094 874 1183 generis
897 1094 1088 1166 humani
1105 1098 1166 1167 ab
1183 1098 1360 1169 Adamo
1378 1098 1523 1186 origo.

435 1304 706 1384 Quemadmodum
737 1315 841 1367 autem
873 1300 1011 1367 evictum
1034 1317 1098 1379 est,
1119 1306 1237 1380 Deum,
1259 1325 1354 1392 quam
1387 1304 1524 1391 primum

324 1430 472 1483 naturam
502 1424 724 1500 procreasset,
746 1412 828 1476 duos
857 1411 1021 1487 homines,
1042 1415 1198 1479 ndamum
1220 1427 1252 1479 et
1272 1415 1389 1490 Evam,
1414 1414 1523 1480 condi·

324 1526 423 1600 disse‚
441 1545 521 1610 quos
539 1536 698 1588 terrarum
715 1522 827 1585 orbem
843 1522 934 1606 prole
953 1543 1011 1586 sua
1027 1524 1152 1608 replere
1164 1522 1273 1608 jussit,
1287 1522 1331 1587 ita
1347 1524 1442 1589 etiam
1458 1546 1523 1588 non

323 1635 431 1701 minus
454 1645 577 1699 certum
599 1645 663 1707 est,
687 1651 799 1695 omnes
822 1631 953 1696 omnino
981 1631 1143 1707 homines,
1167 1632 1266 1718 quiin
1284 1632 1522 1722 singulislatis·

324 1745 399 1812 simi
416 1742 504 1808 orbis
520 1740 709 1830 regionibus
726 1740 944 1816 inveniuntur,
967 1761 985 1804 a
1000 1741 1104 1826 primo
1121 1742 1173 1806 iiio
1191 1743 1355 1807 hominum
1373 1742 1443 1829 pari
1460 1742 1523 1807 ori·

323 1854 434 1944 ginem
449 1853 582 1927 habere,
610 1862 703 1935 atque
720 1870 823 1935 neque
841 1871 1030 1937 quemquam
1047 1863 1121 1916 ante
1136 1853 1306 1928 Adamum,
1331 1873 1433 1938 neque
1451 1873 1524 1917 cnm

323 1964 448 2031 Adamo
471 1963 578 2027 aDeo
601 1972 743 2025 creatum
769 1958 884 2034 fuisse,
910 1980 969 2024 sen
1002 1980 1104 2045 neque
1135 1961 1388 2038 Praeadamitas,
1421 1982 1524 2047 neque

325 2071 530 2139 Coadamitas
547 2068 722 2135 exstitisse.
746 2068 874 2133 Etenim

433 2186 472 2245 A.
490 2183 549 2245 SS.
572 2178 754 2245 Litterae
776 2179 894 2244 docent
917 2178 1049 2243 disertis
1081 2180 1204 2255 verbis,
1236 2180 1417 2245 Adamnm
1450 2203 1524 2248 cum

323 2312 430 2356 uxore
461 2310 521 2355 sua
549 2291 628 2353 Eva
659 2287 797 2375 primum
818 2301 912 2374 atque
935 2289 1040 2353 solnm
1058 2310 1076 2353 a
1091 2289 1159 2353 Deo
1177 2288 1278 2355 fuisse
1295 2290 1475 2367 conditum,
1492 2303 1525 2356 et

325 2421 440 2466 omues
455 2420 592 2484 prorsus
608 2396 755 2462 homines
772 2398 811 2461 ab
828 2418 867 2488 eo
886 2395 1045 2484 originem
1061 2398 1199 2463 trahere.
1223 2398 1314 2476 Quod
1330 2420 1372 2463 ex
1388 2420 1522 2486 sequen·

323 2510 411 2575 tibus
429 2509 515 2574 clare
531 2506 757 2596 cognoscitur:

437 2618 466 2682 l.
482 2618 635 2702 Moyses
653 2615 849 2681 creationem
865 2615 999 2680 Adami
1015 2628 1047 2679 et
1061 2618 1162 2681 Evae
1179 2616 1397 2702 expositurus,
1412 2632 1524 2705 aperte

325 2727 503 2818 significat,
535 2739 612 2813 post
645 2726 771 2791 coelum
786 2738 970 2813 terramque
987 2738 1142 2802 creatam,
1166 2728 1206 2791 ad
1223 2729 1389 2793 colendam
1404 2741 1525 2795 terram

324 2841 445 2904 nulium
460 2835 623 2902 bominem
640 2836 756 2911 fuisse,
773 2834 822 2900 his
838 2834 962 2900 verbis:
979 2838 1028 2900 ln
1042 2840 1137 2901 bomo
1154 2859 1229 2900 non
1245 2850 1350 2918 erat,
1369 2846 1427 2919 qni
1444 2861 1524 2921 ope·

325 2961 460 3014 raretnr
475 2959 597 3011 terren
607 2948 643 3027 ¹).
669 2947 712 3010 Et
728 2945 841 3010 deinde
858 2945 991 3010 Adami
1007 2967 1049 3010 ex
1063 2946 1139 3012 limo
1157 2947 1304 3013 terrestri
1315 2937 1360 3028 ²),
1375 2961 1407 3014 et
1422 2948 1524 3015 Evae

324 3079 367 3125 ex
382 3057 497 3123 Adami
514 3060 642 3136 restat)
669 3053 914 3120 fabricationem
934 3056 1044 3122 refert.
1063 3059 1224 3122 —Porro
1251 3057 1284 3121 in
1305 3059 1394 3134 foco,
1410 3059 1443 3124 in
1460 3080 1522 3147 quo

323 3170 466 3234 ndamus
499 3165 647 3231 omnibns
679 3164 868 3230 animalibus
900 3165 1031 3231 nomina
1060 3165 1208 3251 imponit,
1240 3167 1320 3232 haec
1350 3169 1523 3234 habentur:

323 3282 413 3342 Adae
429 3297 507 3340 nero
525 3297 601 3339 non
617 3281 899 3338 inveniebatur
915 3280 1077 3354 adjutor
1093 3281 1238 3339 similis
1253 3281 1355 3358 ejus,
1373 3277 1394 3342 i.
1409 3297 1436 3341 e.
1453 3278 1521 3343 nul·

325 3389 374 3452 fus
392 3384 443 3452 sui
459 3382 592 3473 generis
609 3383 754 3448 animans
771 3403 829 3448 sen
844 3384 941 3448 bomo
953 3388 990 3464 ⁴).
1024 3386 1126 3469 Atque
1142 3385 1236 3469 paulo
1253 3397 1341 3449 ante:
1373 3387 1452 3448 Non
1475 3400 1525 3451 est

323 3502 443 3560 bonnm
474 3516 548 3559 esse
578 3498 740 3558 bominem
770 3501 914 3557 sotum:
945 3497 1110 3569 faciantne
1139 3499 1170 3556 ei
1196 3499 1394 3574 aoJoeortun
1417 3501 1524 3560 simile

323 3611 387 3670 noi
400 3605 438 3682 ⁶).
456 3603 529 3667 Non
546 3601 671 3667 exstitit
685 3601 791 3688 itaque
807 3613 880 3666 ante
896 3602 1068 3677 Adamum,
1086 3623 1188 3689 neque
1207 3624 1279 3667 cum
1294 3604 1417 3670 Adamo
1437 3604 1522 3691 quis·

323 3735 418 3801 quam
435 3723 507 3776 ante
523 3713 626 3776 Evam
643 3722 802 3785 creatam,
819 3710 877 3774 sed
895 3709 964 3794 ipse
983 3724 1053 3775 erat
1068 3711 1190 3796 primus
1215 3724 1310 3798 atque
1327 3714 1427 3778 solus.
1459 3714 1521 3779 Ne·

323 3844 384 3910 que
403 3823 525 3895 obstat,
547 3818 685 3906 Moysen
700 3819 733 3883 in
750 3819 1019 3905 praecedentibus
1037 3821 1076 3884 de
1094 3820 1258 3886 creatione
1274 3821 1432 3913 hominis,
1456 3843 1521 3888 ma·

322 3931 406 3997 sculi
422 3942 455 3995 et
470 3929 645 4005 foeminae,
661 3929 776 4016 quibus
792 3931 879 3994 Deus
896 3930 1098 3996 benedixerit
1110 3935 1153 4011 ⁶),
1176 3931 1277 3995 verba
1299 3930 1424 4005 facere;
1449 3952 1523 3997 nam

321 4039 463 4126 loquitur
494 4039 547 4105 hic
578 4040 616 4103 de
650 4038 741 4104 nnius
769 4041 974 4126 ejusdemque
996 4039 1133 4104 hominis
1157 4040 1365 4115 formatione,
1389 4042 1427 4106 de
1460 4063 1522 4127 quo

321 4161 450 4235 postea,
466 4147 488 4213 i.
505 4169 532 4213 e.
549 4148 672 4223 Adami‚
690 4172 763 4214 cum
780 4171 818 4215 co
836 4152 907 4215 solo
925 4149 1119 4225 discrimine,
1138 4152 1222 4236 quod
1238 4151 1320 4215 hanc
1336 4150 1368 4214 in
1386 4171 1521 4237 sequen·

321 4258 409 4323 tibus
426 4256 552 4342 plenius
569 4270 720 4343 exponat.
744 4258 834 4323 Unde
853 4271 885 4324 et
900 4258 1034 4324 inferius
1049 4261 1073 4340 ⁷)
1099 4259 1326 4348 genealogiam
1342 4260 1381 4324 ab
1398 4260 1521 4325 Adamo

320 4367 468 4442 inchoat,
494 4379 527 4431 et
552 4387 709 4452 expresse
734 4368 909 4434 memoriae
936 4368 1057 4454 prodit,
1088 4378 1267 4433 mareoten
1291 4382 1324 4433 et
1342 4374 1523 4446 foeminam

322 4497 457 4542 creasse
490 4497 562 4551 eos,
595 4489 629 4541 et
659 4477 866 4543 benedixisse
897 4478 976 4554 illis,
1003 4492 1035 4544 et
1059 4477 1230 4544 vocavisse
1262 4500 1379 4543 nomen
1409 4499 1523 4543 eornm

320 4589 451 4653 Adone.
468 4584 610 4650 —Dein
634 4601 744 4652 narrat
758 4588 906 4673 Moyses,
923 4610 1061 4654 vocasse
1085 4590 1241 4654 Adamum
1266 4609 1384 4652 nomen
1407 4586 1522 4652 uxoris

436 4788 463 4866 ¹)
480 4787 560 4852 Gen.
577 4788 608 4864 2,
625 4786 656 4852 5.
673 4824 718 4836 --
737 4791 763 4869 ²)
782 4790 859 4856 Gen.
875 4790 906 4871 2,
925 4790 955 4854 7.
968 4828 1009 4838 -
1023 4791 1048 4870 8)
1068 4789 1145 4852 Gen.
1163 4789 1194 4874 2,
1211 4789 1264 4853 21.
1282 4789 1388 4867 22-
1400 4786 1428 4876 ⁴)
1445 4791 1521 4853 Gen.

318 4879 355 4962 2,
372 4877 428 4942 20.
447 4915 490 4926 -
510 4879 534 4961 ⁶)
554 4879 631 4944 Gen.
648 4879 679 4954 2,
700 4878 751 4944 18.
769 4880 816 4930 -’
832 4886 858 4960 ⁶)
878 4882 956 4949 Gen.
976 4882 1004 4957 1,
1022 4881 1076 4945 27.
1093 4880 1147 4946 28.
1167 4918 1206 4930 -
1228 4883 1253 4965 ⁷)
1273 4882 1350 4948 Gen.
1367 4880 1398 4966 5,
1417 4881 1446 4944 l.
