3775 5625
1476 455 1541 524 281

459 623 544 700 Quae
561 634 672 685 contra
694 624 873 699 mysterium
891 625 1117 686 lncarnationis
1136 626 1309 686 adversarii
1326 627 1488 702 objiciunt,
1506 628 1543 687 sd

322 738 430 799 baec
446 744 646 796 revocantur:

459 842 715 913 1.Contendunt,
739 844 776 901 ab
793 844 939 904 Ecclesia
966 844 1087 902 nonnisi
1120 846 1303 905 sententiam
1330 847 1467 905 Nestorii
1492 846 1543 905 da·

298 981 335 1021 ns
348 963 486 1018 natam
503 972 591 1022 esse,
609 971 667 1029 qua
684 952 733 1013 hic
751 953 923 1020 statuebat,
940 953 971 1009 in
989 952 1113 1011 Christo
1131 954 1206 1013 duas
1224 972 1375 1030 personas
1390 955 1477 1013 initio
1494 974 1543 1014 se·

291 1089 350 1148 pa
361 1072 495 1132 ratas,
518 1072 550 1121 et
571 1062 641 1121 hinc
667 1062 759 1120 etiam
777 1060 874 1120 solum
896 1062 984 1119 modo
1002 1062 1167 1137 separabili
1184 1081 1255 1120 esse
1273 1063 1471 1138 conjunctas,
1487 1065 1542 1123 mi·

286 1180 433 1239 nime
455 1181 557 1231 autem
580 1190 651 1230 esse
675 1170 850 1249 dogmatice
876 1171 1052 1239 delinitum,
1075 1172 1151 1230 duas
1167 1172 1198 1229 iu
1216 1172 1341 1231 Christo
1363 1182 1491 1232 natiuae
1511 1173 1544 1231 in

286 1306 341 1348 nn
356 1303 415 1342 a
435 1299 568 1358 persona
591 1299 649 1339 nou
672 1280 802 1339 relativa
819 1299 874 1338 seu
893 1281 1018 1352 morali,
1043 1281 1097 1338 sed
1122 1280 1249 1357 physica
1274 1300 1344 1340 esse
1370 1283 1482 1341 unitas.
1498 1315 1545 1328 —

286 1402 494 1458 Attamen
519 1409 608 1467 quam
633 1390 770 1468 gratuito
796 1389 871 1448 haec
897 1400 1090 1459 asserantur,
1109 1399 1139 1449 et
1156 1389 1276 1470 scripta
1292 1391 1390 1468 ipsius
1407 1393 1545 1451 Nestorii

290 1515 319 1564 et
394 1501 533 1561 decreta
550 1498 758 1558 Conciliorum
791 1498 989 1556 manifestum
1021 1499 1163 1559 reddunt.
1196 1501 1272 1557 Nam
1296 1500 1460 1559 Nestorius
1485 1519 1544 1559 non

293 1619 487 1678 tantum,
505 1608 672 1685 etquidem
690 1625 748 1665 nou
766 1608 879 1675 semel,
907 1608 962 1665 sed
993 1608 1105 1666 iterum
1129 1608 1301 1685 iterumque
1328 1610 1492 1684 profitetur
1503 1615 1544 1684 ¹),

296 1717 458 1779 lilium
490 1717 551 1776 Dei
584 1735 652 1775 cum
684 1716 747 1773 lilio
779 1716 922 1793 Virginis
945 1717 1014 1774 inde
1039 1735 1056 1774 a
1078 1717 1176 1792 primo
1201 1728 1369 1794 conceptus
1393 1728 1544 1778 momento

303 1843 371 1884 ruo
382 1826 441 1884 do
476 1825 678 1903 inseparabili
712 1843 783 1882 csse
827 1826 959 1893 unitum,
997 1826 1051 1884 sed
1084 1836 1114 1884 ct
1145 1827 1329 1885 sententiam
1374 1828 1545 1904 oppositam

305 1934 493 1995 Marcelli
510 1936 626 1994 diserte
643 1935 820 2012 impugnat,
848 1934 917 1992 dtrm
934 1934 963 1991 in
983 1952 1056 1992 eum·
1071 1934 1119 1991 his
1135 1934 1290 1994 invehitur
1307 1936 1427 1994 verbis:
1450 1938 1544 1998 Pro-

311 2048 462 2117 pterea
477 2054 511 2105 et
525 2047 667 2104 omnium
683 2043 844 2103 Dominus
860 2046 995 2102 indutus
1022 2051 1070 2102 est
1092 2052 1242 2103 nostram
1262 2054 1426 2122 naturam,
1445 2066 1545 2107 nun-

316 2166 377 2224 ow
394 2172 464 2213 om
489 2155 709 2231 spoliabile
734 2156 858 2213 seilicet
877 2154 1049 2212 deitatis
1064 2155 1364 2231 vestimentum,
1384 2158 1544 2232 insepa-

319 2274 368 2315 να
384 2262 481 2322 bile
497 2253 764 2323 indumentum
779 2264 940 2321 diuinae
956 2264 1228 2341 substantiae,
1247 2268 1410 2340 speculum
1426 2264 1544 2325 Domi·

234 2399 240 2454 .'
321 2365 349 2423 πὶ
383 2376 555 2448 omnium,
584 2377 671 2448 quod
695 2390 766 2430 eum
790 2380 930 2431 naturae
955 2373 1142 2447 dignitatem
1154 2376 1324 2447 propriam
1337 2377 1543 2455 perdidisset,

236 2467 242 2476 ¹
270 2497 272 2508 ·
325 2483 507 2543 tametsi
538 2484 669 2540 decies
699 2481 852 2541 millies
883 2483 1094 2540 irascatur
1115 2485 1280 2543 audieus
1300 2484 1543 2564 Marcellus,

234 2607 236 2614 ’
326 2598 491 2651 'mnas
503 2609 613 2651 usum
637 2595 868 2651 naturalem
895 2594 1191 2669 (temporalem)
1217 2596 1371 2670 aceepit
1389 2594 1461 2653 boo
1481 2612 1545 2653 oc·

329 2695 389 2749 ³⁶2*
399 2710 591 2780 mentum,
617 2706 682 2759 sea
695 2704 736 2760 iu
752 2704 1052 2779 sempiternum,
1077 2710 1114 2760 ut
1132 2706 1176 2762 ad
1197 2707 1347 2763 deutrum
1364 2723 1442 2764 suae
1457 2706 1545 2763 diui-

233 2803 261 2897 f
331 2799 463 2874 nitatis
491 2812 621 2884 faceret
651 2814 833 2887 considera
865 2813 953 2871 nibil
972 2813 1043 2871 siue
1062 2815 1126 2872 isto
1145 2816 1331 2874 uestimento
1364 2816 1547 2874 solventibus

234 2902 265 3015 [²-
334 2913 466 2997 dtmau
482 2922 688 2998 nouJ‘udicat
702 2930 848 2981 mortuos
870 2924 940 2980 siue
962 2924 1039 2998 isto;
1058 2940 1159 2982 uuum
1181 2941 1251 2982 esse
1274 2927 1380 2984 uoluit
1394 2941 1466 2983 cum
1482 2926 1544 2984 isto

241 3066 263 3107 ρ
335 3018 533 3092 divinitatis
548 3049 627 3091 suae
643 3048 777 3106 regnum
788 3035 829 3102 ²).
855 3031 941 3105 Quod
960 3041 1098 3090 ceterum
1110 3032 1176 3106 jam
1192 3033 1262 3090 inde
1280 3033 1455 3111 colligitur,
1472 3038 1544 3110 quoss

263 3184 267 3191 .
336 3125 434 3200 ”farn
449 3144 487 3201 Β.
505 3141 668 3220 Virginem
686 3131 892 3213 Xptasosduos
908 3143 1057 3216 appellari
1072 3141 1183 3211 voluit,
1206 3143 1262 3200 sub
1281 3142 1406 3203 Christo
1423 3130 1544 3215 dedom-

245 3274 252 3285 ·
335 3250 402 3295 πον
424 3241 578 3325 osspdpos
592 3252 787 3330 intelligens,
814 3262 845 3310 et
862 3252 932 3328 quia
949 3252 1071 3310 nonnisi
1087 3271 1179 3311 unum
1197 3252 1372 3332 Christum,
1388 3271 1479 3311 unum
1496 3251 1544 3310 ri·

333 3344 425 3420 lium
437 3366 468 3434 ⁸]
492 3370 523 3419 et
540 3379 629 3419 unam
645 3379 809 3437 personam
827 3379 861 3419 se
879 3361 1042 3420 admittere
1075 3362 1259 3433 aliirmat⁴).
1294 3362 1468 3422 Concilio
1492 3380 1544 3421 au·

234 3492 259 3546 ¹:
332 3461 407 3525 lem
431 3490 527 3548 supra
551 3471 672 3530 laudata
698 3479 804 3546 aperte
830 3471 969 3529 unionem
987 3471 1211 3546 hypostaticam
1228 3470 1258 3528 in
1277 3471 1467 3546 oppositione
1485 3489 1544 3530 nou

234 3576 256 3637 ..Σ
328 3570 470 3642 lantum
498 3580 723 3656 conjunctionis
748 3589 895 3639 externae
913 3588 944 3638 et
961 3580 1082 3638 unionis
1100 3580 1287 3661 allectualis,
1305 3582 1360 3639 sed
1378 3590 1409 3640 et
1425 3580 1545 3640 unionis

233 3686 247 3795 ,Ε
323 3677 502 3750 relativas
520 3709 576 3749 seu
594 3691 719 3750 moralis
746 3689 906 3760 deliniunt,
939 3708 1033 3766 porro
1060 3691 1176 3750 diserte
1204 3700 1358 3761 statuunt,
1385 3710 1443 3749 non
1471 3693 1545 3750 duas

234 3800 239 3811 '
317 3795 470 3859 ens(ein
489 3799 614 3859 Christo
646 3819 797 3877 personas
831 3799 1010 3870 distinctas,
1036 3800 1091 3858 sed
1114 3800 1214 3876 ipsum
1240 3819 1331 3859 unum
1358 3801 1546 3878 eundemque

313 3887 463 3968 mium
481 3919 512 3968 et
529 3909 746 3988 Unigenitum,
777 3913 876 3969 Deum
902 3911 1060 3979 Verbum,
1086 3928 1172 3981 esse,
1193 3911 1360 3970 unitionem
1378 3911 1546 3971 secundum

309 4000 535 4078 Pelationem
552 4020 674 4079 definite
699 4021 915 4089 condemnant,
939 4029 1029 4098 atque
1047 4020 1205 4080 Christum
1222 4040 1281 4080 non
1299 4020 1459 4097 accepisse
1476 4038 1545 4096 per·

236 4174 240 4185 .
307 4119 389 4174 ⁸⁰¹¹
397 4144 460 4187 am
476 4128 622 4198 hominis,
640 4131 695 4188 sed
719 4139 875 4199 naturam,
893 4139 984 4206 atque
1001 4129 1031 4187 in
1050 4138 1209 4189 aeternam
1226 4148 1390 4206 personam
1414 4129 1546 4188 divinam

304 4219 401 4288 ¹⁰¹¹!
410 4239 554 4314 poralem
571 4239 732 4316 accepisse
750 4239 854 4300 carnis
873 4239 1078 4299 substantiam
1104 4241 1283 4301 decernunt.
1308 4234 1439 4314 Insuper
1457 4239 1546 4298 Con·

306 4363 571 4402 N...-

464 4455 487 4540 ¹)
505 4457 601 4519 Serm.
618 4461 648 4520 3.
667 4478 691 4520 c.
709 4459 738 4518 5.
750 4460 778 4518 6.
796 4456 875 4536 Opp.
892 4455 981 4522 Mer.
993 4457 1147 4520 Marcet.
1164 4458 1235 4516 Par.
1247 4452 1342 4518 1673.
1354 4454 1428 4519 Pu.
1446 4478 1475 4534 p.
1495 4453 1546 4518 13.

312 4520 451 4609 Cea-,m-
468 4551 497 4609 4.
521 4569 545 4608 e.
562 4552 592 4610 4.
615 4570 644 4629 p.
661 4546 714 4611 27.
738 4549 833 4610 Serm.
850 4551 879 4610 5.
897 4569 921 4610 c.
938 4550 968 4608 5.
985 4552 1013 4609 8.
1030 4571 1060 4628 p.
1078 4546 1122 4610 30
1139 4570 1162 4610 s.
1179 4547 1275 4609 Serra.
1293 4551 1320 4610 7.
1337 4569 1362 4608 e.
1380 4553 1429 4609 12.
1445 4568 1475 4627 p.
1492 4542 1546 4609 35.

313 4632 336 4672 ⁰·
359 4629 443 4702 36.
460 4661 490 4720 p.
509 4635 561 4700 37.
577 4642 722 4717 Eaeeupt.
740 4660 777 4700 eoo
791 4659 856 4701 vor.
872 4642 993 4700 Nestor.
1011 4647 1097 4700 tract.
1115 4661 1139 4701 e.
1148 4645 1176 4700 2.
1193 4636 1308 4719 p.96s.
1325 4647 1356 4699 et
1373 4638 1480 4699 eills.
1497 4638 1546 4698 cit.

320 4739 367 4753 “
395 4724 432 4812 ³)
446 4731 541 4793 utrm.
559 4735 608 4794 12.
626 4753 650 4794 ο.
668 4736 695 4793 2.
713 4753 742 4812 p.
762 4728 874 4796 85..-
891 4731 918 4811 8)
938 4730 984 4791 cf.
1002 4733 1112 4793 suaso.
1129 4735 1160 4795 3.
1177 4734 1207 4790 4.
1226 4734 1254 4795 6.
1271 4734 1322 4792 11.
1339 4729 1385 4791 lo.
1396 4751 1424 4807 p.
1437 4726 1547 4791 118-

327 4792 429 4884 122.
446 4821 543 4882 cerm.
554 4826 602 4883 11.
615 4843 640 4887 c.
649 4827 678 4884 2.
688 4843 718 4903 p.
732 4818 885 4888 68ueru.
904 4827 953 4889 12.
971 4843 996 4887 ο.
1014 4826 1063 4890 19.
1079 4844 1109 4908 p.
1128 4818 1180 4882 87.
1200 4859 1241 4892 ÷
1260 4819 1285 4905 ⁴)
1304 4823 1363 4905 Ep.
1382 4825 1410 4882 2.
1421 4823 1462 4880 ad
1473 4819 1544 4908 Cpr.

333 4887 440 4976 RQ.
459 4934 483 4974 e.
502 4917 530 4974 7.
546 4934 578 4996 p.
595 4911 650 4976 58.
