3775 5625
348 434 415 499 264

349 598 494 682 operatio
511 599 643 683 propria
659 598 710 672 sit,
727 598 759 661 in
776 597 905 662 Christo
922 611 1051 682 praeter
1060 599 1253 662 voluntatem
1265 618 1303 661 ac
1314 596 1519 682 operationem

347 705 494 779 divinam,
511 705 606 769 etiam
622 707 817 770 voluntatem
833 727 871 770 ac
888 706 1106 791 operationem
1129 707 1296 769 humanam
1312 727 1390 771 esse
1405 707 1521 771 debere.

348 815 504 877 Consrdto
536 827 642 878 autern
672 814 792 879 veritas
823 828 937 877 nostra
961 814 1089 878 delinita
1111 814 1213 878 estin
1237 814 1420 878 Concilio
1442 814 1527 880 Cou-

347 922 523 985 stantino
530 944 559 1005 p.
576 923 628 985 tlt.
646 944 673 987 a.
692 922 779 997 680,
795 922 826 985 in
845 944 907 1007 quo
924 934 1001 1006 post
1015 924 1131 1009 longas
1147 922 1381 997 discussiones,
1397 935 1431 986 et
1447 939 1532 1006 post·

347 1051 440 1115 qnam
461 1030 559 1094 multa
578 1033 707 1094 Patrum
723 1031 906 1095 testimonia
921 1031 954 1093 in
972 1031 1110 1094 medium
1126 1032 1249 1114 prolata
1263 1030 1406 1105 lucrant,
1423 1031 1537 1115 quibus

346 1138 498 1202 continua
515 1138 709 1202 Traditionis
724 1138 828 1203 series
845 1151 918 1203 ante
935 1139 1078 1202 omniurn
1095 1140 1207 1202 oeulos
1224 1138 1332 1222 posita
1345 1151 1408 1213 est,
1426 1140 1536 1213 decre.

348 1247 1534 1330 tumluittDucsncturclesvoluntatesineo,etdnasnctu.

345 1352 461 1418 rates
477 1365 738 1437 operationes
753 1360 902 1437 indivise,
920 1359 1233 1436 inconvertibiliter,
1251 1360 1528 1447 inseparabiliter,

345 1469 519 1544 inconfuse
548 1469 727 1528 secundum
749 1465 817 1527 SS.
839 1468 984 1527 Petrum
1005 1469 1186 1527 doctrinam
1203 1469 1350 1547 adaeque
1362 1469 1524 1546 praedica.

346 1594 420 1635 mres
436 1580 469 1633 et
483 1576 584 1635 duos
604 1576 827 1636 nnturcles
849 1577 1103 1653 voluntates,
1126 1596 1193 1636 non
1209 1581 1417 1653 contrarias,
1436 1578 1517 1660 absit,

335 1686 444 1758 Juntc
464 1685 553 1763 quod
570 1689 660 1763 impii
675 1690 894 1745 asseruerunt
905 1688 1081 1760 haeretici,
1107 1685 1168 1743 sed
1180 1691 1367 1764 sequentem
1383 1687 1454 1760 ejus
1465 1689 1514 1746 ltu·

344 1810 476 1851 manum
490 1792 702 1869 voluntatem,
721 1800 754 1852 et
766 1812 833 1852 non
849 1797 1071 1869 resistentem,
1088 1792 1140 1851 nel
1153 1793 1382 1869 reluctantem,
1400 1794 1512 1872 sedpr-

347 1905 413 1959 tius
429 1905 462 1959 et
475 1900 656 1975 subjectum
673 1902 800 1961 divinoe
817 1902 889 1975 ejus
905 1906 1002 1980 utque
1018 1905 1225 1979 omnipotenti
1239 1902 1443 1977 voluntati¹).

371 2035 373 2037 ·
452 2006 497 2067 Ε.
515 2006 678 2079 Tandem,
709 2006 794 2089 quod
817 2027 916 2089 supra
932 2007 1001 2089 jam
1017 2005 1255 2080 udnotavhnus‚
1273 2005 1301 2069 si
1318 2004 1476 2071 sufferatur
1486 2004 1508 2067 in
1562 2079 1564 2098 Ι

346 2112 475 2176 Christo
491 2114 638 2177 voluutas
654 2115 800 2188 humana,
816 2114 936 2177 tollitur
953 2135 1079 2199 quoque
1095 2127 1208 2179 nostra
1224 2135 1281 2198 per
1297 2116 1403 2198 ipsum
1412 2115 1507 2178 redem-
1562 2107 1564 2126 ²

346 2221 408 2293 tio;
427 2243 521 2307 quum
538 2220 607 2285 sine
623 2223 683 2287 hac
698 2221 768 2307 ipse
785 2243 886 2308 neque
903 2222 1093 2287 satisfacere
1110 2223 1272 2307 potuisset
1287 2245 1348 2307 pro
1366 2222 1451 2286 nobis
1469 2238 1506 2283 nc·

348 2350 408 2413 que
424 2328 559 2402 mereri3
577 2352 650 2393 narn
667 2332 813 2395 voluntas
828 2330 952 2395 infinita
969 2332 1093 2395 actibus
1111 2332 1179 2395 suis
1196 2332 1384 2397 satisfacere
1400 2342 1449 2395 aut
1460 2346 1506 2391 me·

349 2437 416 2501 reri
431 2460 629 2523 nequaquam
644 2451 762 2523 potest,
779 2442 864 2525 quod
880 2440 1007 2503 nonnisi
1022 2440 1193 2505 voluntatis
1209 2453 1261 2504 est
1275 2440 1392 2504 [initae.

454 2551 585 2610 Aduot.
620 2549 647 2611 1.
669 2556 718 2609 Ex
739 2553 831 2611 dictis
853 2554 957 2629 itaque
983 2554 1115 2611 evictum
1133 2562 1195 2631 est,
1226 2554 1257 2610 in
1280 2553 1405 2623 Christo
1426 2549 1506 2624 duplex

349 2659 417 2718 dari
432 2660 636 2736 principium,
657 2679 725 2737 quo
741 2662 808 2737 ipse
832 2651 994 2737 oporatur,
1011 2680 1067 2719 seu
1083 2662 1334 2737 principium,
1356 2672 1390 2719 ut
1405 2658 1505 2734 adpeth·

350 2776 423 2838 tur,
450 2768 714 2844 productivum
730 2770 781 2828 vel
798 2769 1149 2838 determinativum,
1168 2770 1244 2828 duae
1263 2769 1384 2829 seilicet
1401 2769 1458 2844 ejus
1472 2782 1506 2823 m·

350 2886 449 2948 turae,
466 2877 569 2935 diviua
588 2887 618 2936 et
633 2877 774 2951 humana,
801 2879 831 2936 in
851 2879 958 2954 quihus
976 2888 1007 2936 et
1023 2897 1078 2953 per
1096 2897 1171 2954 quas
1193 2881 1345 2948 actiones,
1370 2879 1475 2937 divinae
1487 2880 1507 2929 et

349 2985 516 3054 humanae,
534 2987 570 3044 ab
593 2987 659 3061 ipso
678 2988 820 3056 eduntur;
843 2997 977 3045 attamen
993 2987 1114 3045 nonnisi
1130 3006 1220 3044 unum
1237 2988 1429 3064 principium,
1443 2978 1507 3061 qutl

350 3105 506 3169 operatur,
523 3095 781 3154 determinans
799 3114 855 3153 seu
869 3096 1057 3152 solumunodo
1075 3114 1169 3153 unus
1187 3115 1365 3172 operans,
1383 3097 1507 3171 quiaunut

350 3215 399 3261 est
413 3204 618 3272 Deus-humo,
632 3205 691 3261 Dei
704 3205 799 3262 Filius
811 3206 933 3263 seilicet
950 3224 1005 3262 seu
1021 3200 1131 3283 Λόγος,
1148 3215 1252 3280 utpote
1269 3206 1330 3281 qui,
1347 3223 1406 3262 non
1423 3209 1507 3261 tantum

348 3313 532 3380 diuinitatis,
543 3312 596 3369 sed
608 3322 638 3370 et
649 3311 845 3370 humanitatis
854 3313 1004 3379 dominus,
1015 3314 1105 3370 ctiam
1117 3313 1208 3387 hujus
1218 3315 1372 3372 actionum
1387 3321 1479 3370 auctor
1486 3320 1508 3360 tt

351 3422 525 3478 moderator
537 3431 596 3483 est.
613 3422 734 3478 Etenim
752 3423 849 3479 omnis
867 3431 977 3479 natura
988 3423 1167 3492 universim,
1186 3423 1295 3480 etideo
1309 3422 1510 3480 etiamtunm

352 3548 409 3584 non
427 3529 494 3604 agit
511 3528 679 3603 quidpiam,
697 3532 756 3587 nisi
773 3549 899 3598 revera,
933 3549 988 3605 per
1005 3549 1038 3587 se
1064 3540 1221 3606 tamquam
1237 3520 1396 3594 αὐτοτελὴς
1411 3525 1510 3587 exsistat

352 3655 406 3692 scu
432 3636 597 3702 subsistat,
615 3638 750 3713 adeoque
769 3640 825 3696 nisi
839 3640 1030 3714 proprietate
1041 3641 1196 3713 personali
1215 3659 1270 3697 seu
1284 3638 1439 3715 hypostasi
1456 3647 1507 3712 gat·

353 3745 432 3808 duat,
452 3761 528 3817 quae
542 3761 608 3800 earn
621 3747 753 3820 complet
769 3766 805 3806 ac
815 3748 972 3812 terminat,
990 3758 1079 3822 atque
1092 3747 1149 3806 hoc
1160 3748 1189 3804 ei
1202 3749 1322 3818 tribuit,
1336 3758 1370 3804 ut
1382 3730 1509 3805 sut'sisut

354 3869 407 3906 sen
431 3851 472 3906 sit
492 3869 527 3908 re
544 3851 627 3926 ipsa,
644 3871 700 3927 per
718 3874 752 3913 se
769 3856 925 3914 exsistens
958 3857 1147 3926 substantia,
1181 3856 1225 3917 ein
1247 3847 1509 3934 -ltirrlttlprltltnlrh

355 3957 581 4037 lrlbltlliinblqri
610 3958 730 4038 thilen.
764 3967 867 4039 ltaque
885 3966 1079 4039 hypostasis,
1104 3956 1215 4036 τρόπος
1236 3968 1287 4039 τῆς
1303 3952 1459 4039 ὑπάρξεως,
1473 3950 1511 4015 citi

356 4085 413 4122 non
432 4078 480 4125 est
496 4069 607 4126 efficax
624 4079 655 4126 et
671 4082 811 4142 actuosa,
845 4092 910 4129 earn
936 4083 1037 4130 tarmen
1061 4074 1120 4130 virm
1147 4074 1251 4145 hahet,
1270 4085 1303 4131 ut
1319 4061 1510 4133 maturandi·

357 4175 441 4231 ciens
458 4185 489 4233 et
505 4180 677 4252 conrplenS,
702 4181 828 4237 eundem
846 4183 882 4237 ad
900 4182 1052 4258 agendum
1069 4184 1253 4240 instructam
1271 4192 1303 4243 et
1319 4184 1453 4241 idoneam
1467 4171 1511 4234 ttl·

357 4282 416 4340 dat.
456 4285 534 4340 Dum
552 4296 653 4342 autem
670 4278 828 4351 ὑτόστασις
844 4308 899 4345 scu
916 4291 1119 4348 subsistentia
1145 4290 1208 4366 (bie
1231 4286 1465 4370 pertiutirtptett]
1485 4286 1515 4339 ot

358 4408 442 4447 mera
469 4393 642 4464 proprietas
674 4412 729 4450 seu
752 4414 854 4451 uterus
881 4397 1050 4454 exsistendi
1074 4399 1200 4470 modus,
1223 4400 1253 4456 in
1273 4399 1401 4458 Christo
1417 4397 1518 4476 ipsaest

360 4541 573 4549 ——-—.-.

469 4627 495 4697 ¹)
517 4623 580 4682 Act.
608 4627 656 4685 18.
683 4627 816 4696 blansi,
851 4629 923 4689 Oott.
954 4631 1042 4692 Oonc.
1076 4634 1112 4693 T.
1138 4629 1187 4693 ll.
1213 4654 1237 4691 c.
1266 4628 1346 4698 683.
1380 4632 1527 4696 Othone

363 4707 483 4769 Later.
508 4732 531 4773 s.
549 4713 695 4777 Martin.
716 4717 738 4773 i.
757 4737 821 4775 cort.
842 4722 889 4778 to.
908 4721 953 4776 tt».
973 4721 1011 4777 T.
1034 4720 1082 4782 10.
1101 4745 1123 4784 c.
1144 4719 1239 4783 1154.
