3775 5625
344 382 410 448 360

343 557 534 627 nuntiatur,
558 556 591 610 et
610 545 765 631 (quidem)
788 548 835 608 ab
859 548 1055 625 omnidua,
1077 549 1222 627 quitus
1245 533 1323 609 don
1336 554 1523 628 potuistis

343 671 385 724 in
401 663 486 736 teqe
502 658 546 720 M
552 664 637 737 nysi
644 660 906 735 justificari,
925 651 944 717 i.
962 674 1143 737 equorum
1157 653 1285 718 veniam
1302 677 1368 719 non
1385 656 1524 741 potuistis

346 791 403 854 per
419 769 524 855 legam
540 764 716 829 Mosaicam
734 762 887 837 nancisci,
903 772 938 826 iu
953 771 1015 827 too
1031 773 1149 842 orante,
1167 773 1224 847 qui
1238 770 1355 840 credit,
1362 772 1523 849 justiflu-

346 883 448 957 tur¹).
488 880 591 962 Atque
623 877 812 939 ioannes:
853 876 967 936 F'ila'ula'
995 881 1074 948 mei,
1106 882 1188 937 liaeo
1210 880 1320 938 acribo
1342 881 1436 940 nodia
1459 883 1524 958 (aaa

345 991 518 1052 emundari
534 1009 555 1047 u
568 993 714 1066 peccatis
731 993 764 1047 in
780 991 938 1062 eurepuine
957 985 1110 1063 eurus),
1127 1006 1193 1047 nou
1206 993 1361 1065 peccetis.
1378 985 1450 1050 Sed
1460 996 1524 1051 etri

344 1107 419 1183 qaus
432 1103 630 1179 peccaverit,
650 1093 843 1159 sacerrimum
860 1092 1002 1178 abjiciat,
1024 1114 1097 1157 nam
1118 1097 1361 1158 aduocatum
1381 1100 1522 1162 tandm

347 1211 437 1291 apud
454 1209 611 1283 Putrem,
636 1205 755 1266 Jesum
780 1204 951 1266 Christum
963 1208 1112 1281 jucium:
1134 1212 1167 1266 et
1190 1212 1260 1285 ipse
1280 1213 1521 1288 estpropttiatt'o

342 1339 416 1400 pro
445 1320 626 1397 percutis
656 1320 829 1374 nostrie:
863 1335 929 1374 nan
949 1334 1013 1392 pro
1036 1320 1162 1375 nostrie
1185 1320 1522 1396 uutemtantum,ud

346 1437 445 1491 etium
458 1447 521 1508 pro
539 1431 639 1487 totius
656 1423 814 1499 mundt²).
832 1421 986 1506 idipsum
1002 1443 1102 1506 porro

436 1538 477 1600 Β.
490 1535 515 1597 Ε
526 1530 678 1598 eclesia
694 1551 822 1616 semper
831 1542 863 1594 ct
879 1530 995 1615 ubique
1014 1530 1114 1595 tenuit
1128 1552 1167 1596 ac
1184 1530 1293 1596 docuit
1299 1555 1308 1604 ;
1326 1535 1411 1599 unde
1426 1547 1459 1599 et
1472 1555 1519 1600 non

349 1657 467 1709 tantum
484 1641 545 1707 sibi
562 1652 753 1726 potestatem
770 1638 862 1702 dandi
881 1637 1107 1703 remissionem
1124 1653 1348 1724 peccatorum,
1364 1643 1519 1731 etquidem

348 1753 498 1826 omnium,
514 1750 609 1816 etiam
625 1748 804 1838 grandium,
821 1762 934 1813 contra
950 1748 1148 1814 Novatianos
1165 1762 1197 1813 et
1213 1751 1443 1829 Montanistas,
1458 1773 1518 1840 quae

347 1862 474 1929 nonnisi
497 1863 538 1926 ob
560 1859 673 1925 merita
689 1858 808 1925 Christi
832 1857 899 1923 dari
916 1871 1035 1943 potest,
1052 1858 1237 1934 vindicavit,
1259 1864 1318 1927 scd
1335 1876 1369 1927 et
1384 1883 1516 1949 expresse

348 1972 530 2046 declaravit,
548 1970 710 2037 Christum
727 1971 838 2033 desum
855 1990 928 2033 esse
947 1967 1148 2054 propositum
1165 1971 1269 2036 aDeo
1289 1982 1516 2056 propitiatorem

344 2108 406 2167 per·
419 2087 516 2165 fidem
529 2088 563 2144 in
575 2088 735 2159 sanquine
750 2087 856 2160 ipatus
869 2102 941 2161 pru
956 2087 1140 2161 peccatis
1155 2091 1333 2165 nostris,
1352 2107 1418 2148 rum
1432 2087 1515 2148 ortos

349 2203 458 2257 autem
470 2214 532 2273 pru
550 2198 687 2270 nocuis,
706 2194 767 2252 aed
781 2198 877 2253 etium
890 2211 953 2270 pro
971 2198 1073 2253 totius
1088 2194 1201 2253 muudi
1207 2195 1245 2270 ³).

496 2468 522 2549 ξ.
542 2458 609 2532 tt.
635 2466 909 2531 ”catenans
928 2460 1103 2531 Christi
1121 2463 1181 2531 ad
1196 2461 1391 2534 interos.

457 2668 557 2745 Quum
590 2664 737 2729 Christus
768 2663 925 2727 Dominus
949 2686 1010 2748 pro
1037 2664 1185 2729 omnihus
1202 2664 1333 2731 omnino
1350 2666 1519 2739 hominihus,

351 2798 525 2862 corumque
548 2773 690 2860 peccatis
712 2786 857 2840 mortuns
878 2773 935 2848 sit,
953 2776 1096 2860 adeoque
1111 2796 1176 2840 non
1193 2786 1315 2840 tantum
1336 2798 1396 2863 pro
1412 2773 1520 2863 iis,qui

350 2889 501 2952 vixerunt
539 2886 642 2972 ipsius
682 2899 837 2970 ternpore,
869 2898 901 2949 et
933 2884 1027 2949 vituri
1060 2898 1151 2950 erant.
1181 2899 1306 2972 postea,
1339 2890 1397 2954 sed
1428 2884 1521 2973 etqui

352 2998 497 3062 vixerant
514 3008 602 3061 ante:
620 2995 715 3059 etiam
731 2994 773 3068 ni,
790 2994 842 3079 qni
860 3016 973 3080 nempe
990 3007 1063 3059 ante
1079 2995 1257 3061 Salvatoris
1274 2996 1306 3061 in
1324 3000 1471 3063 mundum
1483 2998 1521 3062 ad·

352 3120 478 3172 ventum
496 3106 591 3169 vitam
609 3116 760 3191 egerant,
772 3103 930 3188 justitiam
947 3104 979 3168 in
997 3125 1054 3189 spe
1072 3104 1169 3169 futuri
1185 3108 1380 3174 redemtoris
1397 3119 1523 3195 poterant

289 3208 294 3221 ⁸
353 3217 517 3303 consequi,
534 3229 565 3281 et
581 3237 696 3281 revera
712 3214 798 3278 multi
816 3216 990 3280 eorundem
1007 3214 1090 3279 iilam
1108 3200 1274 3281 consecuti
1296 3231 1388 3291 sunt;
1406 3233 1521 3285 attamen

352 3327 555 3393 beatitudinis
578 3340 744 3400 aeternae,
766 3324 973 3390 redemtionis
991 3326 1093 3410 pretio
1112 3327 1252 3391 nondum
1269 3329 1394 3404 soluto,
1417 3326 1520 3415 partici-

351 3460 407 3523 pes
423 3437 493 3502 fieri
512 3435 691 3522 nequivere.
717 3437 927 3520 Quapropter,
944 3457 1038 3521 quum
1056 3447 1166 3520 utpote
1183 3435 1315 3522 spiritus
1333 3437 1413 3503 finiti
1429 3434 1520 3504 alicuid

353 3549 472 3636 degere
510 3547 679 3618 deberent,
713 3546 783 3610 ioco
806 3564 824 3608 a
847 3544 977 3608 sedibus
1001 3544 1194 3609 coelestibus
1213 3559 1339 3611 semoto
1356 3545 1519 3614 necessario

353 3655 607 3722 continebantur.
636 3656 748 3718 Patres
773 3655 877 3718 iocum
900 3655 983 3717 hrrrrc
1000 3653 1120 3738 passim
1144 3657 1294 3735 limbum,
1317 3658 1462 3723 Ecclesia
1479 3664 1518 3717 in·

353 3773 488 3848 seruum
520 3765 663 3849 adpellat.
697 3768 888 3845 Inferorum
912 3773 996 3826 enim
1017 3787 1150 3843 nornen,
1177 3776 1210 3828 ut
1240 3766 1337 3831 habet
1369 3763 1518 3833 Cateedi·

355 3897 457 3941 sultis
474 3876 587 3948 Rom,
603 3883 780 3938 universim
797 3878 908 3936 additu
925 3877 985 3937 tito
1001 3878 1210 3956 receptacula
1225 3882 1400 3958 aiquitieot,
1418 3886 1450 3941 iu
1461 3881 1517 3961 qui·

354 3990 415 4049 due
440 3993 569 4048 animae
591 3989 791 4061 detinentur,
826 4006 909 4065 quae
932 3986 1102 4046 coetestem
1127 3987 1359 4049 beatitudinem
1380 4010 1444 4050 uon
1460 3984 1521 4048 aaut

353 4104 557 4158 consecutae.
597 4091 719 4156 Deinde
741 4091 906 4176 speciatim
923 4091 1067 4156 infernus
1085 4105 1218 4157 vocatur
1234 4105 1300 4157 tum
1317 4096 1409 4161 locus
1425 4090 1512 4160 tristis·

354 4205 465 4277 simus,
482 4203 534 4267 ubi
552 4214 706 4287 perpetuo
724 4203 944 4266 damnatorum
962 4201 1084 4267 animae
1103 4225 1174 4266 cum
1191 4202 1357 4287 spiritibus
1374 4198 1510 4269 immudis

356 4326 554 4399 torquentur,
571 4313 751 4376 interitus
767 4311 898 4396 propria
915 4311 1150 4398 significatione
1168 4326 1336 4397 acceptus;
1358 4327 1422 4379 tmn
1439 4316 1509 4378 iocus.

354 4423 406 4488 nbi
439 4423 563 4507 piorum
596 4421 718 4486 ardunae
751 4423 789 4486 ad
823 4421 985 4485 delinitum
1014 4435 1139 4507 tempus
1170 4423 1332 4488 cruciatae
1365 4425 1507 4510 expiantur.

252 4580 256 4587 .
356 4530 648 4621 purgatorium
680 4543 746 4595 tum
779 4530 912 4616 denique
935 4532 1042 4605 locus,
1063 4531 1094 4594 in
1116 4552 1178 4616 quo
1200 4531 1324 4597 animae
1352 4537 1506 4598 Sanctorum

354 4656 425 4706 anate
458 4639 576 4706 Christi
608 4643 776 4706 adventum
808 4639 1061 4724 excipiebantur,
1091 4640 1196 4727 ibique
1228 4640 1298 4706 sine
1333 4644 1393 4707 ιιΙΙο
1419 4631 1505 4707 datori

355 4780 570 4795 ’.μ’-

468 4845 491 4923 ¹)
508 4845 576 4907 Act.
599 4841 651 4919 13,
668 4841 815 4922 ¹38—39.
849 4879 890 4890 -
923 4844 952 4923 ²)
972 4840 1000 4908 1.
1018 4843 1108 4908 Joan.
1127 4842 1158 4930 2,
1176 4841 1274 4912 1-2,
1308 4883 1350 4894 -
1382 4852 1409 4926 ³)
1429 4844 1504 4909 conc.

355 4936 458 5003 Trid.
475 4956 549 5000 aua.
568 4939 597 5001 6.
613 4956 638 5001 o.
655 4939 684 5000 2.
