3775 5625
1420 458 1482 526 aot

326 622 428 689 aristo
444 625 573 699 realem,
591 646 655 689 non
673 636 778 689 tarneu
794 623 827 687 in
844 625 1020 699 abstracto,
1038 626 1096 690 sed
1112 624 1143 688 in
1161 637 1315 690 eortcreto
1338 625 1487 701 defendit,

326 751 387 817 {ue
404 732 523 798 deiide
540 746 599 799 est.

402 842 731 909 Communioationem
763 843 949 907 idiomatum
974 842 1006 907 in
1029 856 1183 909 corroreto
1204 842 1236 907 in
1259 842 1388 909 Christo
1406 844 1485 919 dari,

401 955 441 1017 A.
463 964 529 1017 tam
561 964 684 1018 certum
715 972 755 1017 ao
784 952 923 1017 evictum
955 963 1020 1027 est,
1052 972 1090 1016 ae
1120 972 1199 1016 vera
1229 964 1280 1016 est
1311 952 1483 1027 sententia,

326 1060 443 1126 tristus
459 1062 549 1127 Deus
565 1063 743 1137 esthamo,
775 1074 808 1126 et
839 1060 987 1126 Christus
1020 1063 1116 1126 homo
1133 1073 1184 1126 est
1200 1062 1303 1136 Deus,
1335 1062 1484 1148 adquam

326 1187 407 1236 tues
427 1170 499 1234 iliae
523 1168 690 1235 dictiones
703 1182 909 1234 revocantur.
948 1170 1028 1234 Nam
1051 1191 1146 1256 quum
1163 1168 1311 1235 Christus
1328 1169 1371 1234 sit
1388 1191 1484 1235 unum

326 1294 437 1365 amque
454 1278 654 1364 suppositum
672 1280 835 1343 arnbarum
852 1291 1050 1354 naturarum,
1068 1279 1190 1344 divinae
1207 1292 1240 1343 et
1254 1280 1421 1356 humanae,
1438 1278 1482 1344 di·

326 1405 383 1452 uae
400 1387 526 1474 quidem
542 1409 601 1473 per
616 1387 829 1463 identitatem,
861 1389 1016 1453 humanae
1037 1408 1116 1452 vero
1136 1408 1195 1473 per
1215 1386 1367 1453 unionem
1383 1389 1482 1473 hypo-

326 1495 450 1572 stieam,
466 1511 500 1563 et
514 1497 587 1562 ideo
605 1498 716 1563 ambae
733 1509 863 1562 naturae
878 1496 982 1581 ipsius
1003 1496 1068 1560 sint
1087 1495 1252 1582 propriae:
1274 1496 1405 1584 quaevis
1427 1518 1480 1562 rra·

327 1621 363 1671 ra
394 1605 477 1688 (sive
510 1606 615 1671 divina
638 1606 706 1671 sive
731 1608 881 1687 humana)
903 1605 936 1669 in
953 1618 1125 1681 concreto,
1156 1605 1176 1671 i.
1201 1627 1228 1672 e.
1250 1605 1295 1672 uti
1317 1626 1431 1670 revera
1446 1604 1479 1670 in

326 1709 420 1779 bristo
443 1736 501 1800 per
524 1736 560 1779 se
577 1737 635 1781 seu
651 1716 736 1780 velut
752 1713 927 1803 singularis
943 1714 1082 1789 exsistit,
1099 1714 1318 1790 considerata,
1344 1727 1396 1779 est
1411 1714 1482 1800 ipse

326 1819 388 1888 lius
404 1823 475 1898 Dei,
490 1824 522 1888 in
540 1837 672 1911 utraque
688 1836 801 1889 natura
817 1825 1009 1899 subsistens,
1027 1827 1118 1909 eujus
1135 1824 1240 1911 itaque
1262 1825 1411 1889 etaltera
1427 1845 1480 1889 na·

326 1951 359 1997 ra
378 1934 530 2015 (humarus
544 1934 596 1998 vel
611 1933 730 2017 divina)
746 1939 879 2023 ejusque
896 1934 1048 1999 attributa
1063 1946 1137 1998 sunt
1153 1933 1295 2019 propria,
1306 1934 1380 1999 lieet
1395 1934 1427 1997 in
1445 1954 1481 1999 se

326 2061 349 2103 u
376 2041 420 2107 sit
440 2044 566 2118 eadem,
583 2056 692 2129 utpote
708 2047 748 2111 ab
764 2045 816 2110 ilia
837 2066 872 2109 re
896 2042 1047 2109 fflsurreta
1067 2063 1105 2107 ac
1126 2041 1269 2116 diversa;
1286 2055 1318 2107 et
1339 2042 1388 2107 sic
1404 2044 1480 2128 jure

326 2170 422 2240 aque
437 2164 550 2216 tratura
565 2174 625 2237 pro
642 2155 756 2219 eodem
772 2152 941 2239 supposito
959 2151 1125 2237 accipitur,
1143 2163 1236 2237 atque
1254 2152 1293 2216 ds
1309 2151 1421 2238 quavis
1438 2151 1479 2216 si-

326 2259 340 2322 Ι
359 2243 463 2326 a'itera
478 2263 611 2348 ejusque
620 2263 836 2348 proprietates
852 2276 1011 2349 tamquam
1027 2262 1098 2346 ejus
1114 2260 1265 2346 propriae
1282 2274 1371 2332 reete
1387 2282 1479 2347 prae-

326 2383 435 2435 antur
466 2392 525 2435 seu
547 2369 753 2438 affirmantur.
791 2375 834 2437 Et
857 2372 931 2436 irino
954 2372 1095 2436 Verbum
1119 2370 1243 2435 ratione
1267 2370 1481 2445 humanitatis,

326 2497 456 2564 nuper
472 2478 622 2545 unionem
642 2482 875 2567 hypostaticam
891 2479 968 2545 feeit
987 2500 1088 2555 suam,
1107 2501 1184 2544 vere
1208 2478 1323 2545 dicitnr
1338 2500 1480 2565 passum,

326 2600 461 2664 rtuum,
478 2591 636 2675 sepultum
652 2603 729 2666 ete.;
746 2612 820 2655 nam
835 2589 1014 2655 humanitas
1030 2610 1090 2674 per
1105 2589 1256 2655 unionem
1266 2589 1350 2654 iliam
1365 2609 1440 2653 vere
1451 2601 1483 2653 et

328 2696 417 2779 prie
435 2698 521 2763 faeta
536 2710 586 2763 est
602 2710 714 2765 natura
728 2699 838 2776 Verbi,
854 2720 916 2763 nee
937 2711 988 2764 est
1004 2698 1054 2763 sui
1065 2698 1166 2783 juris,
1183 2711 1215 2763 et
1230 2698 1381 2783 proinde,
1402 2718 1482 2785 quae

326 2806 473 2872 aspirati
490 2806 694 2884 conveniunt,
718 2809 827 2872 Verbo
845 2807 960 2872 merito
979 2807 1167 2873 tribuuntur.
1207 2808 1250 2872 Et
1261 2805 1417 2873 uicissim
1433 2828 1482 2883 ea,

326 2933 369 2978 e
400 2918 470 2980 Deo
503 2916 635 3001 propria
666 2929 757 2992 sunt,
780 2930 869 2982 reete
887 2916 1033 2982 dicuntur
1050 2918 1089 2982 de
1105 2916 1233 2981 homine
1252 2917 1392 2992 Christo,
1409 2917 1482 3003 quia

326 3041 384 3090 uo
401 3026 432 3090 in
450 3025 590 3101 Christo,
600 3039 709 3111 utpote
726 3025 832 3091 divini
850 3027 945 3091 Verbi
962 3019 1103 3112 personia
1114 3026 1307 3101 subsistens,
1315 3025 1479 3090 babetsibi

326 3134 456 3218 »priam
474 3133 592 3199 unitam
609 3134 814 3210 divinitatem,
830 3147 864 3200 et
878 3135 952 3200 irinc
968 3157 1082 3200 revera
1098 3147 1149 3200 est
1164 3133 1230 3210 ille,
1246 3134 1301 3220 qui
1313 3155 1411 3199 verus
1428 3147 1478 3199 est

326 3256 385 3319 ¹8,
397 3244 544 3320 Creator,
560 3256 722 3319 aeternus,
738 3257 809 3309 etos
825 3245 942 3310 Paucis
959 3245 1026 3310 sive
1038 3247 1136 3320 Deus,
1152 3244 1221 3308 sive
1237 3245 1335 3307 homo
1353 3242 1477 3308 dicatur

326 3348 452 3419 *istusz
470 3375 598 3440 semper
607 3353 792 3442 intelligitur
800 3375 940 3440 persona
949 3367 981 3419 et
991 3354 1114 3420 divinae
1126 3366 1159 3419 et
1170 3354 1326 3417 humanae
1334 3364 1476 3429 naturae,

326 3456 451 3529 rleireo
461 3477 597 3548 possunt
613 3466 651 3529 de
667 3464 739 3550 ipso
750 3464 887 3539 homine,
898 3476 1056 3550 tamquam
1073 3466 1112 3529 de
1130 3484 1270 3549 persona
1281 3463 1472 3527 simulnstu·

340 3573 488 3648 divinae,
498 3595 546 3649 ea,
558 3595 637 3660 quae
655 3586 730 3638 sunt
746 3572 869 3638 divitiae
885 3585 1029 3647 naturae,
1044 3585 1077 3637 et
1093 3573 1132 3636 de
1142 3571 1214 3657 ipso
1225 3573 1306 3646 Deo,
1316 3583 1475 3656 tamquam

327 3695 488 3763 persona
503 3682 597 3746 simui
612 3695 744 3747 naturae
763 3683 918 3747 humanae
934 3703 987 3756 ea,
1019 3702 1099 3767 quae
1120 3693 1195 3746 srutt
1215 3693 1348 3746 staturae
1369 3681 1477 3745 buma-

326 3810 348 3859 ε,
370 3791 560 3878 praedicari.
588 3793 671 3855 Oura
686 3800 740 3868 sit,
757 3791 800 3856 ait
817 3793 999 3866 Thomas,
1016 3796 1130 3855 eadem
1144 3799 1335 3874 hypostasis
1351 3799 1476 3854 utrius·

326 3914 339 3954 2
359 3911 516 3982 matteras,
536 3907 648 3966 eadem
662 3910 851 3985 hypostasis
865 3910 1063 3984 supponitur
1079 3911 1208 3965 nornine
1225 3910 1396 3984 utriusque
1411 3923 1477 3964 mu-

326 4024 391 4075 ·ae.
411 4011 490 4075 Sive
505 4034 581 4091 eryo
600 4016 730 4075 dicatur
746 4019 854 4094 horno,
872 4020 939 4075 sios
955 4013 1060 4093 Deus,
1078 4019 1274 4094 supponitur
1289 4017 1478 4092 hypostasis

326 4125 415 4185 thoas
430 4131 464 4185 et
477 4129 640 4185 humanas
655 4131 806 4186 maturas.
838 4124 888 4185 Et
900 4126 973 4185 ideo
991 4125 1030 4184 de
1045 4129 1174 4185 homins
1184 4129 1329 4204 possunt
1343 4124 1407 4183 disi
1423 4143 1474 4200 aa,

326 4247 370 4293 tas
384 4239 466 4295 sunt
479 4235 607 4294 dirim
621 4240 774 4306 maturae,
792 4240 959 4315 tamquam
981 4235 1020 4294 de
1034 4238 1205 4314 hypostasi
1226 4234 1354 4293 diuinus
1373 4238 1476 4292 matu-

326 4360 364 4416 ta,
396 4349 431 4403 et
449 4344 489 4403 de
509 4342 579 4405 Deo
599 4350 743 4423 possunt
761 4346 824 4404 dici
846 4364 903 4420 ea,
937 4361 1023 4424 ymas
1043 4348 1124 4404 sunt
1137 4348 1280 4403 naturas
1298 4347 1474 4418 hermanus,

326 4471 452 4532 mquam
469 4453 508 4512 de
523 4457 694 4534 hypostasi
709 4459 851 4515 maturas
865 4457 1029 4513 humanae
1041 4451 1075 4530 ¹).

394 4582 433 4642 B.
449 4580 631 4664 Eapropter
647 4592 680 4643 et
695 4582 729 4644 S.
746 4578 914 4664 Scriptura
935 4597 1032 4663 saepe
1054 4598 1107 4652 ea,
1139 4596 1218 4663 quae
1246 4591 1321 4642 surtt
1343 4585 1475 4642 naturae

326 4689 410 4756 tinae
426 4688 566 4774 propria,
583 4701 618 4753 ut
633 4701 708 4754 suut
718 4688 884 4774 judicium,
901 4683 1081 4752 descensus
1097 4688 1137 4750 de
1153 4687 1268 4764 coelis,
1285 4686 1475 4754 exsistentia

397 4894 422 4976 ¹)
438 4896 476 4956 P.
493 4897 523 4955 3.
540 4915 568 4971 q.
585 4853 635 4958 1⁴6.
652 4900 710 4955 art.
726 4895 756 4959 4.
773 4890 857 4976 Opp.
874 4892 917 4958 th.
933 4893 973 4958 Τ.
989 4886 1043 4958 24.
1059 4912 1090 4974 p.
1109 4885 1184 4958 112.
