3775 5625
1407 422 1472 488 209

268 595 349 657 erit
361 594 400 649 ἐπ
417 590 607 665 dtejudirie',
633 607 731 669 qaam
755 588 812 647 ate
828 585 1078 669 (capharnaum)
1088 590 1125 664 ¹).
1172 591 1406 673 Argumentum
1423 600 1474 651 est

263 702 378 767 idem.
427 697 531 759 Porro
547 696 588 759 ad
602 692 736 758 Pilatum
760 693 856 758 verba
872 694 1004 768 iaciens,
1028 693 1072 757 ait
1087 695 1250 759 Salvator:
1275 698 1473 778 Propterea,

262 814 407 893 qutme
424 808 562 868 pumat
576 808 645 881 titt,
663 809 774 882 maJur
786 812 956 884 peccatam
973 807 1070 866 babet
1085 810 1191 888 (quam
1212 809 1307 883 tn)⁹).
1354 805 1412 869 Ubi
1430 804 1474 867 di-

263 925 372 982 serte
390 914 431 977 de
447 925 581 997 peccato
597 913 747 998 loquitur,
763 925 856 997 atque
872 913 948 976 iliud
958 924 1090 997 peccato
1105 912 1220 976 minori
1231 914 1372 998 opponit.
1391 915 1476 977 idem

266 1023 387 1087 verba
404 1022 444 1085 ad
461 1023 562 1086 duros
573 1041 729 1087 censores
741 1022 833 1097 dicta,
842 1024 1041 1086 edisserunt:
1056 1023 1260 1098 Oaideatem
1271 1028 1474 1103 videefeetu-

267 1155 357 1196 cam
373 1138 411 1193 in
427 1136 522 1195 oculo
537 1138 663 1213 fratria
680 1141 746 1195 tut:
771 1136 943 1197 eltrudem
960 1140 994 1194 tn
1010 1135 1104 1195 oculo
1123 1141 1178 1195 too
1196 1154 1263 1194 non
1277 1130 1395 1195 video?
1410 1129 1430 1194 i.
1449 1152 1476 1194 e.

274 1243 340 1325 qui
355 1238 402 1314 iit,
420 1252 454 1302 ut
468 1240 514 1303 sis
530 1253 594 1304 tam
612 1239 782 1324 perspicax
798 1241 901 1324 quoad
921 1240 1045 1303 minora
1067 1238 1200 1303 aliorum
1218 1252 1365 1323 peccata,
1383 1261 1477 1324 quum

280 1352 326 1412 ad
343 1362 398 1413 tua
413 1350 511 1436 longe
529 1351 652 1433 majora
668 1349 899 1428 conniveas³)?
939 1349 1060 1413 Deinde
1076 1348 1258 1413 Pharisaeis
1275 1347 1475 1413 increduiita-

285 1470 351 1521 tem
368 1458 474 1521 studio
491 1458 666 1543 quaesitam
683 1459 902 1542 exprobrans:
921 1461 1013 1536 Ideo,
1033 1462 1103 1520 dieo
1120 1461 1223 1536 vobis,
1241 1457 1358 1542 inquit:
1378 1459 1479 1519 Omne

288 1576 455 1645 peccatum
464 1613 476 1647 ,
499 1577 532 1629 et
556 1571 756 1648 ttaepnemta
779 1575 961 1630 remittetur
988 1571 1192 1645 horninibus,
1216 1575 1355 1648 optritae
1372 1576 1480 1629 autem

296 1678 491 1757 ttuptemeo
506 1699 574 1740 noa
588 1686 780 1741 renetttetur.
810 1679 861 1740 Et
874 1685 1056 1760 quicunqne
1073 1680 1198 1740 dixerit
1210 1681 1345 1738 verbum
1362 1684 1479 1737 eontra

294 1786 392 1860 filium
407 1794 556 1861 boeninie,
579 1795 761 1850 remittetur
777 1795 821 1849 ei:
847 1795 903 1870 qui
919 1795 1027 1849 autem
1044 1791 1169 1849 dixerit
1181 1796 1298 1848 contra
1315 1786 1480 1866 Spiritum

297 1890 333 1969 d,
367 1919 436 1959 noo
460 1904 642 1959 remittetur
659 1904 701 1976 et,
719 1917 823 1978 oeque
838 1904 872 1958 in
887 1903 948 1959 doe
964 1900 1112 1976 saeculo,
1130 1918 1234 1978 nequee
1249 1904 1283 1957 ia
1297 1899 1417 1974 saturo
1436 1898 1480 1975 ⁴).

254 1999 256 2006 '
295 1998 412 2067 bantur
427 2005 532 2089 itaque
548 2003 608 2069 aiia
624 2017 765 2089 peccata,
782 2026 861 2090 quae
878 2005 1091 2080 remittuntur,
1115 2017 1148 2068 et
1172 2005 1241 2079 alia,
1267 2024 1347 2089 qnae
1362 2002 1482 2066 remitti

294 2128 344 2173 oon
370 2126 516 2197 possunt,
533 2115 676 2199 adeoque
692 2112 805 2178 naturai
821 2112 879 2178 sub
895 2115 1031 2179 diversa.

397 2229 425 2287 b.
449 2226 552 2287 Porro
576 2224 671 2288 etiam
694 2224 778 2298 inde,
802 2226 885 2309 quod
902 2224 1050 2289 Christus
1074 2224 1157 2288 inter
1181 2235 1354 2310 praecepta
1377 2222 1483 2286 divina

291 2323 476 2419 distinguat,
492 2332 567 2396 huic
582 2334 737 2416 majorem
756 2332 800 2396 iili
820 2333 978 2397 minorem
995 2332 1181 2419 dignitatem
1191 2333 1319 2407 tribuat,
1332 2334 1394 2396 boc
1406 2352 1481 2419 gra·

288 2432 350 2499 rius
375 2441 452 2505 iliud
467 2440 586 2514 levius,
602 2443 665 2505 boc
680 2441 853 2504 maximum
869 2442 945 2505 iiiud
962 2441 1140 2515 minimum,
1173 2442 1236 2505 hoe
1252 2442 1390 2526 primum
1405 2441 1482 2504 iilud

287 2552 466 2615 seeundum
490 2563 660 2635 nuncupet,
685 2551 849 2615 doctrinae
872 2564 1002 2615 nostrae
1018 2551 1137 2615 veritas
1154 2552 1341 2616 necessario
1360 2548 1482 2636 colligi-

286 2659 333 2715 tor.
399 2661 479 2725 Nam
495 2660 522 2723 si
539 2673 712 2744 praecepta
728 2660 846 2723 diversi
863 2660 1014 2745 ponderis
1032 2673 1115 2734 sunt,
1132 2659 1227 2724 otiam
1244 2673 1387 2745 peccata,
1405 2679 1485 2743 quae

284 2778 312 2822 ‘a
325 2766 493 2834 violando
510 2769 759 2844 committuntur,
784 2770 903 2835 diversi
918 2772 1039 2858 gradtts
1057 2791 1095 2834 ac
1115 2770 1267 2855 ponderis
1285 2791 1359 2835 csse
1377 2767 1482 2855 sequi·

285 2878 331 2932 tor.
400 2879 455 2944 Sic
469 2880 662 2943 Pharisaeos
680 2893 811 2964 propter
828 2880 1013 2965 hypocrisin
1038 2893 1132 2965 atquc
1154 2879 1360 2944 ambitionem
1375 2880 1483 2943 redar·

284 2995 408 3060 gneus,
424 2986 481 3050 ait:
504 2991 573 3050 Vae
589 2992 680 3051 vodis
695 2992 840 3076 scribae,
859 2999 892 3051 et
905 2992 1086 3052 Pharisaei
1102 2997 1303 3069 hypocritae,
1322 2997 1377 3071 pai
1394 2993 1485 3050 deee-

284 3095 392 3155 notie
412 3104 574 3159 mentbam
584 3144 595 3174 ,
622 3105 655 3159 et
675 3104 826 3161 anetbam
835 3144 847 3175 ‚
875 3107 908 3159 et
929 3106 1103 3178 caeninam,
1131 3106 1165 3159 et
1178 3101 1359 3180 reliquistis
1364 3143 1376 3177 ,
1402 3119 1486 3179 qaae

284 3211 447 3268 treviam
476 3215 555 3269 eunt
578 3210 658 3284 lepis
665 3253 677 3285 ,
690 3211 855 3284 judiciam
865 3253 877 3285 ,
905 3216 938 3269 et
960 3210 1219 3268 rnieere'eordiam
1229 3253 1241 3284 ,
1266 3215 1298 3267 et
1315 3210 1421 3287 fidem.
1439 3241 1481 3253 —

288 3303 406 3376 bacea
426 3324 528 3394 caeci,
556 3320 751 3380 excolantes
777 3320 924 3394 calicem,
951 3319 1109 3378 cantelam
1136 3325 1244 3378 autem
1261 3319 1483 3392 deplumata,

260 3446 262 3451 ·
290 3406 306 3472 ἱ·
318 3431 349 3476 θ.
378 3423 481 3509 quiin
499 3424 628 3489 minutis
646 3424 777 3500 cavetis,
800 3445 839 3488 ne
855 3424 1008 3509 peccetis,
1033 3425 1072 3487 dc
1095 3423 1299 3511 gravioribus
1315 3445 1393 3488 vero
1411 3422 1485 3486 nibii

291 3534 465 3613 iurau'ffl).
496 3533 567 3598 Atia
589 3534 777 3599 occasione:
805 3536 869 3610 Qut
890 3557 965 3613 erpo
987 3539 1124 3597 coluerit
1143 3557 1244 3597 eanum
1266 3539 1305 3596 de
1321 3537 1487 3596 mandatis

292 3632 359 3693 5³⁶⁸
382 3651 535 3722 minimis,
553 3653 586 3707 et
600 3649 748 3708 docuerit
760 3653 809 3707 sie
824 3653 982 3724 berniaco,
1001 3649 1374 3708 notuimueoocade‘ture'n
1384 3665 1483 3721 repeto

263 3830 268 3839 Ι
294 3745 474 3832 delorem,
491 3751 511 3817 i.
529 3773 555 3816 e.
573 3752 750 3838 quicunque
773 3766 982 3838 praeceptum
1007 3755 1164 3839 quoddam
1188 3754 1287 3840 Legis
1311 3752 1484 3825 Mosaieae

296 3848 346 3912 etsi
368 3862 515 3925 omnium
530 3861 573 3926 sit
587 3861 796 3935 levissimum,
813 3863 927 3927 fecerit
941 3863 1077 3939 irritum,
1093 3864 1237 3927 ultimum
1262 3865 1368 3927 locum
1385 3861 1417 3924 in
1434 3882 1484 3924 re-

297 3972 353 4035 gno
384 3970 445 4035 Dei
467 3971 574 4035 futuro
600 3971 756 4036 obtinebit
778 3977 816 4051 θ).
868 3976 973 4057 Atque
996 3973 1177 4038 Pharisaeis
1201 3970 1486 4058 interrogantibus,

298 4077 453 4145 buddam
468 4079 567 4166 Legis
583 4081 745 4146 Mosaieae
762 4094 968 4167 praeceptum
985 4083 1027 4148 sit
1042 4066 1225 4155 maximum,
1241 4082 1315 4145 iliud
1327 4081 1484 4144 Deutero-

300 4188 393 4253 ’1οΜἰί
405 4195 433 4268 ἵ)
456 4190 620 4277 designat:
643 4194 766 4269 Dilipee
793 4194 967 4254 Donninam
988 4195 1093 4254 Deam
1120 4200 1211 4254 tuam
1232 4214 1276 4252 ea
1298 4200 1363 4252 toto
1387 4194 1485 4251 corde

297 4283 358 4364 110)
381 4309 415 4362 et
428 4308 463 4362 in
480 4309 549 4363 tota
567 4308 678 4363 aotam
695 4309 766 4380 itta,
785 4310 818 4364 et
831 4310 866 4362 ia
882 4309 951 4364 tota
968 4311 1085 4381 enente3
1104 4302 1243 4364 addens:
1260 4302 1334 4362 Hoc
1351 4309 1402 4362 eet
1417 4294 1497 4361 ma?

298 4395 436 4486 mutuor,
461 4418 494 4470 et
504 4417 647 4490 prienam
664 4413 863 4473 mandatum.
881 4409 1069 4473 Secundam
1086 4418 1194 4472 autem
1210 4413 1315 4472 simile
1331 4419 1382 4471 est
1395 4415 1484 4471 baie:

255 4602 257 4607 Ι
299 4494 423 4591 Dili903
434 4527 637 4600 praedonum,
656 4528 745 4583 eicut
758 4530 789 4583 te
803 4529 910 4602 ipsum
921 4525 959 4599 8).

301 4617 499 4660 κ...-

409 4681 702 4769 ¹)Matth.11‚24.
733 4721 772 4731 -
801 4683 1079 4762 ²)J0an.19,11.
1108 4721 1148 4729 -
1176 4688 1202 4760 ³)
1220 4685 1327 4744 Matth.
1346 4681 1376 4757 7,
1394 4680 1424 4746 3.
1442 4718 1485 4726 -

301 4751 326 4827 ⁴)
341 4762 457 4838 mato.
476 4775 527 4849 12,
544 4773 599 4839 31.
616 4772 730 4841 31-
748 4778 778 4855 ε)
795 4777 902 4838 naeth.
919 4773 978 4848 23,
995 4773 1038 4837 23
1055 4797 1079 4837 s.
1096 4810 1138 4821 -
1155 4775 1183 4863 a)
1198 4777 1305 4838 natta.
1322 4771 1353 4848 5,
1373 4770 1425 4837 19.
1443 4810 1484 4818 -

304 4835 442 4929 butus.
458 4865 489 4940 o,
506 4865 537 4930 5.
554 4900 599 4920 -
616 4866 646 4942 ⁸)
662 4868 768 4931 natan.
785 4864 839 4945 22,
856 4863 1000 4931 st-so.

1229 4974 1270 5038 14
