3775 5625
640 752 665 832 ξ.
683 745 752 817 68.
770 746 989 818 christus
1006 747 1248 819 Sacerdos.

460 950 622 1016 Christum
652 951 763 1014 desum
784 970 896 1013 verum
913 951 1123 1014 Sacerdotem
1140 972 1230 1025 esse,
1262 964 1296 1016 et
1317 952 1439 1039 quidem
1453 953 1513 1029 idco,

351 1062 501 1150 quoniam
534 1059 741 1143 semetipsum
775 1072 933 1145 tamquam
958 1060 1154 1144 piacularem
1175 1061 1338 1126 victimam
1359 1062 1391 1126 in
1408 1076 1515 1127 mortem

352 1171 438 1236 dedit
454 1172 493 1235 ad
518 1182 651 1255 peccata
668 1180 779 1233 nostra
796 1169 963 1253 expianda,
980 1171 1020 1236 ad
1031 1191 1188 1255 expressa
1203 1170 1277 1235 fidei
1290 1171 1465 1237 Catholicae
1476 1174 1515 1235 do·

353 1293 462 1370 gmata
476 1278 624 1363 pertinet.

462 1393 629 1451 Hostiliter
644 1392 757 1470 dogma
773 1390 830 1450 hoc
846 1401 974 1467 praeter
990 1410 1112 1463 omnes,
1134 1392 1185 1470 qui
1206 1392 1332 1453 christo
1355 1387 1475 1453 Domino
1489 1394 1519 1452 di·

263 1557 265 1562 .
354 1504 516 1563 vinitatem
548 1501 764 1570 detrahentes,
795 1502 927 1576 pretinm
951 1502 1196 1563 satisfactorium
1212 1504 1305 1562 morti
1327 1503 1394 1579 ejus
1410 1503 1522 1563 tribuere
1570 1543 1571 1558 .

356 1613 470 1671 nullum
502 1618 664 1687 poterant,
687 1618 721 1667 ut
737 1617 827 1667 crant
843 1609 1043 1680 Gnostici,
1059 1610 1286 1671 Photiniani
1306 1621 1340 1671 ct
1354 1611 1525 1681 Arinthei

357 1721 551 1781 recentiores
570 1718 834 1789 Panthcistae,
868 1720 1031 1797 quiquam
1053 1722 1168 1779 nullum
1193 1732 1355 1797 peceatum
1379 1722 1525 1789 admittant,

358 1831 450 1889 etiam
483 1829 597 1887 nullam
628 1846 684 1905 per
705 1837 834 1887 mortem
858 1828 974 1887 Christi
996 1839 1196 1905 pcccatorum
1212 1830 1427 1890 liberationem
1443 1829 1526 1889 admit·
1569 1869 1571 1878 .

359 1950 427 1998 tere
458 1947 604 2018 possunt,
637 1938 819 1996 invaserunt
851 1955 935 1997 saec.
983 1939 1023 1999 V.
1062 1940 1288 2017 Pelagianl,
1321 1939 1528 2017 contendentes,

361 2049 520 2109 Christum
536 2047 566 2105 in
584 2047 728 2106 mundum
745 2047 933 2105 solummodo
950 2047 1087 2116 venisse,
1104 2058 1138 2106 ut
1154 2047 1234 2107 viam
1246 2049 1357 2108 salutis
1370 2048 1528 2107 nobismor-

361 2153 489 2230 strarct,
505 2156 616 2231 partim
632 2155 803 2216 doctrinam
820 2164 960 2215 sanctam
977 2157 1203 2238 praedicando,
1220 2158 1332 2233 partlm
1348 2156 1528 2235 praestantis·

363 2268 451 2325 simis
471 2265 619 2325 virtutum
637 2265 786 2341 exemplis
810 2266 1003 2341 praeeundo,
1035 2283 1226 2343 neqrraquam
1244 2276 1361 2339 autem,
1379 2276 1413 2325 nt
1427 2283 1479 2324 nos
1492 2282 1529 2341 pu

363 2386 495 2436 mortem
512 2393 599 2433 suam
617 2393 635 2433 a
650 2354 789 2452 peccatis
807 2375 972 2447 liberaret,
995 2393 1085 2451 quum
1101 2375 1208 2457 homo,
1223 2385 1316 2453 prout
1331 2376 1399 2452 ipse
1417 2375 1472 2434 sibl
1484 2383 1529 2433 tat·

364 2497 427 2545 turn
447 2485 605 2561 peccando
631 2485 751 2560 culpam
769 2485 950 2564 contrahat,
981 2485 1024 2542 ita
1048 2502 1167 2561 quoque
1192 2503 1226 2543 se
1250 2486 1317 2561 ipse
1335 2485 1440 2544 abillo
1463 2500 1531 2559 expe·

365 2596 431 2654 dire
447 2596 561 2653 valeat.
586 2594 670 2652 ldcm
687 2604 854 2652 senserunt
870 2593 1148 2670 Abaelardus¹)
1167 2612 1252 2654 sace.
1268 2595 1347 2675 xit,
1365 2603 1454 2672 atque
1470 2608 1532 2662 saec.

365 2706 449 2765 XVI.
469 2703 681 2773 sociniani,
698 2703 748 2779 qui
766 2704 968 2776 asserebant,
1001 2703 1161 2764 Christum
1182 2704 1338 2763 hominum
1362 2704 1534 2763 salvatorem

367 2833 438 2874 esse
463 2815 611 2872 duntaxat
626 2813 794 2889 praeconio
812 2822 843 2871 et
860 2813 1004 2893 consilio,
1029 2832 1088 2891 quo
1103 2812 1184 2872 vlam
1209 2814 1320 2873 salutis
1337 2814 1427 2873 nobis
1443 2829 1533 2871 annun·

366 2924 465 2998 tiavit,
483 2924 568 2982 etad
585 2940 652 2981 eam
668 2940 725 2981 nos
743 2924 926 2982 cohortatus
944 2933 1002 2997 est,
1018 2934 1109 3001 atque
1123 2925 1273 3000 exemplo,
1290 2942 1349 3001 quo
1366 2923 1453 2982 nobis
1465 2939 1535 3000 prae·

366 3034 461 3112 luxit,
491 3050 551 3091 non
569 3041 670 3090 autem
688 3050 798 3108 opere,
830 3033 941 3091 merito
960 3042 992 3091 et
1008 3032 1150 3093 efficacia
1168 3046 1267 3112 genus
1290 3032 1454 3091 humanum
1468 3046 1536 3106 repa·

368 3143 480 3212 rand03
507 3160 597 3218 quum
615 3141 734 3218 quidem
751 3143 830 3199 bono
848 3151 879 3200 et
894 3143 1053 3201 commodo
1069 3153 1194 3216 nostro,
1226 3152 1260 3201 ut
1282 3140 1430 3202 videlicet
1445 3138 1538 3200 doctri·

369 3271 437 3311 nam
471 3270 557 3310 suam
590 3250 820 3310 sanctissimam
844 3253 1060 3325 confirmaret,
1093 3262 1124 3311 et
1138 3253 1262 3331 insigne
1278 3247 1444 3328 patientiae
1459 3267 1539 3311 exen-

368 3364 452 3439 plum
468 3363 556 3420 nobis
574 3361 774 3441 relinqueret,
791 3379 850 3420 non
868 3370 970 3420 autem
986 3362 1140 3420 hominurn
1158 3364 1225 3422 loco
1244 3380 1280 3421 ac
1297 3362 1378 3442 viee,
1394 3375 1540 3438 perversu

370 3473 420 3530 sui
436 3473 466 3528 in
485 3471 584 3530 nostri
600 3472 701 3531 locum
719 3472 980 3545 substitutionem,
998 3482 1138 3531 mortuus
1155 3473 1214 3552 sit,
1236 3482 1267 3531 et
1284 3473 1330 3532 sic
1347 3473 1436 3531 nobis
1451 3485 1539 3549 pecca·

370 3591 473 3639 torum
490 3581 705 3639 remissionem
729 3599 765 3639 ae
788 3600 856 3639 cum
878 3583 944 3640 Deo
969 3581 1251 3642 reconciliationem
1267 3581 1485 3658 promeruerit,
1502 3595 1539 3634 vo·

371 3708 441 3747 rum
465 3689 577 3768 potius,
601 3689 741 3764 partibus
767 3689 826 3748 sibi
843 3708 861 3748 a
876 3692 943 3749 Deo
960 3692 1114 3766 impositis
1132 3691 1316 3750 adsalutem
1339 3700 1475 3749 nostram
1488 3704 1540 3763 prt-

374 3798 541 3858 curandam
559 3798 700 3872 expletis,
718 3799 820 3876 gratis
839 3800 875 3857 ab
892 3799 959 3875 ipso
977 3800 1146 3858 obtinuerit
1161 3809 1363 3875 peccatorum
1389 3808 1541 3858 nostrorum

373 3906 597 3966 relaxationem
605 3910 655 3982 2).“
685 3906 769 3982 Quae
794 3917 828 3966 ut
853 3909 975 3968 facilius
993 3918 1148 3988 tueantur,
1165 3910 1286 3981 docent,
1297 3908 1453 3983 justitiam
1466 3903 1541 3965 vindi·

267 4088 269 4092 Ι
375 4035 442 4075 cem
460 4017 497 4074 ad
514 4026 655 4076 naturam
680 4017 740 4075 Dei
756 4017 963 4093 pertinentem
986 4028 1018 4076 et
1035 4018 1064 4076 ei
1080 4019 1292 4078 necessariam
1309 4018 1389 4078 haud
1406 4036 1489 4088 csso,
1502 4011 1543 4072 sed

376 4144 447 4184 esse
462 4135 582 4184 tantum
597 4125 777 4184 liberrimae
794 4127 961 4185 voluntatis
979 4127 1045 4202 ejus
1063 4130 1218 4195 effectum,
1236 4144 1313 4203 quae
1330 4100 1361 4185 in
1378 4127 1444 4204 ipso
1467 4120 1544 4202 possit

375 4236 426 4292 vol
443 4234 552 4292 adesse
568 4237 618 4293 nel
636 4236 756 4294 abesse.
784 4234 899 4309 Quibus
917 4236 1078 4294 erroribus
1097 4237 1248 4295 calculum
1270 4254 1391 4313 quoque
1413 4252 1493 4294 suum
1506 4228 1544 4289 ad·

372 4344 519 4418 jecerunt
552 4345 849 4422 Anabaptistae,
876 4345 1084 4420 Quackcri,
1107 4345 1367 4404 Methodistae
1384 4341 1546 4406 achatio·

378 4453 548 4511 nalistae
566 4471 682 4512 omnes.
705 4453 786 4515 Huic
804 4452 975 4513 sententiae
992 4471 1084 4530 porro
1112 4453 1213 4513 albinis
1230 4463 1279 4513 est
1295 4453 1549 4516 doctrinascholae

380 4594 578 4609 ——t

490 4669 581 4749 ¹)Of.
606 4669 711 4730 (ione.
734 4669 868 4731 Senon.
891 4691 918 4730 a.
945 4667 1043 4734 1140.
1075 4671 1208 4742 Menai,
1241 4671 1429 4735 Ooll.Oooc.
1460 4670 1495 4732 Τ.
1510 4664 1552 4732 il.

283 4790 286 4794 >
381 4783 405 4823 c.
423 4758 499 4824 568.
515 4798 560 4807 —
578 4760 608 4835 2)
626 4761 671 4822 Of.
688 4762 822 4834 Faust,
841 4761 962 4822 Sosin.
989 4765 1037 4822 De
1051 4782 1124 4822 ocra
1138 4762 1225 4839 relip.
1243 4765 1262 4822 l.
1281 4764 1311 4822 5.
1329 4783 1354 4825 c.
1371 4766 1424 4824 22.
1441 4762 1485 4824 od.
1499 4762 1554 4822 Ra·

382 4874 449 4914 cov.
465 4850 496 4916 4.
513 4874 546 4935 p.
563 4849 754 4918 oto-577.
771 4888 813 4900 -
829 4856 876 4917 Do
892 4854 966 4916 Chr.
983 4861 1091 4916 carcat.
1110 4857 1129 4917 l.
1147 4857 1176 4917 1.
1193 4875 1218 4917 c.
1236 4858 1266 4917 1.
1284 4854 1323 4916 Τ.
1340 4850 1372 4920 2.
1388 4875 1420 4939 p.
1437 4846 1509 4920 204.
1523 4886 1556 4899 ··
