3775 5625
1436 435 1499 502 321

326 619 436 679 arnum
458 598 585 675 tribuit,
612 605 711 665 alnam
731 612 838 663 autem
862 596 1080 663 conditionem
1097 596 1161 663 'seu
1181 619 1312 665 causam
1329 598 1500 686 disponen-

326 729 372 772 nn
389 708 515 796 gratiae
532 710 626 793 hujus
643 709 860 793 impetrandae
877 709 1028 772 declarat.
1051 744 1091 754 —
1114 708 1152 770 ld
1168 708 1273 792 ipsum
1295 709 1428 775 inferius
1445 711 1500 773 do·

326 829 368 891 et,
386 817 554 882 scribens:
574 818 621 880 Ut
633 821 713 899 quid
726 825 810 880 enim
827 811 884 897 (ἔτι
903 810 975 897 γὰρ)
995 817 1162 894 casatas,
1176 839 1249 880 cnm
1260 821 1368 881 aditam
1382 824 1504 901 infirmi

326 949 458 989 nemer
473 924 586 1006 (variis
603 938 811 1009 peccatorum
828 924 1038 1011 languoribus
1054 924 1171 988 misere
1187 925 1348 1009 implicati,
1364 930 1403 992 ad
1419 930 1503 993 salu·

326 1055 347 1099 s
381 1056 482 1119 opera
512 1037 704 1119 praestanda
735 1034 951 1118 impotentes,
968 1046 1077 1119 utpote
1100 1047 1290 1118 peccatores
1313 1058 1351 1101 ac
1366 1037 1505 1122 injusti),

326 1148 488 1208 mudum
510 1153 636 1225 tempus
658 1150 820 1228 (tempore
842 1142 988 1223 definito)
1007 1166 1084 1227 pro
1107 1152 1240 1225 impiis
1262 1140 1349 1224 (ὑπὲρ
1372 1140 1504 1225 ἀσεβῶν)

343 1263 493 1317 ortana
509 1252 595 1316 esti
617 1256 683 1317 Via·
698 1261 871 1334 enimpro
889 1248 994 1340 (tato)
1017 1259 1140 1331 Jaeto
1162 1261 1235 1336 pais
1257 1261 1397 1316 moritur
1413 1255 1505 1328 (loco

327 1362 395 1437 sti,
412 1375 446 1427 ut
461 1362 565 1448 ipsmn
582 1362 728 1443 liberet):
745 1385 822 1426 nam
835 1386 898 1445 pro
916 1367 1002 1425 bano
1016 1364 1113 1442 (hene
1131 1362 1262 1442 merito)
1271 1369 1421 1444 forsitan
1431 1372 1506 1446 pate

326 1477 435 1538 adeat
450 1471 634 1556 (sustineat)
650 1480 745 1539 mori.
765 1474 981 1534 Commendat
995 1471 1162 1555 (declarat)
1185 1481 1292 1535 antem
1313 1479 1506 1535 charitatem

326 1604 406 1647 aem
422 1584 516 1644 Deae
532 1585 678 1644 tn-nodte
695 1588 792 1670 (erga
813 1584 908 1663 nos):
929 1590 1084 1664 qnoniam
1105 1603 1177 1644 cum
1194 1585 1300 1644 adduc
1312 1592 1507 1663 peccatores

329 1691 466 1755 eccalis
498 1690 694 1775 servientes)
726 1714 893 1773 essemus,
916 1695 1096 1754 secundam
1118 1700 1243 1773 tempus
1262 1692 1418 1753 Christus
1429 1714 1504 1774 pro

330 1798 415 1880 alp)
431 1804 546 1863 nodis
562 1809 743 1863 mortuae
767 1810 845 1863 eet:
870 1802 972 1863 multo
989 1807 1088 1879 ἐρέτην
1105 1808 1209 1879 ncepta
1224 1821 1325 1879 nanc,
1334 1805 1505 1881 justifi-

326 1932 351 1972 ι
366 1918 392 1972 ts·
418 1917 458 1973 tn
480 1917 680 1989 sanquine
710 1918 842 1991 ipsias
865 1909 902 1987 (i.
925 1930 952 1974 e.
973 1921 1143 1995 postquam
1159 1930 1218 1993 per
1234 1910 1305 1993 ejus
1322 1908 1506 1993 passionem

326 2036 343 2079 ι
372 2029 515 2092 mortem,
532 2038 593 2103 qua
618 2018 807 2105 sauguinem
827 2017 978 2103 profudit,
990 2016 1157 2102 justificati
1174 2023 1311 2097 sumus)
1328 2021 1413 2082 salai
1436 2028 1506 2082 ert·

326 2147 386 2188 ur
401 2126 628 2217 (servabimur)
639 2132 679 2190 ab
695 2137 749 2191 ira
767 2132 905 2213 (poena)
918 2150 980 2209 per
996 2136 1103 2209 ipram
1121 2132 1198 2212 (ope
1213 2126 1342 2213 ipsius).
1367 2128 1408 2191 Si
1424 2136 1509 2191 enim

326 2253 390 2298 uun
402 2244 524 2299 inimici
541 2260 700 2317 aremus,
719 2239 987 2300 reconciliati
1002 2238 1239 2300 sumata-Dea
1252 2260 1323 2317 per
1347 2246 1508 2300 mortem

326 2346 397 2407 ten
426 2353 536 2425 ejaa;
570 2350 671 2410 multo
697 2354 803 2425 mapis
826 2348 911 2409 salvi
935 2352 1060 2408 erimus
1082 2353 1116 2407 in
1141 2353 1207 2412 aito
1232 2353 1339 2427 ipsine
1356 2344 1445 2430 (ipso
1464 2345 1507 2409 vi·

326 2465 404 2518 ente
427 2476 466 2518 ac
483 2477 546 2539 pro
572 2455 667 2519 nobis
689 2456 924 2528 intercedente,
956 2456 1006 2518 vel
1027 2453 1091 2519 vita
1111 2453 1214 2539 ipsius
1235 2454 1404 2520 nobiscum
1421 2470 1507 2519 com·

326 2563 536 2653 tunicatam).
577 2567 752 2650 Postquam
775 2564 859 2629 enim
875 2565 1054 2648 Apostolus
1072 2562 1216 2640 dixerat,
1239 2565 1399 2630 neminem
1416 2564 1507 2629 facile

326 2656 515 2745 uincentem
531 2675 582 2737 vel
599 2676 678 2738 bene
696 2674 844 2738 meritum
861 2673 975 2757 capitis
993 2672 1043 2737 sui
1059 2673 1203 2757 periculo
1221 2695 1239 2737 a
1256 2673 1413 2759 supplicio
1430 2673 1506 2738 libe·

326 2791 403 2857 tre,
425 2796 458 2848 et
480 2795 617 2847 mortem
643 2805 702 2868 pro
728 2785 799 2868 ejus
819 2782 1249 2869 incolumitatelocoipsius
1266 2782 1394 2849 subire:
1412 2785 1509 2851 rerba

326 2883 386 2965 ius
416 2893 478 2957 alio
496 2914 595 2959 seusu
610 2916 675 2957 non
692 2906 830 2978 possunt
846 2893 965 2978 accipi,
998 2914 1106 2978 quam,
1139 2894 1316 2968 Christum,
1347 2894 1508 2963 inlocum

328 3014 457 3067 ostrum
488 3003 713 3078 substitutum,
744 3002 809 3068 vita
841 3024 878 3068 se
895 3002 1079 3077 abdicasse,
1102 3016 1134 3067 ut
1160 3003 1255 3067 nohis
1279 3003 1508 3088 peccatoribus

327 3123 511 3187 luceretur,
527 3134 565 3177 ac
581 3114 695 3177 lethale
712 3113 774 3177 sihi
791 3115 905 3177 vulnus
920 3112 1023 3200 infligi
1039 3114 1122 3177 hand
1139 3133 1331 3187 recusasse,
1348 3112 1472 3177 utillud
1489 3134 1508 3177 a

327 3222 414 3304 rpite
445 3235 559 3286 nostro
592 3234 802 3287 averteretur.
841 3224 946 3286 Porro
972 3244 1068 3307 quum
1090 3222 1152 3286 ait:
1197 3224 1362 3298 Quoniam
1377 3226 1507 3305 anaidem

326 3321 404 3394 ’cus
423 3339 552 3396 eratin
576 3333 710 3394 Otrtato
732 3336 888 3396 anundum
905 3333 1126 3394 reconcilians
1147 3335 1228 3412 sibi,
1261 3354 1328 3394 nan
1348 3340 1508 3414 reputans

326 3427 344 3497 i·
364 3462 391 3506 e.
408 3441 577 3506 remittens
587 3443 613 3523 ²)
631 3445 751 3505 delicta
767 3450 927 3523 ipsoram.
940 3480 982 3488 —
994 3443 1110 3520 Eam,
1130 3449 1185 3524 qni
1199 3463 1265 3505 nan
1281 3449 1421 3505 noverat
1431 3462 1504 3522 pec-

326 3558 435 3632 mm,
456 3574 533 3634 pro
554 3555 650 3614 natta
663 3561 870 3633 peccatum
888 3546 1061 3633 (ἁμαρτίαν,
1082 3553 1212 3672 stltppljl
1236 3572 1295 3615 seu
1312 3541 1423 3672 DQ,
1440 3551 1460 3614 i.
1477 3571 1505 3616 e.

326 3729 448 3794 lostiam
465 3752 523 3815 pro
542 3729 708 3816 expiandis
725 3729 868 3814 peccatis
890 3729 1051 3808 nostrist)
1073 3716 1175 3810 fecit,
1200 3740 1244 3793 at
1261 3753 1334 3794 nos
1350 3738 1501 3812 effice-

326 3848 441 3913 'qmur
463 3847 638 3918 justitia
654 3843 725 3902 Dei
742 3840 835 3925 (justi
852 3860 963 3903 coram
978 3840 1059 3913 Deo,
1083 3839 1175 3925 eique
1192 3840 1336 3924 probati)
1357 3849 1502 3923 inipso

328 3956 388 4021 lter
402 3949 571 4034 ipsnm)⁴).
610 3952 712 4034 Atque
730 3949 859 4013 iterum:
894 3952 934 4011 ln
954 3971 1016 4032 pao
1038 3954 1197 4013 tabernae
1216 3953 1503 4014 redemtionem

326 4066 380 4117 'er
410 4068 645 4138 sanquinem
676 4065 786 4138 ejas,
817 4067 1102 4122 remissionem
1122 4068 1409 4141 peccatorum,
1434 4058 1454 4124 i.
1472 4082 1500 4123 e.

326 4174 371 4225 ἐι·
387 4189 478 4252 quem
495 4169 644 4232 dilectum
685 4167 745 4231 Dei
775 4167 889 4230 Filium
906 4167 1041 4232 redemti
1057 4189 1169 4232 surmus
1192 4189 1209 4231 e
1227 4166 1409 4250 captivitate
1426 4190 1500 4252 pec·

326 4274 386 4352 ati,
404 4277 517 4341 mortis
538 4290 571 4341 et
591 4277 721 4352 diaboli,
748 4278 855 4341 soluto
877 4299 938 4363 pro
961 4277 1055 4340 nobis
1077 4277 1229 4341 incrnce
1247 4277 1414 4364 sanguinis
1431 4281 1500 4364 ejus

326 4434 528 4464 ³5...—

419 4520 444 4601 ¹)
460 4520 549 4579 Rom.
565 4516 596 4589 5,
615 4515 735 4580 6-10.
770 4517 816 4582 cf.
833 4514 864 4591 8,
881 4514 935 4580 32.
954 4512 984 4595 4,
1001 4513 1055 4578 23.
1075 4515 1103 4577 l.
1122 4515 1192 4578 Cor.
1213 4511 1265 4590 15,
1282 4514 1313 4579 3.
1331 4517 1399 4578 Gal.
1420 4515 1449 4589 1,
1466 4514 1498 4579 4.

326 4624 356 4644 “·
376 4605 402 4694 ²)
419 4609 464 4670 Of.
482 4609 548 4672 001.
568 4608 597 4686 1,
615 4607 668 4672 22.
697 4644 738 4654 -
769 4611 795 4691 ³)
813 4607 858 4668 cf.
874 4610 952 4668 Lev.
971 4605 1023 4682 10,
1042 4604 1094 4672 17.
1111 4605 1164 4669 Os.
1180 4605 1212 4683 4,
1229 4605 1259 4669 8.
1278 4608 1375 4669 Hebr.
1394 4605 1424 4678 9,
1442 4605 1497 4674 28.

326 4699 509 4789 ingustiu.
540 4705 590 4761 De
603 4720 682 4779 pecc.
699 4700 777 4779 arip.
795 4721 819 4760 o.
836 4702 886 4760 32.
903 4720 932 4762 n.
951 4701 1000 4758 37.
1035 4697 1114 4779 Opp.
1134 4695 1172 4759 T.
1192 4695 1242 4759 10.
1261 4720 1287 4760 c.
1301 4697 1377 4762 269.
1412 4698 1498 4761 Oont.

327 4792 390 4851 “aa
419 4811 484 4878 epp).
506 4796 610 4871 Pelap.
635 4794 653 4856 l.
674 4796 704 4854 3.
725 4814 749 4853 c.
773 4795 802 4854 6.
818 4813 848 4852 n.
866 4793 916 4853 16.
933 4791 980 4851 Ib.
1000 4812 1024 4854 c.
1042 4786 1117 4852 453.
1136 4799 1166 4850 et
1182 4789 1221 4854 al.
1255 4827 1296 4837 -
1331 4787 1495 4873 4)2.()οι·.

1237 4989 1279 5057 21
