3775 5625
348 412 411 480 176

349 593 416 645 tum
432 584 512 643 haud
529 602 616 654 csse,
639 583 833 652 declaratur,
851 580 954 659 sequi,
970 581 1055 640 illam
1070 580 1101 640 iu
1117 600 1176 640 non
1193 581 1313 642 renatis
1328 599 1405 644 vere
1423 592 1455 642 et
1469 599 1539 660 pro·

348 695 413 770 prie
432 703 592 770 peceatum
617 711 698 752 esse.
728 693 805 751 Nam
823 669 972 766 ejusmodi
1003 691 1217 752 conclusiones
1234 712 1253 752 a
1269 693 1429 754 contrario
1445 711 1560 754 sentu-

348 803 428 862 haud
451 805 574 873 valere,
601 802 679 879 apud
696 821 801 861 omnes
818 802 848 860 iu
867 801 1012 861 confesso
1030 811 1092 872 est;
1119 811 1149 860 et
1166 802 1244 879 quod
1261 802 1425 879 speciatim
1442 804 1481 864 ad
1497 804 1562 862 lo-

347 932 415 973 cum
436 913 591 973 laudatum
613 913 745 972 Concilii
766 911 943 971 Tridentini
964 912 1087 981 attinet,
1113 911 1157 970 ibi
1172 912 1427 989 concupiscentia
1442 913 1475 972 iu
1491 932 1562 973 re..

346 1024 426 1083 natis
446 1026 478 1083 in
499 1023 690 1100 oppositione
712 1022 830 1081 erroris
852 1021 1111 1090 Protestantium,
1133 1022 1184 1098 qui
1205 1022 1496 1099 concupiscentiam
1511 1023 1562 1092 i.

346 1134 513 1210 baptizatis
544 1151 652 1191 verum
669 1141 701 1190 et
716 1131 878 1208 proprium
909 1141 1070 1208 peccatum
1103 1150 1173 1190 esse
1196 1132 1397 1202 asserebant,
1428 1150 1558 1211 uem

346 1261 436 1319 quam
454 1252 556 1303 autem
573 1242 604 1300 iu
620 1242 812 1318 oppositione
829 1251 931 1301 status
955 1251 1025 1300 ante
1036 1242 1292 1316 justificationem
1308 1252 1475 1319 peccatum
1490 1259 1557 1308 ve

346 1370 415 1411 rum
432 1361 463 1410 et
478 1351 636 1428 proprium
654 1370 725 1409 esse
742 1361 886 1429 negatur.

406 1498 408 1503 -
454 1457 598 1536 Quarta
621 1455 827 1521 sententia
857 1478 996 1522 erronea
1026 1469 1076 1522 est
1107 1455 1313 1522 Cutharini
1336 1470 1370 1523 et
1389 1457 1562 1545 tignis,

346 1567 398 1655 qui
414 1568 596 1641 sumebant,
616 1566 779 1651 propriam
801 1565 960 1631 rationem
976 1565 1100 1652 peccati
1119 1565 1286 1654 originalis
1304 1566 1490 1634 consistere
1503 1569 1552 1642 in

346 1691 510 1745 externa
525 1675 787 1762 imputatione
807 1676 964 1760 peccati
986 1676 1116 1761 primi,
1133 1676 1177 1740 ita
1192 1688 1228 1740 ut
1243 1698 1306 1742 nos
1323 1689 1451 1742 tantum
1466 1700 1542 1763 pro.

345 1802 455 1874 pterea
474 1799 665 1872 peccatores
686 1798 819 1871 propter
840 1787 998 1851 Adamum
1022 1785 1138 1861 simus,
1168 1785 1239 1871 quia
1263 1786 1351 1851 Deus
1374 1798 1537 1871 peccatura

345 1896 458 1963 Adami
472 1895 566 1961 nobis
581 1895 730 1980 imputat3
747 1896 830 1959 unde
840 1894 994 1982 sequitur,
1009 1902 1152 1977 propri
1158 1918 1219 1961 una
1233 1908 1402 1978 peceatum
1413 1904 1532 1966 nullm

345 2013 484 2088 reperiri
503 2012 539 2069 in
556 2012 719 2087 porentia,
742 2026 781 2069 ac
802 2004 936 2089 proinde
954 2018 1137 2090 peccatum,
1158 2012 1193 2070 a'n
1214 2028 1278 2070 uno
1300 2010 1405 2071 Adam
1418 2012 1526 2091 faiae,

345 2138 411 2180 ooo
428 2123 464 2179 a'n
478 2121 572 2179 nodia
585 2117 620 2194 ¹).

454 2226 519 2290 Sed
535 2241 638 2308 neque
654 2223 811 2288 sententia
827 2225 906 2288 haec
921 2236 1009 2288 stare
1025 2236 1141 2309 potest.
1158 2224 1239 2289 Nam
1249 2225 1345 2309 juxta
1361 2224 1527 2291 doctrinam

348 2332 519 2401 Concilii
536 2331 778 2397 Tridentini:
1156 2399 1160 2406 ἱ
1513 2419 1519 2428 1

457 2444 486 2509 1.
501 2446 673 2510 Peccatum
698 2441 834 2530 originis
858 2465 965 2508 neore
988 2451 1216 2509 catonianae
1239 2458 1333 2532 atque
1350 2466 1476 2509 oerum
1493 2452 1529 2505 ot

343 2560 549 2637 propriam
562 2559 719 2635 peccati
734 2560 936 2617 rationem
951 2559 1121 2635 tatem),
1138 2568 1170 2620 et
1191 2555 1264 2620 ideo
1281 2555 1406 2640 parvuli
1421 2570 1525 2620 recena

346 2663 412 2728 nati
426 2662 495 2727 veri
510 2674 700 2747 peccatores
717 2661 864 2726 dicuntur
881 2675 974 2749 atque
990 2676 1080 2737 sunt;
1105 2677 1244 2729 attamen
1258 2685 1336 2729 vera
1353 2686 1392 2730 ac
1407 2660 1525 2750 propria

345 2772 428 2840 ratio
444 2772 568 2859 peccati
584 2784 736 2837 externae
752 2785 874 2839 tantum
889 2773 1090 2858 imputationi
1111 2795 1308 2862 nequaqnam
1322 2774 1424 2851 inest,
1444 2785 1524 2859 atque

345 2885 440 2949 etiam
461 2896 593 2969 propter
616 2884 718 2947 solam
739 2884 822 2948 hanc
837 2883 1092 2968 imputationem,
1109 2885 1138 2950 si
1153 2886 1278 2969 peccati
1294 2885 1390 2971 primi
1405 2906 1466 2950 non
1477 2900 1520 2947 et·
1560 2916 1562 2923 ·

346 3015 454 3059 semus
468 3013 583 3058 revera
604 2993 707 3079 aliquo
730 2994 826 3058 modo
848 2993 1038 3078 participes,
1059 3007 1226 3079 peccatum
1247 3016 1312 3059 non
1328 2994 1422 3060 simul
1442 2987 1520 3059 nolit

343 3103 539 3179 inhaereret,
563 3124 666 3188 neque
686 3102 792 3168 anima
813 3125 889 3168 vere
909 3117 1052 3179 mortua,
1075 3126 1177 3190 neque
1198 3104 1320 3190 parmili
1337 3105 1518 3170 absolute-ao

344 3212 474 3299 proprie
490 3225 680 3298 peccatores
698 3211 760 3277 dici
776 3226 920 3298 possent.

452 3323 482 3388 2.
512 3325 684 3388 Peccatum
723 3323 880 3410 originale
908 3331 1225 3408 propopotione,
1258 3347 1326 3389 non
1357 3329 1514 3390 imitation

344 3439 600 3510 transfusum
623 3440 803 3498 omnibus
830 3442 958 3517 ineat,
983 3441 1203 3515 unicoeipue
1220 3432 1512 3517 propriora’pat

343 3556 510 3628 peccatum
532 3543 620 3608 Adae
642 3543 766 3607 actuale
787 3564 846 3608 ceu
868 3556 959 3608 actus
983 3543 1144 3608 transiens
1166 3544 1347 3609 transfundi
1368 3545 1510 3626 haudpo·

343 3666 403 3728 est,
419 3665 512 3738 atque
528 3665 636 3736 potest
652 3651 777 3737 quidem
793 3653 952 3728 omnihus,
968 3675 1027 3738 per
1042 3653 1283 3738 imputationem
1299 3653 1431 3729 scilicet,
1446 3664 1509 3716 cont·

343 3784 437 3828 mune
454 3783 545 3837 esse,
562 3762 619 3826 sed
636 3783 702 3825 non
718 3761 887 3848 unicunque
903 3763 1068 3848 proprium
1083 3763 1200 3829 inesse.
1272 3748 1277 3759 ¹

451 3891 482 3955 3.
499 3893 671 3956 Peccatum
696 3890 852 3978 originale
875 3913 1011 3958 necesse
1034 3893 1128 3956 habet
1144 3913 1202 3977 per
1218 3891 1374 3977 Baptismi
1389 3885 1509 3981 gratian

343 4022 401 4086 per
423 4002 584 4065 lavacrum
616 3999 873 4088 regenerationis
900 4001 1039 4086 expiari,
1060 4001 1165 4088 gratia
1185 4001 1291 4066 inlusa
1311 4021 1426 4066 revera
1446 3991 1507 4066 tolli

344 4135 407 4177 non
425 4126 529 4177 autem
546 4125 671 4178 tontum
692 4133 759 4175 non
774 4118 929 4192 imputari
940 4116 977 4191 ⁴).
1003 4112 1095 4190 Quod
1115 4124 1220 4176 tamen
1243 4110 1410 4176 manifeste
1428 4111 1508 4173 loom

342 4223 460 4286 hahere
477 4222 621 4294 deberet,
644 4220 673 4284 si
689 4233 856 4304 peccatum
873 4220 1030 4307 originale
1047 4221 1141 4285 nobis
1157 4233 1279 4285 tantum
1295 4240 1354 4304 per
1371 4222 1508 4284 externam

343 4331 466 4417 peccati
486 4329 656 4395 Adamitici
677 4329 918 4414 imputationem
941 4342 1030 4394 esset
1052 4330 1338 4402 communicatum3
1364 4350 1435 4393 nam
1454 4330 1508 4387 t111¹c

343 4442 510 4506 manifeste
527 4463 591 4505 non
606 4439 824 4527 indigeremus
841 4442 880 4504 ad
897 4439 1123 4505 rendssionem
1140 4453 1347 4525 peccatorum
1363 4442 1506 4526 regeneri·

450 4683 476 4764 ¹)
493 4682 538 4744 Of.
554 4682 724 4763 Pighius,
743 4682 884 4744 Oontroo.
902 4650 937 4740 de
952 4701 1032 4758 pecc.
1055 4681 1147 4757 erip„
1173 4699 1263 4755 quam
1284 4679 1416 4758 primone
1430 4657 1507 4767 W

343 4772 377 4833 in
393 4775 490 4836 cono.
522 4773 680 4835 Ratiodon.
712 4773 832 4834 Ambr.
856 4772 1044 4833 Catharin.
1061 4775 1112 4831 De
1137 4774 1227 4848 lapsa
1243 4773 1321 4832 torn.
1335 4769 1503 4849 sepaparat-

343 4886 367 4928 c.
385 4868 413 4927 6.
431 4901 475 4911 -
492 4861 518 4950 ²)
536 4863 617 4927 Sese.
634 4867 662 4926 5.
679 4868 770 4930 Dect.
787 4868 823 4925 de
836 4885 917 4943 pecc.
935 4863 1012 4940 erip.
1030 4861 1146 4945 3.-³)
1159 4863 1205 4923 Ib.
1223 4864 1302 4924 6.-
1316 4859 1395 4942 ⁴)1t.
1411 4863 1437 4922 2.
1450 4841 1502 4915 eli
