3775 5625
400 412 443 481 88

399 592 513 662 morte,
546 600 677 658 corpore
701 598 810 640 crasso
826 580 857 637 in
876 598 990 656 eorpus
1013 579 1220 659 glorificatum
1238 598 1293 639 seu
1311 581 1474 657 spirituale
1492 590 1595 641 trass-

399 700 527 761 mntato,
545 692 581 750 ad
599 691 690 749 beata
715 708 816 767 regna
836 689 1023 765 perveniret.
1055 689 1143 748 Haeo
1169 679 1218 747 est
1241 707 1359 767 quoque
1383 690 1596 769 Augustini

400 800 565 871 sententia,
583 799 633 876 qui
648 800 777 876 pulchre
794 817 860 856 rem
877 798 1012 873 exponit,
1030 798 1186 857 scribens:
1203 796 1309 859 Aliud
1322 808 1372 860 est
1383 819 1463 862 stou
1477 818 1597 878 posse

399 913 518 989 mori,
537 913 623 970 sieut
636 913 791 985 quasdam
806 917 946 968 naturas
962 910 1162 969 immortales
1178 912 1302 970 creavit
1315 909 1425 971 Deus:
1442 913 1535 971 aliud
1548 919 1599 972 est

399 1030 506 1081 autem
527 1037 641 1096 posse
665 1037 744 1079 uau
766 1020 887 1095 mori,
914 1023 1127 1078 secuudum
1150 1037 1261 1096 auem
1276 1022 1596 1098 modumprs'mus

400 1139 557 1191 creatus
579 1138 637 1189 est
650 1130 760 1189 domo
778 1130 1035 1204 immoratis,-
1062 1134 1149 1206 puad
1163 1131 1194 1188 ei
1206 1133 1438 1205 praestabatur
1450 1135 1491 1190 de
1505 1131 1594 1207 lipara

400 1242 499 1318 vitae,
524 1256 600 1299 aaa
623 1242 666 1297 de
690 1239 985 1298 constitutione
1008 1246 1251 1298 naturae-
1277 1238 1476 1300 Mortalis
1501 1258 1594 1316 arpa

401 1357 488 1409 erat
513 1348 738 1408 aauditiaue
762 1348 947 1422 carparis
970 1349 1183 1427 animalis,
1216 1349 1460 1410 immortalia
1491 1358 1598 1410 autem

401 1458 582 1529 benefici
590 1475 607 1517 a
626 1458 907 1530 eruditor·is¹).
933 1456 999 1532 Quo
1016 1458 1084 1517 loeo
1103 1458 1193 1516 simul
1210 1459 1377 1546 remedium
1393 1458 1522 1529 indicat,
1539 1478 1596 1537 qno

402 1567 554 1628 absumtis
584 1565 725 1642 eorporis
750 1566 900 1624 naturalis
926 1566 1040 1624 fuisset
1064 1566 1221 1647 impedita,
1248 1567 1370 1628 scilieet
1391 1569 1538 1628 arborem
1552 1568 1596 1629 vi·

402 1687 451 1737 tae
462 1681 504 1750 ²).
528 1675 610 1734 Alibi
625 1674 888 1733 immortalitatem
905 1674 997 1750 primi
1014 1674 1145 1733 hominis
1163 1686 1321 1752 comparat
1342 1695 1411 1737 eum
1429 1678 1596 1738 vestimen·

401 1788 442 1845 tis
469 1795 500 1844 et
526 1784 745 1844 calceamentis
767 1784 998 1854 israelitarum,
1023 1801 1100 1859 quae
1125 1786 1193 1842 Deo
1211 1786 1390 1862 providente
1408 1806 1467 1846 non
1485 1788 1598 1848 detrita

402 1907 473 1957 sunt
489 1905 535 1956 tot
551 1894 639 1955 anuis
650 1898 691 1967 ³).
716 1896 764 1952 ita
781 1894 872 1953 docet
888 1912 1006 1969 quoque
1025 1893 1256 1954 Sententiarum
1273 1895 1431 1974 Magister
1440 1900 1489 1969 ⁴),
1509 1907 1598 1975 atque

402 2006 539 2065 sentiunt
556 2004 608 2064 alii
625 2002 780 2081 Theologi
796 2002 911 2079 passim
921 2006 963 2075 ⁵).

404 2265 439 2358 ξ.
459 2266 525 2335 17.
542 2262 823 2347 paradisus,
840 2266 1101 2426 serpptatrps
1112 2267 1502 2354 protoparentum
1519 2283 1599 2337 ex·

960 2373 1049 2426 run
1080 2407 1090 2426 .

512 2580 655 2646 Tertium
677 2580 812 2668 denique
836 2585 969 2658 donum,
991 2584 1075 2669 quod
1098 2583 1381 2668 protoparentibus
1397 2584 1488 2650 Deus
1505 2583 1599 2673 largi·

407 2703 459 2757 tus
475 2692 595 2766 fuerat,
612 2703 682 2755 erat
697 2690 802 2778 gratia
818 2691 895 2767 loci,
912 2713 970 2756 seu
986 2692 1122 2757 felicitas
1139 2713 1177 2757 aa
1192 2692 1327 2757 beatitas
1344 2704 1447 2758 status
1464 2692 1600 2758 externi.

407 2801 599 2868 Habitabaut
619 2800 703 2865 enim

516 2913 545 2975 1.
562 2910 708 2975 homiues
724 2911 819 2996 primi
834 2912 866 2975 in
883 2913 957 2977 loeo
975 2913 1111 2998 quodam
1127 2912 1372 2989 amoenissimo,
1393 2926 1532 3001 quatuor
1547 2913 1601 2978 fiu-

409 3021 546 3087 minibus
568 3020 708 3107 irriguo,
731 3033 763 3085 et
786 3021 956 3086 arboribus
972 3021 1147 3086 fructiferis
1165 3022 1309 3098 consito,
1332 3022 1531 3110 aliorumque
1546 3023 1601 3088 bo·

410 3152 525 3196 riorum
542 3130 722 3204 aboridanti
739 3130 792 3215 qui
807 3131 1019 3214 paradisus
1035 3144 1181 3207 vocatur,
1197 3144 1291 3217 atque
1306 3143 1434 3216 praeter
1450 3131 1605 3220 gandium

409 3244 534 3329 largam
551 3241 700 3325 corporis
717 3253 749 3304 et
765 3240 861 3304 animi
878 3241 1047 3305 excolendi
1063 3241 1227 3307 materiam
1246 3241 1410 3307 offerebat.
1443 3242 1538 3322 Quod
1560 3239 1603 3305 di·

411 3351 508 3416 sertis
524 3348 633 3414 verbis
649 3349 811 3434 Moyses
826 3350 935 3414 refert.
967 3353 1187 3414 Plantaaerat
1210 3364 1328 3432 autem,
1353 3350 1469 3437 inquit,
1487 3353 1605 3416 Domi-

411 3483 475 3525 uus
497 3463 589 3523 Deus
607 3465 843 3538 paradisum
865 3465 1091 3538 uoluptatis
1113 3461 1302 3581 (ῙἾῺΞῙᾸ)
1326 3483 1346 3522 a
1359 3466 1527 3542 principia
1552 3460 1606 3541 (ab

413 3614 571 3694 oriente):
615 3619 655 3675 iu
686 3636 759 3693 pua
789 3621 929 3692 posuit
962 3618 1168 3697 homiuem,
1203 3636 1311 3694 paam
1339 3619 1606 3691 formaverat.

413 3729 692 3802 Prodauitpue
720 3724 916 3785 Dominus
955 3725 1061 3786 Deus
1092 3732 1137 3786 da
1168 3727 1278 3787 dumo
1312 3745 1420 3787 omae
1456 3730 1608 3804 tiquam

411 3837 623 3914 pulchrum
646 3836 750 3906 visu,
776 3843 815 3894 et
836 3839 1129 3895 adaesaeudum
1151 3854 1283 3896 suave:
1317 3838 1462 3911 lippum
1494 3839 1610 3897 etiam

414 3948 518 4007 attae
549 3947 588 4003 iu
619 3947 739 4004 media
768 3947 976 4024 paradisi,
1011 3947 1197 4023 lipnumpue
1212 3947 1367 4005 scientiae
1383 3948 1459 4005 boui
1474 3955 1510 4008 et
1523 3948 1609 4010 stati.

416 4054 642 4128 Effluos'us
662 4057 943 4129 eprediebatur
959 4059 1004 4114 de
1021 4059 1109 4115 laea
1132 4058 1353 4130 voluptatis
1369 4059 1416 4116 ad
1431 4058 1609 4134 irripue-

417 4170 502 4225 dum
523 4167 770 4242 paradisum,
797 4167 862 4240 put
886 4167 977 4224 iude
1001 4167 1197 4224 dividitur
1220 4167 1257 4223 ia
1279 4173 1451 4241 quatuor
1467 4168 1610 4241 capita.

526 4402 550 4482 ¹)
565 4405 612 4462 De
630 4402 704 4464 Gau.
721 4405 763 4462 ad
779 4402 834 4464 du.
852 4405 871 4463 l.
890 4405 918 4463 6.
935 4422 961 4463 a.
977 4404 1027 4467 25.
1043 4405 1133 4467 aed.
1151 4399 1272 4467 T.3.P.
1284 4400 1313 4463 l.
1324 4421 1349 4462 a.
1360 4397 1437 4466 210.
1448 4400 1613 4483 -²)Gen.

310 4487 315 4499 '
420 4492 452 4571 2,
470 4491 501 4556 9.
519 4528 561 4539 -
581 4494 606 4574 ³)
622 4496 670 4553 De
684 4513 763 4572 paee.
779 4513 851 4555 mar.
869 4501 897 4552 at
911 4513 983 4556 rem.
1001 4496 1019 4555 l.
1038 4497 1065 4555 1.
1084 4515 1107 4555 a.
1124 4497 1153 4556 4.
1171 4494 1209 4556 T.
1222 4489 1306 4555 10.c.
1321 4489 1437 4572 3.-⁴)
1446 4493 1557 4555 uuirt.
1566 4496 1612 4555 19.

419 4622 463 4633 -
481 4583 507 4664 ⁸)
524 4583 569 4646 cf.
586 4584 715 4644 Petav.
731 4587 778 4644 De
795 4585 872 4663 opis.
891 4586 909 4646 l.
927 4589 956 4646 2.
974 4604 997 4647 a.
1016 4587 1043 4645 6.
1057 4592 1084 4644 et
1095 4588 1121 4646 7.
1137 4588 1184 4645 De
1201 4586 1286 4647 theol.
1304 4581 1612 4661 dopm.Autv.1'fOO.

420 4677 459 4737 Τ.
476 4672 507 4738 3.
525 4697 553 4755 p.
573 4672 633 4736 171
654 4695 693 4737 ss.
719 4674 871 4755 Abetly,
897 4676 1032 4735 Medulla
1048 4678 1133 4738 theol.
1157 4678 1407 4741 Demosthene
1429 4694 1455 4734 s.
1472 4679 1503 4738 4.
1522 4680 1551 4740 1.
1568 4676 1614 4738 ed.

420 4763 850 4846 Rattsb.1839.P.1.p.172.
867 4766 1044 4841 Perrone,
1059 4768 1162 4829 Prael.
1180 4769 1266 4831 theol.
1281 4769 1329 4826 De
1344 4770 1409 4827 Deo
1427 4767 1530 4831 Oreat.
1537 4771 1576 4832 P.
1585 4771 1614 4829 3.

422 4881 448 4921 a.
465 4862 494 4920 2.
509 4877 558 4939 pr.
575 4863 603 4921 2.
620 4878 650 4920 u.
667 4859 738 4920 313.
756 4857 803 4918 ed.
820 4859 897 4918 Lov.
918 4854 1004 4920 1838
1021 4879 1061 4921 ss.
1080 4859 1117 4920 V.
1134 4855 1165 4922 3.
1182 4880 1214 4939 p.
1231 4855 1297 4921 154
1312 4879 1336 4922 s.
