3775 5625
413 431 458 521 84,

521 600 651 659 Adnot.
675 592 706 657 4.
724 596 899 675 Religionis
917 595 1020 673 origo,
1037 604 1071 653 ut
1087 613 1124 653 ex
1142 594 1233 654 dictis
1250 604 1345 669 patet,
1363 612 1402 653 ex
1417 593 1615 654 revelatione

412 710 473 769 Dei
489 707 666 768 immediata
682 716 731 765 est
746 706 923 783 repetenda.

643 948 677 1041 ξ.
704 950 771 1019 16.
795 946 1128 1018 immortalitas
1152 944 1379 1033 eorporis.

522 1157 631 1220 Altera
647 1154 769 1242 gratia,
794 1175 855 1239 qua
878 1165 1129 1239 protoparentes
1146 1172 1165 1215 a
1181 1150 1357 1215 Conditore
1374 1148 1611 1238 benignissimo

414 1265 446 1329 in
465 1286 525 1329 suo
546 1276 620 1327 ortu
645 1263 750 1327 ornati
771 1275 855 1337 sunt,
880 1275 950 1326 erat
973 1261 1208 1336 immortalitas,
1224 1260 1269 1325 ita
1284 1273 1319 1325 ut
1335 1282 1399 1324 non
1416 1271 1531 1324 essent
1546 1278 1611 1322 mo·

414 1372 517 1439 riendi
532 1372 719 1454 necessitati
736 1371 888 1456 subjecti,
906 1393 964 1435 seu
979 1373 1063 1435 hand
1080 1384 1192 1436 essent
1207 1370 1373 1446 morituri,
1390 1382 1533 1434 attamen
1549 1389 1612 1433 non

415 1504 458 1549 ex
475 1495 597 1557 natura,
608 1465 666 1548 sed
683 1502 724 1546 ex
739 1480 897 1546 beneficio
914 1479 1112 1556 conditoris,
1129 1493 1222 1566 atque
1241 1501 1279 1544 ea
1295 1481 1355 1545 suh
1373 1477 1570 1554 conditione,
1586 1476 1613 1542 si

415 1593 598 1657 mandatum
615 1591 755 1656 divinum
771 1589 980 1655 servaverint.

523 1701 678 1766 Homines
701 1699 841 1785 primos,
866 1698 953 1764 etin
976 1698 1017 1763 iis
1042 1719 1154 1764 omnes
1178 1698 1324 1785 ipsorum
1345 1710 1519 1784 posteros,
1543 1708 1613 1761 ante

415 1812 541 1895 lapsum
563 1810 764 1874 immortales
796 1809 913 1885 luisse,
937 1808 1059 1894 pariter
1084 1811 1203 1897 dogma
1224 1808 1395 1874 Ecclesiae
1427 1805 1613 1873 Catholicae

416 1918 580 1983 delinitum
607 1932 671 1995 est,
695 1940 775 2005 quae
799 1918 831 1983 in
857 1918 1014 1984 concil.
1038 1918 1280 1983 Tridentino
1305 1915 1458 1983 sancivit:
1484 1918 1614 1998 Siquis

415 2051 482 2093 non
504 2033 687 2111 confitetur,
711 2036 853 2109 primam
876 2033 1037 2092 hominem
1060 2030 1180 2111 Adam,
1205 2049 1278 2091 eant
1299 2036 1485 2091 mandatum
1501 2029 1566 2089 Dei
1581 2030 1614 2089 iu

415 2144 569 2218 paradiso
585 2142 708 2214 fuisset
722 2152 962 2220 tranaqressae,
986 2144 1093 2202 atatim
1117 2144 1318 2202 sanctitatem
1338 2149 1369 2201 et
1381 2140 1614 2218 justificastis

417 2268 483 2327 aaa
499 2254 693 2312 constitutas
706 2252 831 2331 fuerat,
847 2253 1007 2329 amisisse,
1022 2253 1265 2328 taeterrimeque
1273 2268 1334 2326 per
1346 2247 1504 2323 offensam
1514 2266 1614 2324 prae·

419 2362 633 2421 varicationie
655 2362 840 2438 hujusmodi
862 2363 961 2439 iram,
986 2372 1018 2419 et
1039 2362 1295 2436 inclamationem
1316 2360 1380 2419 Dei
1384 2403 1398 2439 ‚
1423 2367 1523 2436 atque
1545 2359 1614 2417 ideo

416 2466 1613 2549 mortem,qaamanteaiilieononeinotaefuerotDeua,-:

417 2598 446 2639 a.
465 2597 489 2639 s.
500 2580 538 2654 ¹).
570 2578 689 2660 Atque:
716 2575 758 2638 Si
780 2581 853 2654 auis
873 2577 964 2637 Adae
983 2579 1299 2655 praeuaricationem
1315 2579 1378 2637 aidi
1393 2578 1476 2654 soli,
1502 2584 1537 2637 et
1554 2593 1616 2636 noa

417 2688 488 2762 ejas
508 2690 702 2767 propaqini,
731 2690 851 2748 asserit
871 2688 1023 2746 nocuisse
1028 2708 1043 2763 ;
1067 2722 1107 2731 —
1129 2695 1189 2747 out
1207 2689 1413 2764 inquinatum
1433 2687 1530 2745 ilium
1558 2702 1617 2762 per

418 2797 843 2876 inobedientiaepeoootam,
861 2804 1024 2857 mortem
1040 2805 1079 2858 et
1089 2815 1244 2874 poenas
1259 2797 1426 2874 corpori
1434 2814 1450 2855 s
1467 2802 1617 2856 tantast

418 2907 453 2964 ia
476 2924 569 2966 omne
592 2924 696 2982 aenas
720 2907 896 2966 hamanum
921 2906 1157 2984 transfudisse,
1182 2924 1249 2966 aon
1266 2914 1373 2966 autem
1388 2913 1421 2965 et
1432 2913 1614 2982 peccatam,

418 3019 506 3090 quod
525 3032 614 3073 mors
637 3024 686 3075 est
706 3018 836 3074 animae
878 3035 907 3075 a.
925 3034 950 3075 s.
962 3013 998 3091 ²).
1032 3011 1068 3076 si
1083 3023 1188 3075 autem
1204 3033 1294 3075 mors
1312 3010 1446 3076 effectus
1463 3022 1499 3074 et
1513 3028 1617 3095 poena

418 3119 543 3203 peccati
559 3131 625 3183 est:
643 3133 716 3184 ante
733 3133 901 3205 peecatum
917 3140 1007 3184 mors
1024 3142 1089 3184 non
1105 3120 1202 3183 luerit
1217 3141 1356 3186 necesse
1372 3132 1432 3185 est.

527 3229 615 3293 Haec
630 3229 799 3294 Ecclesiae
816 3229 964 3295 doctrina

526 3342 566 3403 A.
582 3338 616 3402 in
633 3342 666 3404 S.
685 3339 894 3424 Scriptura
909 3351 1020 3424 aperte
1037 3339 1182 3403 traditur.
1207 3340 1241 3402 ld
1257 3337 1341 3403 enim

531 3446 559 3512 1.
580 3449 648 3532 jam
674 3470 716 3512 ex
736 3449 845 3512 verbis
868 3448 927 3512 Dei
956 3448 994 3512 ad
1016 3449 1172 3513 Adamum
1203 3447 1296 3512 sactis
1329 3448 1415 3511 clare
1436 3446 1617 3536 colligitur:

420 3562 462 3620 Ia
485 3579 685 3637 quocumque
709 3564 794 3620 enine
817 3565 868 3620 die
892 3563 1069 3620 comederis
1091 3580 1135 3621 ea·
1158 3580 1209 3641 eo,
1235 3570 1338 3621 morte
1360 3563 1532 3640 morieris,
1556 3555 1577 3621 i.
1593 3577 1618 3620 c.

420 3665 579 3728 moriendi
596 3665 781 3730 necessitati
797 3666 862 3730 eris
879 3665 1086 3747 obnoxius³).
1120 3668 1281 3745 Quorsum
1297 3665 1381 3729 enim
1396 3665 1518 3731 mortis
1535 3687 1619 3731 com·

420 3773 553 3838 minatio
574 3773 607 3837 in
629 3775 915 3859 praevaricationis
931 3797 1080 3862 poenam,
1097 3775 1125 3840 si
1142 3775 1237 3839 etiam
1253 3797 1318 3839 non
1335 3775 1505 3859 peccando
1523 3771 1619 3839 mori·

421 3896 513 3948 turus
537 3885 629 3947 erat?
663 3884 838 3962 Quominus
856 3898 961 3949 autem
977 3886 1076 3948 verba
1091 3886 1171 3949 haec
1188 3886 1226 3948 de
1243 3896 1348 3948 morte
1364 3883 1493 3949 animae
1510 3880 1622 3949 morali

422 4013 480 4058 seu
497 3991 670 4078 spirituali,
687 4005 720 4055 ut
736 3993 899 4080 Pelagiaui
914 3976 1082 4068 uolebant,
1099 3993 1313 4078 accipiantur,
1330 3991 1509 4078 prohibent
1524 3993 1622 4059 verba

421 4101 488 4177 illa,
505 4100 618 4187 quibus
633 4101 722 4166 Deus
739 4103 894 4167 Adamum
910 4115 987 4188 post
1002 4104 1127 4188 lapsum
1143 4101 1272 4167 affatur:
1298 4109 1341 4167 In
1362 4100 1485 4167 sudore
1510 4113 1622 4170 onitas

423 4218 472 4275 tei
487 4217 628 4274 vesceris
641 4234 738 4294 pane,
757 4220 858 4275 donee
875 4218 1105 4275 revertaris
1130 4219 1170 4275 in
1187 4226 1354 4295 terram,
1372 4220 1418 4276 de
1435 4236 1514 4294 aaa
1530 4235 1622 4278 aaut·

423 4333 476 4385 tus
490 4343 544 4384 es.-
563 4327 640 4401 qaia
654 4327 765 4401 paleis
780 4343 827 4403 ee,
852 4335 884 4384 et
899 4326 934 4383 in
947 4328 1113 4401 pulverem
1129 4328 1314 4386 reuerteris.
1346 4323 1560 4388 Nam-verbis
1575 4320 1623 4387 his

423 4429 511 4494 Deus
527 4430 684 4494 Adamum
701 4431 830 4494 damnat
845 4431 884 4493 ad
901 4450 971 4493 eam
987 4450 1133 4513 poenam,
1151 4450 1245 4514 quam
1259 4430 1304 4495 illi
1321 4431 1426 4496 iuerat
1442 4445 1522 4497 ante
1539 4452 1623 4498 com·

423 4538 571 4603 minatus.
605 4538 735 4603 Certum
751 4550 855 4601 autem
872 4550 937 4612 est,
964 4558 1099 4621 corpus,
1116 4557 1180 4601 riou
1199 4538 1353 4614 animam,
1369 4559 1412 4603 ex
1428 4541 1566 4625 pulvere
1581 4540 1624 4604 fa·

425 4660 511 4711 ctum
527 4667 613 4721 esse,
629 4658 661 4710 et
677 4667 735 4731 per
750 4659 887 4710 mortem
910 4646 942 4709 in
964 4646 1127 4729 pulverem
1158 4646 1344 4712 rediturum.
1377 4649 1519 4715 Accedit
1540 4672 1624 4714 mor·

536 4850 561 4930 ¹)
581 4849 661 4911 Sese.
679 4853 708 4909 5.
725 4852 816 4911 Deer.
834 4853 870 4907 de
884 4868 964 4926 pecc.
982 4847 1058 4924 oria.
1070 4853 1099 4910 1.
1115 4881 1152 4894 —
1174 4846 1201 4933 ²)
1219 4850 1267 4916 ΙΙ).
1284 4848 1314 4913 2.
1326 4852 1406 4932 -⁸)
1426 4851 1508 4916 Gen.
1526 4851 1558 4926 2,
1577 4850 1625 4915 ll.
