3775 5625
352 402 418 467 328

223 540 236 558 ²
349 590 379 630 e.
397 569 533 628 15-19.
551 566 590 631 Τ.
609 563 638 628 r.
657 588 681 626 ο.
699 563 888 629 937-941.
914 566 977 627 sa
992 565 1068 642 qaia
1083 574 1143 626 ue.-
1167 566 1357 643 ,omnnem
1372 567 1407 626 n
1422 569 1521 645 sams

349 680 386 719 nc
402 658 545 737 ipsius’‘l
563 656 710 728 Quaevis
726 665 771 717 est
785 656 948 734 sanpuinis
964 659 1070 735 liujus,
1087 659 1218 731 obsecro,
1233 664 1267 717 ut
1282 658 1317 717 in
1333 678 1367 718 eo
1373 658 1521 737 justificat

349 759 399 810 tur
414 749 586 809 credentes?
616 751 659 808 Et
681 748 755 824 quid
778 756 838 809 est:
874 748 1093 823 „Reconciliati
1115 769 1171 827 per
1193 755 1321 809 mortem
1345 748 1427 809 Filii
1441 751 1524 828 meu

348 845 438 902 Itane
454 860 538 913 acro,
556 860 623 900 cum
638 840 821 901 irasceretur
842 839 929 899 nobis
944 841 1029 898 Deus
1045 842 1146 910 Pater,
1164 839 1244 899 vidit
1258 848 1386 901 mortem
1402 839 1476 900 Filii
1487 842 1524 900 sui

348 931 524 1011 pronubis,
541 930 904 1009 etplacatusestnobisl
935 930 1096 1006 Numquid
1118 949 1188 1007 erpo
1219 930 1325 991 Filius
1356 935 1423 1010 ejus
1450 951 1524 1007 usqu

348 1027 423 1084 adeo
454 1022 542 1083 nobis
554 1027 558 1038 ’
564 1025 636 1101 jam
665 1024 805 1099 placatus
821 1029 900 1094 erat,
923 1028 958 1080 ut
971 1040 1029 1098 pro
1044 1021 1132 1081 nobis
1148 1022 1237 1081 etiam
1254 1022 1435 1098 dipnaretur
1447 1023 1523 1095 mori·

347 1117 443 1175 Pater
464 1131 533 1172 vero
550 1133 645 1189 usqae
668 1116 742 1173 adeo
774 1115 872 1173 adleuc
903 1112 1107 1185 irascebatur,
1130 1120 1164 1171 at
1185 1113 1249 1172 nisi
1264 1113 1371 1173 Filius
1385 1132 1442 1191 pro
1456 1114 1524 1172 nolu

347 1212 522 1277 moreretur,
537 1223 599 1263 non
613 1205 809 1282 placaretur?
826 1239 867 1248 -
885 1202 1057 1278 Numquid,
1081 1203 1145 1262 nisi
1151 1206 1223 1282 jam
1237 1206 1379 1282 placatus
1395 1212 1468 1264 esset
1478 1206 1523 1264 Pa·

349 1304 401 1369 ter,
417 1295 545 1373 proprio
561 1295 647 1354 Filio
664 1315 726 1354 non
740 1314 870 1372 parcens
889 1313 948 1371 pro
963 1294 1052 1353 nobis
1068 1314 1133 1353 eum
1149 1295 1302 1354 traderet?
1325 1298 1434 1355 Nonne
1461 1294 1523 1354 oide-

351 1395 400 1447 tur
415 1389 487 1446 leaeo
502 1385 552 1445 illi
566 1388 646 1446 celat
660 1389 788 1445 adversa
805 1405 868 1445 esse
883 1384 1055 1445 sententia?
1084 1388 1126 1444 Iu
1148 1384 1204 1445 illa
1225 1385 1358 1445 moritur
1379 1405 1436 1463 pro
1455 1385 1525 1445 nolis

347 1476 463 1547 Filius,
487 1484 514 1536 et
535 1476 750 1537 reconciliatur
770 1476 857 1536 nome
878 1479 973 1535 Pater
993 1495 1049 1553 per
1068 1483 1192 1536 mortem
1208 1479 1291 1557 ejus,·
1317 1476 1352 1536 in
1367 1480 1424 1536 leae
1438 1483 1525 1556 auum,

348 1577 497 1645 miriquam
511 1567 600 1645 prior
615 1588 671 1628 nos
687 1567 833 1628 dilexerit
845 1570 950 1637 Pater,
967 1566 1034 1644 ipse
1047 1575 1172 1645 propter
1187 1587 1243 1627 nos
1257 1567 1344 1628 Filio
1360 1588 1422 1627 non
1432 1566 1526 1643 parcit,

347 1660 414 1739 ipse
428 1678 486 1737 pro
502 1658 590 1719 nobis
606 1658 704 1719 tradit
718 1679 784 1720 eum
800 1661 841 1717 ad
854 1665 987 1718 mortem.
1012 1658 1073 1720 Sed
1090 1658 1192 1731 video,
1209 1662 1291 1734 quod
1307 1667 1335 1719 et
1350 1666 1437 1718 antea
1451 1660 1526 1717 Pater

348 1749 458 1811 einais
471 1769 536 1823 nos,
548 1769 610 1809 non
625 1752 722 1810 solum
739 1757 898 1824 uunquam
913 1767 970 1826 pro
983 1748 1070 1807 nobis
1084 1748 1189 1808 lilius
1203 1757 1380 1820 moreretur,
1396 1752 1449 1809 sed
1462 1755 1525 1808 anto

348 1862 440 1918 quam
456 1843 595 1901 conderet
613 1844 772 1911 munduca,
796 1840 864 1918 ipso
885 1845 956 1899 teste
975 1840 1134 1917 Apostolo‚
1157 1840 1210 1915 qui
1226 1840 1318 1900 dicit:
1339 1838 1446 1914 ,stoa
1459 1837 1527 1915 elep't

347 1952 403 1993 nos
419 1930 538 2009 inipso
554 1939 622 1992 ante
642 1932 749 1991 mundi
779 1930 1050 1991 constitutionem.”
1086 1932 1148 1989 Nee
1171 1931 1275 1991 Filius
1296 1934 1391 1991 Patre
1411 1930 1470 1990 sili
1481 1948 1526 1996 nou

347 2028 489 2102 parcente
512 2042 570 2100 pro
596 2022 683 2082 uobis
698 2025 778 2082 velut
798 2022 913 2081 invitus
929 2028 975 2080 est
988 2021 1136 2092 traditus,
1163 2023 1237 2098 quia
1253 2029 1281 2081 et
1296 2026 1332 2081 de
1347 2022 1417 2099 ipso
1433 2021 1525 2079 dictum

340 2120 407 2174 est:
428 2111 512 2188 ,Qui
526 2133 572 2173 me
589 2113 710 2195 allent,
727 2121 755 2172 et
769 2113 900 2173 tradidit
914 2111 1107 2190 semetipsum
1121 2132 1179 2190 pro
1194 2114 1267 2177 me.'‘
1291 2113 1403 2173 Omnia
1418 2132 1481 2189 erpo
1493 2111 1523 2169 si·

300 2257 303 2262 .
346 2207 411 2265 mul
440 2210 467 2263 ct
497 2206 599 2275 Pater,
631 2213 659 2264 et
688 2204 801 2275 lilius,
834 2211 863 2264 et
899 2206 1055 2264 amborum
1093 2202 1231 2281 Spiritus
1269 2204 1390 2282 pariter
1419 2209 1448 2264 et
1473 2222 1523 2263 con·

233 2371 236 2376 Ι
348 2295 480 2357 corditer
503 2302 665 2374 operatur;
691 2301 788 2355 tamen
802 2294 1028 2374 justificati
1059 2315 1183 2354 sumus
1214 2296 1255 2353 in
1288 2294 1437 2356 Christi
1464 2312 1522 2353 sae·

347 2386 476 2463 puina,
496 2394 526 2446 et
540 2386 789 2445 reconciliati
805 2406 930 2445 sumus
946 2388 1025 2445 Deo
1040 2404 1104 2462 per
1118 2394 1266 2447 mortem
1282 2386 1384 2445 Filii
1401 2386 1524 2463 ajunt

350 2480 498 2554 quomodo
514 2477 549 2537 id
558 2477 680 2555 factum
696 2477 749 2547 sit,
766 2484 801 2536 ut
813 2484 931 2555 potera,
949 2476 1037 2536 etiam
1052 2475 1116 2557 nte,
1133 2484 1278 2552 quautam
1293 2477 1372 2537 satis
1386 2474 1522 2545 uidebitur,

350 2567 516 2646 explicabo.
543 2567 683 2637 Quadam
690 2568 819 2646 justitia
832 2568 893 2627 Dei
908 2567 943 2626 in
957 2574 1131 2645 potestatem
1147 2568 1262 2627 diaboli
1278 2568 1426 2628 traditum
1439 2572 1478 2625 est
1486 2582 1521 2640 pe·

349 2679 408 2719 nus
423 2661 599 2733 humanum,
616 2666 736 2737 peccato
751 2659 848 2736 primi
863 2658 997 2719 leminis
1012 2658 1047 2718 in
1063 2679 1164 2719 ornnes
1187 2660 1348 2735 utriusque
1364 2678 1451 2724 senus
1465 2675 1521 2716 eon·

349 2749 496 2812 miratione
511 2758 666 2811 nascentes
682 2750 875 2828 oripinalitcr
890 2757 1079 2823 transeunte,
1096 2758 1124 2809 et
1137 2758 1297 2828 parentum
1312 2750 1476 2829 primorum
1487 2748 1521 2804 de·

349 2841 410 2902 bito
435 2839 593 2901 uniuersos
617 2850 754 2920 posteros
781 2843 938 2919 ollipante.
957 2877 1000 2886 —
1016 2842 1141 2901 Placuit
1155 2846 1237 2913 Deo,
1254 2849 1289 2901 ut
1302 2849 1427 2920 propter
1441 2857 1520 2899 eann-

350 2937 422 2993 durn
436 2933 585 2994 hominem
602 2937 638 2994 de
655 2933 771 2994 diaboli
785 2940 928 3011 potestate
944 2952 1006 2992 non
1020 2933 1155 3012 potentia
1180 2930 1334 3005 diabolus,
1361 2935 1414 2993 sed
1427 2926 1520 3011 justi

350 3024 404 3084 tia
428 3023 605 3086 vinceretur.
623 3061 667 3070 -
686 3024 770 3094 Quae
795 3031 840 3084 est
862 3024 958 3101 ipitur
974 3024 1115 3103 justitia,
1134 3045 1195 3100 qua
1209 3024 1308 3085 vietus
1324 3031 1370 3085 est
1385 3017 1522 3084 diabolus?

353 3115 450 3186 Quae,
467 3115 532 3175 nisi
538 3116 667 3194 justitia
681 3118 758 3176 Jesu
776 3115 917 3176 Christi?
934 3151 975 3161 —
995 3114 1092 3196 Quia,
1116 3136 1183 3176 cum
1198 3115 1232 3174 in
1248 3136 1280 3176 eo
1297 3116 1378 3176 nicil
1391 3121 1476 3175 morte
1487 3108 1521 3168 ‹li-

348 3227 441 3283 pnum
455 3207 614 3278 inveniret,
632 3206 743 3266 occidit
758 3228 824 3266 eum
840 3214 947 3267 tamen.
964 3210 1007 3267 Et
1020 3208 1122 3283 utique
1129 3210 1249 3286 justum
1266 3215 1322 3277 est,
1338 3213 1374 3266 ut
1388 3205 1521 3268 debitores,

351 3318 426 3374 quos
442 3300 569 3372 medat,
585 3299 674 3358 liberi
690 3298 896 3369 dimittantur,
913 3299 948 3357 in
963 3318 1029 3358 eum
1045 3301 1210 3369 eredentes,
1233 3319 1320 3375 quem
1335 3298 1402 3358 sine
1417 3299 1472 3356 ullo
1485 3294 1520 3351 u·

351 3388 412 3449 bito
428 3389 547 3449 occidit.
566 3425 606 3436 -
625 3389 678 3450 Sic
694 3389 806 3466 quippe
821 3390 855 3448 in
871 3388 1129 3450 remissionem
1146 3398 1389 3464 peccatorum
1403 3392 1521 3449 nostro

351 3500 430 3540 rum
460 3480 641 3540 innocens
672 3480 831 3556 sanpuis
855 3481 923 3540 ille
947 3480 1101 3558 effusus
1125 3488 1188 3541 est.
1207 3517 1249 3526 -
1268 3481 1521 3540 Tuncenimsan

328 3636 333 3645 ,
350 3571 437 3648 puis
460 3570 540 3644 ille,
566 3571 710 3647 quoniam
736 3574 801 3650 ejus
825 3579 902 3643 erat,
926 3573 981 3647 qui
996 3574 1112 3632 nullum
1127 3571 1232 3632 moute
1247 3572 1370 3632 omnino
1380 3575 1521 3648 peccalum

352 3664 401 3722 cd
416 3661 675 3721 remissionem
691 3670 906 3722 nostrorum
920 3664 1040 3741 fusus
1056 3671 1376 3738 estpeccatorum,
1392 3671 1441 3734 ut,
1457 3655 1523 3737 quio

354 3772 415 3812 eos
441 3752 615 3813 diabolus
638 3754 770 3814 merito
786 3757 945 3826 tenebat,
965 3774 1058 3831 quos
1069 3755 1216 3829 peccati
1231 3775 1315 3814 reos
1331 3751 1524 3815 conditione

353 3842 490 3904 mortis
516 3844 740 3916 obstrinrcit,
767 3849 834 3906 lios
856 3865 925 3921 per
953 3866 1029 3905 eum
1051 3845 1184 3906 merito
1209 3846 1431 3916 dimitteret,
1447 3855 1524 3920 cutm

353 3933 503 3993 nullius
514 3937 664 4011 peccati
678 3955 776 3997 reum
792 3937 985 3997 immerito
996 3957 1118 4012 poena
1132 3937 1266 3998 mortis
1282 3937 1431 4014 affecit.
1448 3967 1482 3982 -
1494 3929 1524 3988 1¹⁸

354 4028 410 4086 liae
433 4026 613 4086 redemtione
636 4034 819 4104 tamquam
838 4029 1002 4103 pretium
1020 4047 1093 4103 pro
1118 4028 1227 4087 nolis
1251 4031 1363 4088 datus
1387 4034 1443 4087 est
1461 4038 1522 4083 scu·

351 4115 443 4194 puis
461 4117 622 4199 Christi,
644 4139 703 4194 quo
717 4126 836 4194 accepto
853 4119 993 4179 diabolas
1009 4139 1070 4178 non
1086 4119 1200 4179 ditatus
1216 4125 1273 4189 est,
1291 4122 1345 4178 sed
1361 4119 1478 4196 licata,
1495 4111 1525 4167 ti

356 4226 424 4266 nos
449 4208 492 4266 ab
514 4210 594 4286 ejus
619 4209 779 4269 nauibus
803 4213 1045 4284 solveremur,
1061 4230 1114 4270 nee
1131 4230 1307 4286 quemquam
1324 4230 1423 4270 secum
1437 4219 1523 4268 eom,

355 4318 431 4375 quos
456 4296 598 4359 Odeistus
614 4303 651 4359 ab
668 4301 755 4360 orani
773 4302 869 4362 debito
894 4301 969 4361 liber
993 4300 1122 4361 indebite
1141 4303 1218 4380 fuso
1234 4321 1289 4360 suo
1305 4301 1451 4378 sanquine
1462 4293 1523 4356 rsit

354 4389 473 4474 misset,
491 4398 684 4465 precatorium
704 4392 817 4452 retibus
832 4393 999 4453 involutum
1015 4395 1146 4452 tralterct
1164 4396 1205 4452 ad
1227 4396 1376 4452 secundae
1391 4413 1425 4452 ac
1439 4379 1523 4459 senpi-

356 4488 457 4540 ternae
477 4482 585 4542 mortis
611 4482 752 4556 esitium,
776 4485 830 4543 sed
852 4488 995 4544 hactenus
1018 4491 1205 4544 morerentur
1221 4487 1262 4543 ad
1279 4483 1397 4544 C'nristi
1418 4475 1524 4559 profit!

351 4568 551 4646 pertinentes,
579 4575 772 4651 praecoquiti
803 4583 831 4634 et
846 4574 1070 4650 praedestinati
1101 4575 1184 4635 electi
1215 4583 1283 4634 ante
1314 4570 1524 4634 romanamet

356 4662 477 4739 mundi,
508 4670 654 4739 quatenus
674 4684 735 4741 pro
760 4665 825 4725 illis
848 4665 914 4741 ipse
928 4673 1065 4726 mortuus
1081 4673 1125 4726 est
1141 4666 1299 4737 Christus,
1317 4663 1524 4725 serenentur

357 4761 464 4829 morte,
481 4774 543 4814 non
557 4754 697 4835 spiritus,
