3775 5625
1491 416 1556 479 125

381 595 432 647 ton
445 578 625 646 sanctitatis
642 598 680 643 ae
690 576 834 663 justitiae
852 577 990 641 evehere
1007 578 1169 652 valebant,
1187 588 1296 662 utpote
1314 576 1366 662 qui
1383 578 1493 641 adres
1511 578 1555 642 di·

382 690 454 755 vinas
471 686 654 763 obcaecati,
679 688 841 750 voluntate
857 683 975 749 infirmi
992 705 1030 748 ac
1046 686 1201 769 perversi,
1218 686 1277 749 sul)
1295 685 1435 749 dominio
1452 688 1554 751 malae

381 790 655 883 eondupiseentiae,
667 795 793 870 etideo,
805 807 838 859 ut
853 794 897 858 ait
914 794 1058 859 Concil.
1071 794 1359 869 Tridentinum,
1376 798 1449 859 aad
1466 801 1556 873 ejas

377 914 576 991 potestate,
594 913 660 990 pat
675 912 818 967 mortis
835 907 974 966 deinde
988 908 1365 985 sabaitimperium,
1390 911 1461 966 too
1477 912 1554 983 eet,

380 1019 532 1091 diodoli,
550 1013 816 1102 ingemiscebant.
842 1012 921 1092 Quin
938 1012 1003 1077 imo
1020 1012 1263 1097 dependentiam
1280 1033 1372 1076 suam
1388 1033 1407 1076 a
1421 1013 1508 1087 Deo,
1525 1023 1558 1075 et

381 1144 436 1187 enm
448 1125 509 1188 hae
523 1122 715 1187 relationem
732 1134 797 1185 tunr
814 1123 853 1185 ad
870 1122 974 1186 Deum
990 1134 1056 1185 tum
1073 1124 1112 1185 ad
1130 1133 1296 1186 creaturas
1313 1142 1371 1204 per
1387 1132 1556 1205 peceatum

380 1229 593 1297 inobedientiae
617 1231 783 1318 negando,
799 1228 910 1314 sicque
931 1228 1023 1294 ideae
1045 1251 1083 1294 ac
1105 1228 1160 1294 fini
1185 1252 1244 1293 suo
1261 1231 1489 1317 repugnando,
1501 1231 1557 1313 jus

382 1338 538 1404 exsistendi
569 1341 684 1403 saltem
699 1338 877 1425 perfectum
893 1337 1116 1422 perdiderunt,
1138 1338 1257 1413 morti,
1278 1339 1310 1401 id
1327 1350 1388 1412 est,
1406 1337 1557 1423 eorporis

383 1446 578 1537 dissolutionis,
611 1457 704 1532 atque
726 1447 853 1510 interno
886 1446 1022 1511 discidio
1046 1469 1084 1511 ae
1105 1466 1229 1531 poenae
1247 1459 1398 1511 aeternae
1422 1445 1554 1510 obnoxii

384 1556 484 1622 redditi.
525 1558 618 1637 Quod
638 1568 744 1634 tamen
769 1555 916 1619 homines
938 1554 1032 1639 primi
1050 1556 1145 1620 morti
1162 1569 1255 1643 atque
1272 1554 1422 1619 miseriae
1439 1554 1555 1639 sempi-

386 1674 471 1729 ternae
497 1685 696 1751 nequaquam
719 1664 827 1728 traditi
854 1664 927 1740 sint,
949 1665 1022 1729 inde
1040 1664 1167 1729 nonnisi
1183 1665 1376 1750 explicatur,
1408 1661 1557 1748 quoniam

386 1771 457 1837 Pater
476 1774 629 1839 coelestis
649 1795 709 1860 per
728 1773 843 1837 Filium
874 1794 968 1837 suum
984 1774 1199 1861 unigenitum,
1214 1774 1247 1837 in
1264 1771 1458 1858 plenitudine
1476 1784 1553 1835 tem·

385 1880 452 1961 poris
475 1882 637 1947 hominem
661 1882 794 1956 facturn,
817 1903 921 1969 genus
943 1883 1114 1947 humanum
1137 1904 1197 1967 pro
1214 1903 1275 1947 sua
1290 1879 1414 1945 infinita
1429 1880 1554 1945 miseri·

386 1989 472 2054 cordia
487 1991 612 2055 salvare
630 1989 772 2055 decrevit
778 2014 787 2063 ;
805 2011 900 2075 quum
916 1991 1024 2065 homo,
1042 2012 1083 2054 ex
1100 2011 1197 2055 carne
1214 1988 1340 2054 infirma
1351 2008 1554 2073 unacnmpo·

385 2093 454 2173 situs,
482 2120 547 2163 non
579 2099 623 2163 ita
649 2119 667 2162 a
687 2099 758 2163 Deo
780 2119 816 2162 se
843 2098 1004 2172 avulserit,
1021 2112 1056 2163 ut
1071 2100 1110 2163 ad
1127 2102 1231 2164 lucem
1254 2098 1469 2184 poenitentiae
1491 2119 1555 2162 non

385 2217 474 2297 posset
487 2205 618 2280 adduci,
642 2226 707 2268 non
729 2218 792 2269 tam
809 2203 941 2290 proprii
958 2227 1052 2291 quarn
1068 2204 1171 2271 alieni
1186 2204 1306 2271 malitiis
1326 2218 1510 2291 prostratus
1518 2212 1555 2286 ¹).

385 2308 455 2387 tuot
470 2326 501 2379 et
515 2313 812 2400 protoparentibus,
829 2326 864 2377 nt
880 2315 919 2378 ad
936 2316 1085 2379 solatium
1102 2328 1134 2380 et
1150 2315 1293 2380 officium
1309 2338 1423 2381 rursus
1435 2315 1554 2380 excita·

385 2433 481 2499 rentur,
500 2425 597 2487 Pater
618 2421 871 2510 benignissimus
899 2423 1116 2498 annuntiavit,
1137 2425 1178 2487 ad
1193 2436 1377 2508 serpentem
1393 2424 1477 2488 inter
1494 2423 1554 2487 alia

387 2524 490 2596 dicens:
506 2535 703 2595 Inimicitiae
716 2554 839 2613 ponam
856 2540 942 2595 inter
960 2542 1005 2607 te,
1027 2542 1059 2596 et
1073 2536 1256 2615 mulierem,
1274 2542 1307 2596 et
1321 2556 1431 2596 semen
1448 2542 1551 2612 taum,

386 2642 518 2705 eleemon
538 2639 648 2704 iltius.-
665 2648 754 2722 tpaa
777 2649 959 2703 conteret
982 2649 1108 2723 caput
1126 2650 1249 2721 taam,
1268 2649 1307 2703 et
1321 2649 1362 2703 ta
1377 2645 1554 2705 insidia·

386 2742 470 2813 tersa
486 2753 677 2814 calcaneo
695 2754 797 2828 ejas.

446 2864 600 2923 'lldnot
620 2858 650 2924 1.
676 2863 715 2922 Ut
730 2863 869 2923 homines
890 2863 980 2940 primi
1002 2884 1037 2923 eo
1065 2865 1177 2923 lortius
1203 2864 1401 2924 atrocitatem
1433 2866 1553 2941 peccati

385 2969 525 3042 sentirent,
543 2973 682 3049 serpenti
698 2991 818 3050 quoqne
835 2974 993 3033 seductori
1009 2993 1137 3050 poenam
1155 2974 1230 3033 dicit
1245 2975 1349 3032 Deua:
1391 2970 1478 3045 oasa
1496 2975 1555 3052 sc-

384 3073 441 3136 tltd'
457 3083 532 3152 aaa,
557 3081 803 3141 maledictae
823 3100 863 3141 es
883 3087 991 3141 irater
1013 3087 1146 3142 omnia
1166 3086 1408 3159 animantia,
1432 3088 1471 3141 et
1493 3083 1556 3141 be·

382 3184 470 3248 ⁸ldae
490 3195 652 3250 terrae:
674 3210 794 3268 super·
815 3196 963 3268 pectas
986 3195 1095 3250 tuam
1108 3191 1333 3266 praelieris,
1351 3195 1556 3250 etterram

383 3299 547 3358 comedes
577 3304 734 3359 canetis
765 3300 905 3359 diadas
936 3304 1044 3360 vitae
1067 3301 1203 3375 taaffl).
1228 3299 1312 3373 Quae
1330 3301 1426 3358 verba
1443 3300 1505 3369 alii,
1522 3309 1556 3358 ut

380 3393 600 3480 Augustinus
618 3417 656 3466 et
673 3408 894 3486 Gregorius
911 3410 966 3478 Μ.,
983 3417 1100 3466 tanturn
1118 3409 1155 3466 ad
1173 3409 1324 3467 diabolum
1342 3409 1493 3477 referunt,
1512 3418 1555 3467 at·

381 3516 427 3576 lut
446 3515 480 3574 de
497 3526 582 3575 statu
601 3517 667 3592 ejus
685 3517 799 3576 misero
817 3527 848 3576 et
869 3517 989 3592 abjecto
1011 3518 1278 3593 interpretantur,
1310 3518 1362 3594 qni
1383 3517 1555 3577 hominibus

380 3624 458 3692 teque
489 3626 656 3702 despectus
688 3635 779 3702 atque
801 3644 915 3684 exosus
942 3627 994 3696 ait,
1017 3645 1053 3686 nc
1075 3644 1206 3702 serpens
1229 3627 1357 3703 reliquis
1375 3625 1555 3685 animalibus

379 3713 526 3802 despectus
559 3744 590 3793 et
622 3753 735 3793 exosus
754 3744 811 3804 est,
829 3736 872 3793 ita
889 3744 922 3792 nt
939 3736 1159 3811 expressiones
1176 3736 1258 3804 illae,
1276 3736 1443 3810 syrnbolice
1460 3736 1555 3793 inter·

374 3836 547 3923 imendae,
579 3843 767 3902 solummodo
789 3843 825 3901 de
849 3853 994 3919 serpente
1020 3853 1174 3903 mutuatae
1201 3844 1310 3920 sint4).
1341 3844 1402 3901 Alii
1419 3862 1505 3912 vero,
1523 3852 1556 3901 ut

374 3927 668 4024 chrysostomus
702 3961 733 4010 et
764 3950 1054 4021 Theodoretns,
1078 3961 1200 4031 putant,
1222 3954 1318 4010 verba
1340 3953 1393 4009 illa
1410 3952 1500 4010 simul
1518 3952 1555 4009 ad

365 4032 513 4152 Qatnu
530 4069 563 4118 et
579 4070 767 4136 serpentem,
785 4079 843 4136 qno
861 4069 894 4119 ut
910 4060 1117 4120 instrumento
1143 4061 1209 4137 ipse
1233 4080 1309 4120 nsua
1330 4061 1383 4130 sit,
1400 4070 1554 4136 spectare,

362 4148 395 4205 ¹¹⁴
416 4176 471 4249 ut,
493 4187 571 4246 qnae
588 4179 657 4228 erat
678 4168 769 4243 hujus
787 4177 916 4227 staturae
942 4170 1093 4238 conditio,
1115 4170 1145 4227 in
1167 4189 1295 4247 poenam
1313 4169 1485 4238 transierit,
1504 4178 1556 4227 aut

356 4253 471 4334 'sstem
501 4295 539 4334 ex
562 4287 651 4352 parte
673 4279 832 4335 immutata
853 4286 884 4334 et
906 4278 1043 4336 deterior
1067 4280 1178 4337 effecta
1195 4280 1246 4348 sit,
1264 4296 1321 4354 quo
1340 4278 1440 4356 magis
1458 4279 1554 4352 turpi·

351 4358 431 4433 ”¹⁶0
456 4393 487 4442 et
515 4386 655 4463 gravitas
672 4385 793 4461 peceati
809 4386 974 4445 inanitasta
995 4387 1194 4456 redderetur;
1226 4387 1275 4445 eui
1300 4386 1354 4443 fini
1375 4387 1442 4445 sine
1466 4385 1554 4443 dubio

346 4515 580 4564 &—

345 4691 356 4724 s
468 4643 499 4710 1)
517 4635 562 4699 Of.
580 4636 724 4716 Gregor
740 4637 782 4697 M.
800 4638 880 4698 Mor.
898 4639 916 4697 l.
933 4640 963 4699 4.
987 4657 1012 4697 o.
1038 4641 1068 4702 3.
1108 4637 1188 4717 Opp.
1222 4633 1260 4698 T.
1284 4634 1313 4701 1.
1345 4658 1370 4696 c.
1404 4632 1478 4697 108.
1511 4669 1555 4682 -·-

349 4696 489 4852 Itonos.
507 4723 538 4797 s,
558 4724 607 4788 rs.
644 4762 684 4770 -
718 4722 745 4811 3)
763 4725 840 4788 oen.
858 4725 888 4802 s,
908 4724 959 4789 14.
988 4762 1028 4774 -
1055 4728 1081 4808 ⁴)
1103 4726 1147 4787 of.
1164 4728 1215 4788 ΡΒ.
1232 4724 1287 4799 43,
1305 4723 1358 4788 25.
1382 4725 1434 4784 ss.
1455 4722 1505 4796 n,
1523 4722 1554 4787 9.

406 4806 442 4888 l,
458 4813 508 4878 10.
533 4818 574 4880 Is.
592 4815 647 4890 49,
665 4815 717 4878 23.
735 4815 830 4896 Apoc.
852 4815 902 4894 12,
919 4816 949 4880 9.
