<?xml version="1.0" encoding="UTF-8"?>
<!DOCTYPE html PUBLIC "-//W3C//DTD XHTML 1.0 Transitional//EN"
    "http://www.w3.org/TR/xhtml1/DTD/xhtml1-transitional.dtd">
<html xmlns="http://www.w3.org/1999/xhtml" xml:lang="en" lang="en">
 <head>
  <title>
</title>
<meta http-equiv="Content-Type" content="text/html;charset=utf-8" />
  <meta name='ocr-system' content='tesseract 3.04.00' />
  <meta name='ocr-capabilities' content='ocr_page ocr_carea ocr_par ocr_line ocrx_word'/>
</head>
<body>
  <div class='ocr_page' id='page_1' title='image "./theologiadogmat00schwgoog/theologiadogmat00schwgoog_0510.png"; bbox 0 0 3775 5625; ppageno 0'>
   <div class='ocr_carea' id='block_1_1' title="bbox 340 401 408 480">
    <p class='ocr_par' dir='ltr' id='par_1_1' title="bbox 340 401 408 480">
     <span class='ocr_line' id='line_1_1' title="bbox 340 401 408 480; baseline -0.029 0"><span class='ocrx_word' id='word_1_1' title='bbox 340 401 408 480; x_wconf 78' lang='lat' dir='ltr'><strong>tet</strong></span> 
     </span>
    </p>
   </div>
   <div class='ocr_carea' id='block_1_2' title="bbox 344 572 1533 1102">
    <p class='ocr_par' dir='ltr' id='par_1_2' title="bbox 344 572 1533 1102">
     <span class='ocr_line' id='line_1_2' title="bbox 449 572 1530 663; baseline -0.001 -22"><span class='ocrx_word' id='word_1_2' title='bbox 449 572 622 642; x_wconf 85' lang='lat' dir='ltr'><strong>Successio</strong></span> <span class='ocrx_word' id='word_1_3' title='bbox 639 574 762 640; x_wconf 89' lang='lat' dir='ltr'><strong>illarum</strong></span> <span class='ocrx_word' id='word_1_4' title='bbox 779 574 944 651; x_wconf 81' lang='lat' dir='ltr'><strong>virtnttnn,</strong></span> <span class='ocrx_word' id='word_1_5' title='bbox 962 597 1041 661; x_wconf 90' lang='lat' dir='ltr'><strong>quae</strong></span> <span class='ocrx_word' id='word_1_6' title='bbox 1057 575 1219 643; x_wconf 80' lang='lat' dir='ltr'>excitante</span> <span class='ocrx_word' id='word_1_7' title='bbox 1236 591 1268 643; x_wconf 90' lang='lat' dir='ltr'><strong>et</strong></span> <span class='ocrx_word' id='word_1_8' title='bbox 1286 579 1457 663; x_wconf 77' lang='lat' dir='ltr'><strong>adjurante</strong></span> <span class='ocrx_word' id='word_1_9' title='bbox 1477 576 1530 641; x_wconf 88' lang='lat' dir='ltr'><strong>Dei</strong></span> 
     </span>
     <span class='ocr_line' id='line_1_3' title="bbox 345 686 1530 775; baseline -0.001 -25"><span class='ocrx_word' id='word_1_10' title='bbox 345 686 450 775; x_wconf 86' lang='lat' dir='ltr'><strong>gratia</strong></span> <span class='ocrx_word' id='word_1_11' title='bbox 465 686 496 749; x_wconf 92' lang='lat' dir='ltr'><strong>in</strong></span> <span class='ocrx_word' id='word_1_12' title='bbox 513 699 685 772; x_wconf 78' lang='lat' dir='ltr'><strong>peccatore</strong></span> <span class='ocrx_word' id='word_1_13' title='bbox 708 698 916 760; x_wconf 86' lang='lat' dir='ltr'><strong>enascuntur,</strong></span> <span class='ocrx_word' id='word_1_14' title='bbox 939 699 1107 770; x_wconf 83' lang='lat' dir='ltr'><strong>attteqnam</strong></span> <span class='ocrx_word' id='word_1_15' title='bbox 1125 687 1280 770; x_wconf 87' lang='lat' dir='ltr'><strong>justitiam</strong></span> <span class='ocrx_word' id='word_1_16' title='bbox 1301 688 1406 771; x_wconf 85' lang='lat' dir='ltr'><strong>ipsam</strong></span> <span class='ocrx_word' id='word_1_17' title='bbox 1424 709 1530 751; x_wconf 89' lang='lat' dir='ltr'><strong>eonse-</strong></span> 
     </span>
     <span class='ocr_line' id='line_1_4' title="bbox 344 795 1532 884; baseline -0.001 -24"><span class='ocrx_word' id='word_1_18' title='bbox 344 810 468 884; x_wconf 85' lang='lat' dir='ltr'><strong>quatur,</strong></span> <span class='ocrx_word' id='word_1_19' title='bbox 485 800 567 858; x_wconf 84' lang='lat' dir='ltr'><strong>ordo</strong></span> <span class='ocrx_word' id='word_1_20' title='bbox 575 802 831 878; x_wconf 73' lang='lat' dir='ltr'><strong>justificationis</strong></span> <span class='ocrx_word' id='word_1_21' title='bbox 848 795 942 859; x_wconf 77' lang='lat' dir='ltr'><strong>audit,</strong></span> <span class='ocrx_word' id='word_1_22' title='bbox 969 795 1116 860; x_wconf 86' lang='lat' dir='ltr'><strong>Ceterum</strong></span> <span class='ocrx_word' id='word_1_23' title='bbox 1133 797 1217 859; x_wconf 87' lang='lat' dir='ltr'><strong>haud</strong></span> <span class='ocrx_word' id='word_1_24' title='bbox 1232 810 1283 860; x_wconf 90' lang='lat' dir='ltr'><strong>est</strong></span> <span class='ocrx_word' id='word_1_25' title='bbox 1299 798 1532 869; x_wconf 85' lang='lat' dir='ltr'><strong>antumaudum,</strong></span> 
     </span>
     <span class='ocr_line' id='line_1_5' title="bbox 346 905 1533 979; baseline -0.005 -5"><span class='ocrx_word' id='word_1_26' title='bbox 346 908 524 974; x_wconf 83' lang='lat' dir='ltr'>Concilium</span> <span class='ocrx_word' id='word_1_27' title='bbox 555 905 701 970; x_wconf 83' lang='lat' dir='ltr'><strong>ordinem</strong></span> <span class='ocrx_word' id='word_1_28' title='bbox 732 906 819 969; x_wconf 89' lang='lat' dir='ltr'><strong>illum</strong></span> <span class='ocrx_word' id='word_1_29' title='bbox 849 905 893 968; x_wconf 90' lang='lat' dir='ltr'><strong>ita</strong></span> <span class='ocrx_word' id='word_1_30' title='bbox 920 918 1121 969; x_wconf 76' lang='lat' dir='ltr'><strong>constantem</strong></span> <span class='ocrx_word' id='word_1_31' title='bbox 1144 927 1182 969; x_wconf 89' lang='lat' dir='ltr'><strong>ac</strong></span> <span class='ocrx_word' id='word_1_32' title='bbox 1215 906 1362 970; x_wconf 89' lang='lat' dir='ltr'><strong>stabilem</strong></span> <span class='ocrx_word' id='word_1_33' title='bbox 1383 906 1533 979; x_wconf 89' lang='lat' dir='ltr'><strong>tenuisse,</strong></span> 
     </span>
     <span class='ocr_line' id='line_1_6' title="bbox 345 1013 1533 1102; baseline -0.001 -21"><span class='ocrx_word' id='word_1_34' title='bbox 345 1017 436 1102; x_wconf 84' lang='lat' dir='ltr'><strong>quasi</strong></span> <span class='ocrx_word' id='word_1_35' title='bbox 452 1038 516 1080; x_wconf 89' lang='lat' dir='ltr'><strong>non</strong></span> <span class='ocrx_word' id='word_1_36' title='bbox 533 1015 594 1078; x_wconf 89' lang='lat' dir='ltr'><strong>alio</strong></span> <span class='ocrx_word' id='word_1_37' title='bbox 613 1014 724 1079; x_wconf 93' lang='lat' dir='ltr'><strong>ordine</strong></span> <span class='ocrx_word' id='word_1_38' title='bbox 741 1014 876 1078; x_wconf 89' lang='lat' dir='ltr'><strong>virtutes</strong></span> <span class='ocrx_word' id='word_1_39' title='bbox 893 1013 965 1077; x_wconf 90' lang='lat' dir='ltr'><strong>illae</strong></span> <span class='ocrx_word' id='word_1_40' title='bbox 982 1016 1168 1099; x_wconf 81' lang='lat' dir='ltr'><strong>quandoque</strong></span> <span class='ocrx_word' id='word_1_41' title='bbox 1185 1037 1221 1079; x_wconf 89' lang='lat' dir='ltr'><strong>se</strong></span> <span class='ocrx_word' id='word_1_42' title='bbox 1237 1015 1389 1099; x_wconf 84' lang='lat' dir='ltr'><strong>excipere</strong></span> <span class='ocrx_word' id='word_1_43' title='bbox 1400 1015 1533 1099; x_wconf 86' lang='lat' dir='ltr'><strong>possint.</strong></span> 
     </span>
    </p>
   </div>
   <div class='ocr_carea' id='block_1_3' title="bbox 343 1123 1540 2065">
    <p class='ocr_par' dir='ltr' id='par_1_3' title="bbox 343 1123 1540 2065">
     <span class='ocr_line' id='line_1_7' title="bbox 346 1123 1532 1210; baseline -0.003 -20"><span class='ocrx_word' id='word_1_44' title='bbox 346 1126 402 1191; x_wconf 88' lang='lat' dir='ltr'><strong>Sic</strong></span> <span class='ocrx_word' id='word_1_45' title='bbox 418 1147 495 1190; x_wconf 90' lang='lat' dir='ltr'><strong>sane</strong></span> <span class='ocrx_word' id='word_1_46' title='bbox 513 1147 589 1209; x_wconf 92' lang='lat' dir='ltr'><strong>spes</strong></span> <span class='ocrx_word' id='word_1_47' title='bbox 606 1125 800 1210; x_wconf 81' lang='lat' dir='ltr'><strong>praecedere</strong></span> <span class='ocrx_word' id='word_1_48' title='bbox 818 1136 925 1208; x_wconf 90' lang='lat' dir='ltr'><strong>potest</strong></span> <span class='ocrx_word' id='word_1_49' title='bbox 943 1123 1099 1197; x_wconf 89' lang='lat' dir='ltr'><strong>timorem,</strong></span> <span class='ocrx_word' id='word_1_50' title='bbox 1116 1126 1165 1187; x_wconf 82' lang='lat' dir='ltr'><strong>vel</strong></span> <span class='ocrx_word' id='word_1_51' title='bbox 1182 1126 1277 1188; x_wconf 83' lang='lat' dir='ltr'><strong>lromo</strong></span> <span class='ocrx_word' id='word_1_52' title='bbox 1295 1128 1389 1209; x_wconf 84' lang='lat' dir='ltr'><strong>plane</strong></span> <span class='ocrx_word' id='word_1_53' title='bbox 1407 1146 1450 1189; x_wconf 84' lang='lat' dir='ltr'><strong>ex</strong></span> <span class='ocrx_word' id='word_1_54' title='bbox 1466 1126 1532 1188; x_wconf 80' lang='lat' dir='ltr'><strong>clia·</strong></span> 
     </span>
     <span class='ocr_line' id='line_1_8' title="bbox 344 1232 1535 1319; baseline 0 -23"><span class='ocrx_word' id='word_1_55' title='bbox 344 1235 438 1299; x_wconf 90' lang='lat' dir='ltr'><strong>ritate</strong></span> <span class='ocrx_word' id='word_1_56' title='bbox 460 1233 565 1319; x_wconf 91' lang='lat' dir='ltr'><strong>prius,</strong></span> <span class='ocrx_word' id='word_1_57' title='bbox 599 1256 691 1318; x_wconf 86' lang='lat' dir='ltr'><strong>qnam</strong></span> <span class='ocrx_word' id='word_1_58' title='bbox 715 1233 845 1307; x_wconf 87' lang='lat' dir='ltr'><strong>timore,</strong></span> <span class='ocrx_word' id='word_1_59' title='bbox 863 1232 936 1296; x_wconf 93' lang='lat' dir='ltr'><strong>odio</strong></span> <span class='ocrx_word' id='word_1_60' title='bbox 956 1233 1079 1316; x_wconf 86' lang='lat' dir='ltr'><strong>peccati</strong></span> <span class='ocrx_word' id='word_1_61' title='bbox 1096 1234 1228 1317; x_wconf 89' lang='lat' dir='ltr'><strong>repleri,</strong></span> <span class='ocrx_word' id='word_1_62' title='bbox 1246 1248 1278 1298; x_wconf 91' lang='lat' dir='ltr'><strong>et</strong></span> <span class='ocrx_word' id='word_1_63' title='bbox 1295 1235 1378 1299; x_wconf 73' lang='lat' dir='ltr'><strong>litae</strong></span> <span class='ocrx_word' id='word_1_64' title='bbox 1397 1234 1535 1298; x_wconf 90' lang='lat' dir='ltr'><strong>melioris</strong></span> 
     </span>
     <span class='ocr_line' id='line_1_9' title="bbox 345 1342 1534 1429; baseline -0.001 -23"><span class='ocrx_word' id='word_1_65' title='bbox 345 1344 547 1429; x_wconf 89' lang='lat' dir='ltr'><strong>propositum</strong></span> <span class='ocrx_word' id='word_1_66' title='bbox 571 1364 697 1426; x_wconf 90' lang='lat' dir='ltr'><strong>capere.</strong></span> <span class='ocrx_word' id='word_1_67' title='bbox 720 1345 809 1405; x_wconf 84' lang='lat' dir='ltr'><strong>Nom</strong></span> <span class='ocrx_word' id='word_1_68' title='bbox 832 1351 887 1423; x_wconf 82' lang='lat' dir='ltr'><strong>qut</strong></span> <span class='ocrx_word' id='word_1_69' title='bbox 897 1388 909 1420; x_wconf 83' lang='grc'>,</span> <span class='ocrx_word' id='word_1_70' title='bbox 936 1354 970 1404; x_wconf 94' lang='lat' dir='ltr'><strong>ut</strong></span> <span class='ocrx_word' id='word_1_71' title='bbox 991 1342 1033 1405; x_wconf 89' lang='lat' dir='ltr'><strong>ait</strong></span> <span class='ocrx_word' id='word_1_72' title='bbox 1049 1342 1312 1428; x_wconf 79' lang='lat' dir='ltr'><strong>Augustinus,</strong></span> <span class='ocrx_word' id='word_1_73' title='bbox 1329 1352 1419 1406; x_wconf 84' lang='lat' dir='ltr'><strong>recte</strong></span> <span class='ocrx_word' id='word_1_74' title='bbox 1437 1353 1534 1420; x_wconf 70' lang='lat' dir='ltr'><strong>attint,</strong></span> 
     </span>
     <span class='ocr_line' id='line_1_10' title="bbox 343 1452 1534 1537; baseline -0.001 -21"><span class='ocrx_word' id='word_1_75' title='bbox 343 1457 579 1535; x_wconf 78' lang='lat' dir='ltr'><strong>proculdubio</strong></span> <span class='ocrx_word' id='word_1_76' title='bbox 598 1458 809 1531; x_wconf 76' lang='lat' dir='ltr'><strong>rectorredtt,</strong></span> <span class='ocrx_word' id='word_1_77' title='bbox 821 1462 854 1513; x_wconf 84' lang='lat' dir='ltr'><strong>et</strong></span> <span class='ocrx_word' id='word_1_78' title='bbox 867 1459 1027 1532; x_wconf 62' lang='lat' dir='ltr'><strong>sperem.</strong></span> <span class='ocrx_word' id='word_1_79' title='bbox 1045 1454 1148 1535; x_wconf 85' lang='lat' dir='ltr'><strong>Atque</strong></span> <span class='ocrx_word' id='word_1_80' title='bbox 1166 1452 1362 1537; x_wconf 89' lang='lat' dir='ltr'><strong>Discipulos,</strong></span> <span class='ocrx_word' id='word_1_81' title='bbox 1380 1475 1477 1537; x_wconf 91' lang='lat' dir='ltr'><strong>quem</strong></span> <span class='ocrx_word' id='word_1_82' title='bbox 1495 1453 1534 1515; x_wconf 95' lang='lat' dir='ltr'><strong>di-</strong></span> 
     </span>
     <span class='ocr_line' id='line_1_11' title="bbox 349 1560 1537 1648; baseline -0.002 -23"><span class='ocrx_word' id='word_1_83' title='bbox 349 1562 469 1648; x_wconf 79' lang='lat' dir='ltr'><strong>ligeltat</strong></span> <span class='ocrx_word' id='word_1_84' title='bbox 491 1561 663 1635; x_wconf 86' lang='lat' dir='ltr'><strong>Dominus,</strong></span> <span class='ocrx_word' id='word_1_85' title='bbox 690 1560 816 1626; x_wconf 80' lang='lat' dir='ltr'><strong>scribit:</strong></span> <span class='ocrx_word' id='word_1_86' title='bbox 849 1564 1012 1635; x_wconf 78' lang='lat' dir='ltr'><strong>Perfecta</strong></span> <span class='ocrx_word' id='word_1_87' title='bbox 1038 1567 1185 1623; x_wconf 76' lang='lat' dir='ltr'><strong>charitas·</strong></span> <span class='ocrx_word' id='word_1_88' title='bbox 1207 1567 1309 1637; x_wconf 81' lang='lat' dir='ltr'><strong>forae</strong></span> <span class='ocrx_word' id='word_1_89' title='bbox 1324 1571 1427 1624; x_wconf 83' lang='lat' dir='ltr'><strong>mttttt</strong></span> <span class='ocrx_word' id='word_1_90' title='bbox 1442 1571 1537 1625; x_wconf 77' lang='lat' dir='ltr'><strong>linto-</strong></span> 
     </span>
     <span class='ocr_line' id='line_1_12' title="bbox 345 1670 1538 1757; baseline 0.001 -24"><span class='ocrx_word' id='word_1_91' title='bbox 345 1677 461 1750; x_wconf 74' lang='lat' dir='ltr'><strong>retn2).</strong></span> <span class='ocrx_word' id='word_1_92' title='bbox 501 1670 697 1757; x_wconf 80' lang='lat' dir='ltr'><strong>Designatus</strong></span> <span class='ocrx_word' id='word_1_93' title='bbox 722 1683 825 1734; x_wconf 88' lang='lat' dir='ltr'><strong>tamen</strong></span> <span class='ocrx_word' id='word_1_94' title='bbox 850 1671 930 1733; x_wconf 90' lang='lat' dir='ltr'><strong>ordo</strong></span> <span class='ocrx_word' id='word_1_95' title='bbox 947 1671 1131 1754; x_wconf 87' lang='lat' dir='ltr'><strong>plerumque</strong></span> <span class='ocrx_word' id='word_1_96' title='bbox 1155 1670 1261 1733; x_wconf 90' lang='lat' dir='ltr'><strong>locum</strong></span> <span class='ocrx_word' id='word_1_97' title='bbox 1278 1672 1413 1745; x_wconf 87' lang='lat' dir='ltr'><strong>obtinet,</strong></span> <span class='ocrx_word' id='word_1_98' title='bbox 1431 1684 1538 1755; x_wconf 84' lang='lat' dir='ltr'><strong>utpote</strong></span> 
     </span>
     <span class='ocr_line' id='line_1_13' title="bbox 346 1780 1539 1866; baseline -0.002 -22"><span class='ocrx_word' id='word_1_99' title='bbox 346 1781 378 1844; x_wconf 95' lang='lat' dir='ltr'><strong>in</strong></span> <span class='ocrx_word' id='word_1_100' title='bbox 403 1780 473 1865; x_wconf 89' lang='lat' dir='ltr'><strong>ipsa</strong></span> <span class='ocrx_word' id='word_1_101' title='bbox 495 1793 606 1843; x_wconf 89' lang='lat' dir='ltr'><strong>natura</strong></span> <span class='ocrx_word' id='word_1_102' title='bbox 626 1793 738 1843; x_wconf 89' lang='lat' dir='ltr'><strong>nostra</strong></span> <span class='ocrx_word' id='word_1_103' title='bbox 754 1781 912 1842; x_wconf 81' lang='lat' dir='ltr'><strong>lundatus.</strong></span> <span class='ocrx_word' id='word_1_104' title='bbox 953 1781 1082 1863; x_wconf 83' lang='lat' dir='ltr'><strong>Exque</strong></span> <span class='ocrx_word' id='word_1_105' title='bbox 1101 1792 1196 1862; x_wconf 84' lang='lat' dir='ltr'><strong>patet,</strong></span> <span class='ocrx_word' id='word_1_106' title='bbox 1214 1782 1399 1866; x_wconf 86' lang='lat' dir='ltr'><strong>dogmatice</strong></span> <span class='ocrx_word' id='word_1_107' title='bbox 1419 1793 1539 1845; x_wconf 87' lang='lat' dir='ltr'><strong>certum</strong></span> 
     </span>
     <span class='ocr_line' id='line_1_14' title="bbox 347 1887 1540 1977; baseline -0.002 -23"><span class='ocrx_word' id='word_1_108' title='bbox 347 1911 431 1965; x_wconf 88' lang='lat' dir='ltr'><strong>esse,</strong></span> <span class='ocrx_word' id='word_1_109' title='bbox 449 1889 517 1953; x_wconf 86' lang='lat' dir='ltr'><strong>dari</strong></span> <span class='ocrx_word' id='word_1_110' title='bbox 529 1889 675 1953; x_wconf 83' lang='lat' dir='ltr'><strong>ordinem</strong></span> <span class='ocrx_word' id='word_1_111' title='bbox 686 1888 940 1973; x_wconf 85' lang='lat' dir='ltr'><strong>justificationis,</strong></span> <span class='ocrx_word' id='word_1_112' title='bbox 958 1887 1104 1952; x_wconf 84' lang='lat' dir='ltr'><strong>ordinem</strong></span> <span class='ocrx_word' id='word_1_113' title='bbox 1121 1902 1224 1952; x_wconf 88' lang='lat' dir='ltr'><strong>autem</strong></span> <span class='ocrx_word' id='word_1_114' title='bbox 1235 1889 1340 1973; x_wconf 91' lang='lat' dir='ltr'><strong>ipsum</strong></span> <span class='ocrx_word' id='word_1_115' title='bbox 1357 1891 1540 1977; x_wconf 81' lang='lat' dir='ltr'><strong>dogmatice</strong></span> 
     </span>
     <span class='ocr_line' id='line_1_15' title="bbox 347 1999 692 2065; baseline 0 -2"><span class='ocrx_word' id='word_1_116' title='bbox 347 1999 510 2065; x_wconf 90' lang='lat' dir='ltr'><strong>delinitum</strong></span> <span class='ocrx_word' id='word_1_117' title='bbox 527 2022 590 2062; x_wconf 93' lang='lat' dir='ltr'><strong>non</strong></span> <span class='ocrx_word' id='word_1_118' title='bbox 608 2020 692 2063; x_wconf 90' lang='lat' dir='ltr'><strong>esse.</strong></span> 
     </span>
    </p>
   </div>
   <div class='ocr_carea' id='block_1_4' title="bbox 349 2270 1542 2559">
    <p class='ocr_par' dir='ltr' id='par_1_4' title="bbox 349 2270 1542 2559">
     <span class='ocr_line' id='line_1_16' title="bbox 349 2270 1541 2358; baseline -0.001 -18"><span class='ocrx_word' id='word_1_119' title='bbox 349 2274 374 2356; x_wconf 62' lang='grc' dir='ltr'><strong>ξ.</strong></span> <span class='ocrx_word' id='word_1_120' title='bbox 393 2272 488 2342; x_wconf 78' lang='grc'><strong>113.</strong></span> <span class='ocrx_word' id='word_1_121' title='bbox 521 2275 577 2339; x_wconf 83' lang='lat' dir='ltr'><strong>ut</strong></span> <span class='ocrx_word' id='word_1_122' title='bbox 609 2270 796 2357; x_wconf 87' lang='lat' dir='ltr'><strong>quidem</strong></span> <span class='ocrx_word' id='word_1_123' title='bbox 825 2270 1100 2341; x_wconf 81' lang='lat' dir='ltr'><strong>necessaria</strong></span> <span class='ocrx_word' id='word_1_124' title='bbox 1124 2276 1197 2339; x_wconf 86' lang='lat' dir='ltr'><strong>est</strong></span> <span class='ocrx_word' id='word_1_125' title='bbox 1226 2276 1260 2355; x_wconf 81' lang='lat' dir='ltr'><strong>o)</strong></span> <span class='ocrx_word' id='word_1_126' title='bbox 1282 2273 1423 2354; x_wconf 65' lang='lat' dir='ltr'><strong>lilioso,</strong></span> <span class='ocrx_word' id='word_1_127' title='bbox 1451 2291 1541 2358; x_wconf 86' lang='lat' dir='ltr'><strong>qua</strong></span> 
     </span>
     <span class='ocr_line' id='line_1_17' title="bbox 349 2379 1542 2465; baseline -0.003 -14"><span class='ocrx_word' id='word_1_128' title='bbox 349 2382 505 2451; x_wconf 82' lang='lat' dir='ltr'><strong>ornnia</strong></span> <span class='ocrx_word' id='word_1_129' title='bbox 543 2398 657 2451; x_wconf 82' lang='lat' dir='ltr'><strong>vera</strong></span> <span class='ocrx_word' id='word_1_130' title='bbox 701 2384 943 2461; x_wconf 79' lang='lat' dir='ltr'><strong>tenemust,</strong></span> <span class='ocrx_word' id='word_1_131' title='bbox 986 2397 1106 2465; x_wconf 85' lang='lat' dir='ltr'><strong>quae</strong></span> <span class='ocrx_word' id='word_1_132' title='bbox 1152 2379 1383 2450; x_wconf 81' lang='lat' dir='ltr'><strong>divinitus</strong></span> <span class='ocrx_word' id='word_1_133' title='bbox 1431 2384 1542 2451; x_wconf 85' lang='lat' dir='ltr'><strong>sunt</strong></span> 
     </span>
     <span class='ocr_line' id='line_1_18' title="bbox 829 2492 1052 2559; baseline 0.004 -1"><span class='ocrx_word' id='word_1_134' title='bbox 829 2492 1052 2559; x_wconf 77' lang='lat' dir='ltr'><strong>revelata.</strong></span> 
     </span>
    </p>
   </div>
   <div class='ocr_carea' id='block_1_5' title="bbox 349 2685 1543 4390">
    <p class='ocr_par' dir='ltr' id='par_1_5' title="bbox 349 2685 1543 4390">
     <span class='ocr_line' id='line_1_19' title="bbox 454 2685 1541 2771; baseline 0.001 -22"><span class='ocrx_word' id='word_1_135' title='bbox 454 2686 585 2759; x_wconf 84' lang='lat' dir='ltr'><strong>Fidem,</strong></span> <span class='ocrx_word' id='word_1_136' title='bbox 609 2706 671 2770; x_wconf 86' lang='lat' dir='ltr'><strong>qua</strong></span> <span class='ocrx_word' id='word_1_137' title='bbox 691 2685 816 2748; x_wconf 89' lang='lat' dir='ltr'><strong>firmum</strong></span> <span class='ocrx_word' id='word_1_138' title='bbox 840 2706 1008 2749; x_wconf 89' lang='lat' dir='ltr'><strong>assensum</strong></span> <span class='ocrx_word' id='word_1_139' title='bbox 1030 2688 1222 2769; x_wconf 87' lang='lat' dir='ltr'><strong>praebemus</strong></span> <span class='ocrx_word' id='word_1_140' title='bbox 1246 2686 1411 2759; x_wconf 61' lang='lat' dir='ltr'><strong>omuibus</strong></span> <span class='ocrx_word' id='word_1_141' title='bbox 1429 2708 1541 2771; x_wconf 86' lang='lat' dir='ltr'><strong>quaea</strong></span> 
     </span>
     <span class='ocr_line' id='line_1_20' title="bbox 350 2794 1541 2879; baseline 0.001 -20"><span class='ocrx_word' id='word_1_142' title='bbox 350 2795 420 2860; x_wconf 91' lang='lat' dir='ltr'><strong>Deo</strong></span> <span class='ocrx_word' id='word_1_143' title='bbox 448 2794 542 2860; x_wconf 89' lang='lat' dir='ltr'><strong>nobis</strong></span> <span class='ocrx_word' id='word_1_144' title='bbox 562 2798 703 2860; x_wconf 85' lang='lat' dir='ltr'><strong>revelata</strong></span> <span class='ocrx_word' id='word_1_145' title='bbox 723 2807 814 2868; x_wconf 91' lang='lat' dir='ltr'><strong>suut,</strong></span> <span class='ocrx_word' id='word_1_146' title='bbox 846 2808 1006 2879; x_wconf 86' lang='lat' dir='ltr'><strong>tamquam</strong></span> <span class='ocrx_word' id='word_1_147' title='bbox 1024 2796 1243 2860; x_wconf 89' lang='lat' dir='ltr'><strong>necessariam</strong></span> <span class='ocrx_word' id='word_1_148' title='bbox 1260 2795 1479 2860; x_wconf 91' lang='lat' dir='ltr'><strong>conditionem</strong></span> <span class='ocrx_word' id='word_1_149' title='bbox 1495 2819 1541 2860; x_wconf 88' lang='lat' dir='ltr'><strong>re·</strong></span> 
     </span>
     <span class='ocr_line' id='line_1_21' title="bbox 352 2903 1540 2989; baseline 0.001 -22"><span class='ocrx_word' id='word_1_150' title='bbox 352 2906 442 2989; x_wconf 87' lang='lat' dir='ltr'><strong>quiri,</strong></span> <span class='ocrx_word' id='word_1_151' title='bbox 458 2918 492 2968; x_wconf 92' lang='lat' dir='ltr'><strong>ut</strong></span> <span class='ocrx_word' id='word_1_152' title='bbox 507 2905 603 2968; x_wconf 91' lang='lat' dir='ltr'><strong>homo</strong></span> <span class='ocrx_word' id='word_1_153' title='bbox 615 2904 825 2988; x_wconf 88' lang='lat' dir='ltr'><strong>justificetur,</strong></span> <span class='ocrx_word' id='word_1_154' title='bbox 848 2903 1025 2967; x_wconf 83' lang='lat' dir='ltr'><strong>clarissime</strong></span> <span class='ocrx_word' id='word_1_155' title='bbox 1048 2907 1165 2969; x_wconf 88' lang='lat' dir='ltr'><strong>docent</strong></span> <span class='ocrx_word' id='word_1_156' title='bbox 1182 2909 1240 2969; x_wconf 81' lang='lat' dir='ltr'><strong>SS.</strong></span> <span class='ocrx_word' id='word_1_157' title='bbox 1258 2905 1419 2979; x_wconf 78' lang='lat' dir='ltr'><strong>Litterae,</strong></span> <span class='ocrx_word' id='word_1_158' title='bbox 1435 2907 1540 2969; x_wconf 73' lang='lat' dir='ltr'><strong>uitiaui-</strong></span> 
     </span>
     <span class='ocr_line' id='line_1_22' title="bbox 352 3015 1541 3099; baseline 0.001 -22"><span class='ocrx_word' id='word_1_159' title='bbox 352 3015 393 3077; x_wconf 91' lang='lat' dir='ltr'><strong>mi</strong></span> <span class='ocrx_word' id='word_1_160' title='bbox 425 3037 586 3079; x_wconf 87' lang='lat' dir='ltr'><strong>consensu</strong></span> <span class='ocrx_word' id='word_1_161' title='bbox 613 3018 671 3077; x_wconf 83' lang='lat' dir='ltr'><strong>SS.</strong></span> <span class='ocrx_word' id='word_1_162' title='bbox 700 3017 811 3077; x_wconf 88' lang='lat' dir='ltr'><strong>Patres</strong></span> <span class='ocrx_word' id='word_1_163' title='bbox 838 3017 979 3087; x_wconf 87' lang='lat' dir='ltr'><strong>tradunt,</strong></span> <span class='ocrx_word' id='word_1_164' title='bbox 1006 3028 1098 3099; x_wconf 88' lang='lat' dir='ltr'><strong>atque</strong></span> <span class='ocrx_word' id='word_1_165' title='bbox 1119 3016 1267 3079; x_wconf 83' lang='lat' dir='ltr'><strong>Ecclesia</strong></span> <span class='ocrx_word' id='word_1_166' title='bbox 1285 3037 1416 3099; x_wconf 87' lang='lat' dir='ltr'><strong>semper</strong></span> <span class='ocrx_word' id='word_1_167' title='bbox 1434 3016 1541 3078; x_wconf 88' lang='lat' dir='ltr'><strong>tenuit.</strong></span> 
     </span>
     <span class='ocr_line' id='line_1_23' title="bbox 349 3123 1542 3209; baseline -0.001 -22"><span class='ocrx_word' id='word_1_168' title='bbox 349 3125 460 3188; x_wconf 87' lang='lat' dir='ltr'><strong>Fidem</strong></span> <span class='ocrx_word' id='word_1_169' title='bbox 492 3138 613 3199; x_wconf 89' lang='lat' dir='ltr'><strong>antem,</strong></span> <span class='ocrx_word' id='word_1_170' title='bbox 645 3125 695 3187; x_wconf 91' lang='lat' dir='ltr'><strong>vel</strong></span> <span class='ocrx_word' id='word_1_171' title='bbox 717 3123 824 3207; x_wconf 92' lang='lat' dir='ltr'><strong>potius</strong></span> <span class='ocrx_word' id='word_1_172' title='bbox 840 3123 1003 3198; x_wconf 84' lang='lat' dir='ltr'><strong>fiduciam,</strong></span> <span class='ocrx_word' id='word_1_173' title='bbox 1027 3147 1120 3209; x_wconf 89' lang='lat' dir='ltr'><strong>quam</strong></span> <span class='ocrx_word' id='word_1_174' title='bbox 1136 3126 1168 3188; x_wconf 91' lang='lat' dir='ltr'><strong>iu</strong></span> <span class='ocrx_word' id='word_1_175' title='bbox 1187 3125 1323 3188; x_wconf 89' lang='lat' dir='ltr'><strong>medinm</strong></span> <span class='ocrx_word' id='word_1_176' title='bbox 1341 3128 1542 3208; x_wconf 83' lang='lat' dir='ltr'><strong>protulerunt</strong></span> 
     </span>
     <span class='ocr_line' id='line_1_24' title="bbox 351 3232 1541 3319; baseline -0.002 -22"><span class='ocrx_word' id='word_1_177' title='bbox 351 3236 588 3309; x_wconf 89' lang='lat' dir='ltr'><strong>Protestantes,</strong></span> <span class='ocrx_word' id='word_1_178' title='bbox 621 3255 683 3319; x_wconf 87' lang='lat' dir='ltr'><strong>qua</strong></span> <span class='ocrx_word' id='word_1_179' title='bbox 709 3232 857 3296; x_wconf 89' lang='lat' dir='ltr'><strong>videlicet</strong></span> <span class='ocrx_word' id='word_1_180' title='bbox 878 3247 1033 3317; x_wconf 87' lang='lat' dir='ltr'><strong>peccator</strong></span> <span class='ocrx_word' id='word_1_181' title='bbox 1052 3235 1141 3319; x_wconf 85' lang='lat' dir='ltr'><strong>quasi</strong></span> <span class='ocrx_word' id='word_1_182' title='bbox 1158 3256 1251 3299; x_wconf 85' lang='lat' dir='ltr'><strong>marm</strong></span> <span class='ocrx_word' id='word_1_183' title='bbox 1269 3246 1324 3297; x_wconf 88' lang='lat' dir='ltr'><strong>aut</strong></span> <span class='ocrx_word' id='word_1_184' title='bbox 1339 3235 1541 3299; x_wconf 85' lang='lat' dir='ltr'><strong>instrumenti</strong></span> 
     </span>
     <span class='ocr_line' id='line_1_25' title="bbox 351 3341 1543 3428; baseline -0.001 -22"><span class='ocrx_word' id='word_1_185' title='bbox 351 3342 452 3407; x_wconf 86' lang='lat' dir='ltr'><strong>instar</strong></span> <span class='ocrx_word' id='word_1_186' title='bbox 483 3345 596 3408; x_wconf 87' lang='lat' dir='ltr'><strong>merita</strong></span> <span class='ocrx_word' id='word_1_187' title='bbox 627 3355 720 3428; x_wconf 85' lang='lat' dir='ltr'><strong>atque</strong></span> <span class='ocrx_word' id='word_1_188' title='bbox 747 3341 903 3426; x_wconf 89' lang='lat' dir='ltr'><strong>justitiam</strong></span> <span class='ocrx_word' id='word_1_189' title='bbox 932 3343 1050 3407; x_wconf 83' lang='lat' dir='ltr'><strong>Christi</strong></span> <span class='ocrx_word' id='word_1_190' title='bbox 1073 3345 1306 3427; x_wconf 83' lang='lat' dir='ltr'><strong>apprehendat,</strong></span> <span class='ocrx_word' id='word_1_191' title='bbox 1333 3357 1389 3407; x_wconf 91' lang='lat' dir='ltr'><strong>aut</strong></span> <span class='ocrx_word' id='word_1_192' title='bbox 1405 3346 1498 3428; x_wconf 86' lang='lat' dir='ltr'><strong>plane</strong></span> <span class='ocrx_word' id='word_1_193' title='bbox 1514 3354 1543 3405; x_wconf 89' lang='lat' dir='ltr'><strong>nt</strong></span> 
     </span>
     <span class='ocr_line' id='line_1_26' title="bbox 353 3451 1541 3535; baseline -0.002 -19"><span class='ocrx_word' id='word_1_194' title='bbox 353 3474 449 3516; x_wconf 89' lang='lat' dir='ltr'><strong>cansa</strong></span> <span class='ocrx_word' id='word_1_195' title='bbox 481 3453 606 3516; x_wconf 83' lang='lat' dir='ltr'><strong>formali</strong></span> <span class='ocrx_word' id='word_1_196' title='bbox 632 3451 873 3535; x_wconf 88' lang='lat' dir='ltr'><strong>justificationis</strong></span> <span class='ocrx_word' id='word_1_197' title='bbox 900 3454 1010 3534; x_wconf 86' lang='lat' dir='ltr'><strong>justus</strong></span> <span class='ocrx_word' id='word_1_198' title='bbox 1034 3452 1190 3516; x_wconf 77' lang='lat' dir='ltr'><strong>efficiatur</strong></span> <span class='ocrx_word' id='word_1_199' title='bbox 1220 3474 1258 3516; x_wconf 91' lang='lat' dir='ltr'><strong>ac</strong></span> <span class='ocrx_word' id='word_1_200' title='bbox 1278 3453 1335 3526; x_wconf 90' lang='lat' dir='ltr'><strong>sit,</strong></span> <span class='ocrx_word' id='word_1_201' title='bbox 1359 3475 1426 3516; x_wconf 93' lang='lat' dir='ltr'><strong>non</strong></span> <span class='ocrx_word' id='word_1_202' title='bbox 1444 3456 1541 3516; x_wconf 90' lang='lat' dir='ltr'><strong>solum</strong></span> 
     </span>
     <span class='ocr_line' id='line_1_27' title="bbox 351 3560 1541 3647; baseline 0.002 -24"><span class='ocrx_word' id='word_1_203' title='bbox 351 3562 496 3647; x_wconf 85' lang='lat' dir='ltr'><strong>ignotam</strong></span> <span class='ocrx_word' id='word_1_204' title='bbox 531 3560 674 3643; x_wconf 88' lang='lat' dir='ltr'><strong>jacuisse</strong></span> <span class='ocrx_word' id='word_1_205' title='bbox 714 3560 745 3622; x_wconf 94' lang='lat' dir='ltr'><strong>in</strong></span> <span class='ocrx_word' id='word_1_206' title='bbox 777 3560 924 3623; x_wconf 88' lang='lat' dir='ltr'><strong>Ecclesia</strong></span> <span class='ocrx_word' id='word_1_207' title='bbox 963 3561 1145 3636; x_wconf 84' lang='lat' dir='ltr'><strong>Catlroliea,</strong></span> <span class='ocrx_word' id='word_1_208' title='bbox 1179 3562 1223 3624; x_wconf 94' lang='lat' dir='ltr'><strong>uti</strong></span> <span class='ocrx_word' id='word_1_209' title='bbox 1256 3562 1408 3645; x_wconf 88' lang='lat' dir='ltr'><strong>opinatur</strong></span> <span class='ocrx_word' id='word_1_210' title='bbox 1442 3563 1541 3628; x_wconf 86' lang='lat' dir='ltr'><strong>Con·</strong></span> 
     </span>
     <span class='ocr_line' id='line_1_28' title="bbox 352 3667 1541 3758; baseline 0.002 -26"><span class='ocrx_word' id='word_1_211' title='bbox 352 3667 477 3732; x_wconf 82' lang='lat' dir='ltr'><strong>sessio</strong></span> <span class='ocrx_word' id='word_1_212' title='bbox 494 3673 767 3755; x_wconf 62' lang='lat' dir='ltr'><strong>Augusteum),</strong></span> <span class='ocrx_word' id='word_1_213' title='bbox 784 3691 894 3733; x_wconf 86' lang='lat' dir='ltr'><strong>verum</strong></span> <span class='ocrx_word' id='word_1_214' title='bbox 911 3682 943 3732; x_wconf 93' lang='lat' dir='ltr'><strong>et</strong></span> <span class='ocrx_word' id='word_1_215' title='bbox 960 3670 1202 3755; x_wconf 89' lang='lat' dir='ltr'><strong>omnitempore</strong></span> <span class='ocrx_word' id='word_1_216' title='bbox 1219 3671 1420 3758; x_wconf 83' lang='lat' dir='ltr'><strong>incognitam</strong></span> <span class='ocrx_word' id='word_1_217' title='bbox 1437 3673 1541 3744; x_wconf 84' lang='lat' dir='ltr'><strong>fuisse,</strong></span> 
     </span>
     <span class='ocr_line' id='line_1_29' title="bbox 355 3777 1541 3864; baseline 0 -22"><span class='ocrx_word' id='word_1_218' title='bbox 355 3777 510 3842; x_wconf 81' lang='lat' dir='ltr'><strong>Catholici</strong></span> <span class='ocrx_word' id='word_1_219' title='bbox 527 3778 697 3842; x_wconf 83' lang='lat' dir='ltr'><strong>defendunt</strong></span> <span class='ocrx_word' id='word_1_220' title='bbox 717 3779 872 3863; x_wconf 78' lang='lat' dir='ltr'><strong>facileque</strong></span> <span class='ocrx_word' id='word_1_221' title='bbox 895 3781 1124 3843; x_wconf 88' lang='lat' dir='ltr'><strong>demonstrant.</strong></span> <span class='ocrx_word' id='word_1_222' title='bbox 1166 3781 1201 3844; x_wconf 86' lang='lat' dir='ltr'><strong>si</strong></span> <span class='ocrx_word' id='word_1_223' title='bbox 1223 3802 1302 3864; x_wconf 88' lang='lat' dir='ltr'><strong>quae</strong></span> <span class='ocrx_word' id='word_1_224' title='bbox 1326 3782 1414 3845; x_wconf 88' lang='lat' dir='ltr'><strong>enim</strong></span> <span class='ocrx_word' id='word_1_225' title='bbox 1436 3782 1541 3845; x_wconf 87' lang='lat' dir='ltr'><strong>insana</strong></span> 
     </span>
     <span class='ocr_line' id='line_1_30' title="bbox 354 3887 1541 3976; baseline 0.003 -27"><span class='ocrx_word' id='word_1_226' title='bbox 354 3907 452 3973; x_wconf 89' lang='lat' dir='ltr'><strong>aeque</strong></span> <span class='ocrx_word' id='word_1_227' title='bbox 483 3909 522 3952; x_wconf 84' lang='lat' dir='ltr'><strong>ae</strong></span> <span class='ocrx_word' id='word_1_228' title='bbox 553 3888 736 3972; x_wconf 87' lang='lat' dir='ltr'><strong>perniciosa</strong></span> <span class='ocrx_word' id='word_1_229' title='bbox 768 3887 954 3971; x_wconf 87' lang='lat' dir='ltr'><strong>superstitio</strong></span> <span class='ocrx_word' id='word_1_230' title='bbox 988 3910 1124 3972; x_wconf 85' lang='lat' dir='ltr'><strong>uuquam</strong></span> <span class='ocrx_word' id='word_1_231' title='bbox 1146 3890 1332 3976; x_wconf 86' lang='lat' dir='ltr'><strong>excogitata</strong></span> <span class='ocrx_word' id='word_1_232' title='bbox 1364 3891 1439 3966; x_wconf 87' lang='lat' dir='ltr'><strong>fuit,</strong></span> <span class='ocrx_word' id='word_1_233' title='bbox 1472 3893 1541 3954; x_wconf 82' lang='lat' dir='ltr'><strong>haee</strong></span> 
     </span>
     <span class='ocr_line' id='line_1_31' title="bbox 355 3997 1539 4082; baseline 0.001 -22"><span class='ocrx_word' id='word_1_234' title='bbox 355 4010 444 4061; x_wconf 89' lang='lat' dir='ltr'><strong>certo</strong></span> <span class='ocrx_word' id='word_1_235' title='bbox 477 4020 569 4082; x_wconf 89' lang='lat' dir='ltr'><strong>quam</strong></span> <span class='ocrx_word' id='word_1_236' title='bbox 592 3998 729 4060; x_wconf 88' lang='lat' dir='ltr'><strong>maxime</strong></span> <span class='ocrx_word' id='word_1_237' title='bbox 750 3997 852 4059; x_wconf 84' lang='lat' dir='ltr'><strong>inanis</strong></span> <span class='ocrx_word' id='word_1_238' title='bbox 871 4018 909 4059; x_wconf 88' lang='lat' dir='ltr'><strong>ac</strong></span> <span class='ocrx_word' id='word_1_239' title='bbox 934 3997 1108 4061; x_wconf 83' lang='lat' dir='ltr'><strong>vartissima</strong></span> <span class='ocrx_word' id='word_1_240' title='bbox 1129 3998 1210 4061; x_wconf 91' lang='lat' dir='ltr'><strong>fides</strong></span> <span class='ocrx_word' id='word_1_241' title='bbox 1232 3998 1415 4082; x_wconf 89' lang='lat' dir='ltr'><strong>primorum</strong></span> <span class='ocrx_word' id='word_1_242' title='bbox 1436 4003 1539 4062; x_wconf 86' lang='lat' dir='ltr'><strong>Prote·</strong></span> 
     </span>
     <span class='ocr_line' id='line_1_32' title="bbox 355 4105 1539 4193; baseline 0.001 -24"><span class='ocrx_word' id='word_1_243' title='bbox 355 4107 505 4170; x_wconf 88' lang='lat' dir='ltr'><strong>stantium</strong></span> <span class='ocrx_word' id='word_1_244' title='bbox 530 4107 601 4181; x_wconf 88' lang='lat' dir='ltr'><strong>luit,</strong></span> <span class='ocrx_word' id='word_1_245' title='bbox 625 4129 717 4190; x_wconf 88' lang='lat' dir='ltr'><strong>quam</strong></span> <span class='ocrx_word' id='word_1_246' title='bbox 733 4106 794 4190; x_wconf 91' lang='lat' dir='ltr'><strong>ipsi</strong></span> <span class='ocrx_word' id='word_1_247' title='bbox 811 4105 977 4192; x_wconf 86' lang='lat' dir='ltr'><strong>religionis</strong></span> <span class='ocrx_word' id='word_1_248' title='bbox 996 4128 1074 4169; x_wconf 84' lang='lat' dir='ltr'><strong>suae</strong></span> <span class='ocrx_word' id='word_1_249' title='bbox 1092 4120 1187 4190; x_wconf 91' lang='lat' dir='ltr'><strong>caput</strong></span> <span class='ocrx_word' id='word_1_250' title='bbox 1204 4129 1277 4170; x_wconf 89' lang='lat' dir='ltr'><strong>esse</strong></span> <span class='ocrx_word' id='word_1_251' title='bbox 1296 4109 1441 4172; x_wconf 91' lang='lat' dir='ltr'><strong>omnium</strong></span> <span class='ocrx_word' id='word_1_252' title='bbox 1459 4130 1539 4193; x_wconf 85' lang='lat' dir='ltr'><strong>proe-</strong></span> 
     </span>
     <span class='ocr_line' id='line_1_33' title="bbox 356 4214 1539 4300; baseline -0.001 -20"><span class='ocrx_word' id='word_1_253' title='bbox 356 4214 481 4299; x_wconf 87' lang='lat' dir='ltr'><strong>cipnnm</strong></span> <span class='ocrx_word' id='word_1_254' title='bbox 500 4237 691 4300; x_wconf 84' lang='lat' dir='ltr'><strong>causamque</strong></span> <span class='ocrx_word' id='word_1_255' title='bbox 713 4215 924 4280; x_wconf 87' lang='lat' dir='ltr'><strong>discessionis</strong></span> <span class='ocrx_word' id='word_1_256' title='bbox 947 4217 985 4279; x_wconf 86' lang='lat' dir='ltr'><strong>ab</strong></span> <span class='ocrx_word' id='word_1_257' title='bbox 1011 4216 1158 4281; x_wconf 85' lang='lat' dir='ltr'><strong>Ecclesia</strong></span> <span class='ocrx_word' id='word_1_258' title='bbox 1184 4217 1313 4281; x_wconf 91' lang='lat' dir='ltr'><strong>omuino</strong></span> <span class='ocrx_word' id='word_1_259' title='bbox 1331 4220 1539 4284; x_wconf 87' lang='lat' dir='ltr'><strong>necessariam</strong></span> 
     </span>
     <span class='ocr_line' id='line_1_34' title="bbox 357 4324 513 4390; baseline 0.019 -3"><span class='ocrx_word' id='word_1_260' title='bbox 357 4324 513 4390; x_wconf 83' lang='lat' dir='ltr'><strong>dixerunt.</strong></span> 
     </span>
    </p>
   </div>
   <div class='ocr_carea' id='block_1_6' title="bbox 357 4657 1531 4926">
    <p class='ocr_par' dir='ltr' id='par_1_6' title="bbox 357 4657 1531 4926">
     <span class='ocr_line' id='line_1_35' title="bbox 465 4657 1531 4741; baseline -0.001 -23"><span class='ocrx_word' id='word_1_261' title='bbox 465 4661 490 4736; x_wconf 84' lang='lat'><strong>¹)</strong></span> <span class='ocrx_word' id='word_1_262' title='bbox 507 4662 636 4722; x_wconf 84' lang='lat' dir='ltr'><strong>Eoeltir.</strong></span> <span class='ocrx_word' id='word_1_263' title='bbox 654 4682 678 4719; x_wconf 90' lang='lat' dir='ltr'><strong>c.</strong></span> <span class='ocrx_word' id='word_1_264' title='bbox 697 4660 765 4722; x_wconf 79' lang='lat'><strong><em>117.</em></strong></span> <span class='ocrx_word' id='word_1_265' title='bbox 783 4683 813 4723; x_wconf 82' lang='lat' dir='ltr'><strong>tt.</strong></span> <span class='ocrx_word' id='word_1_266' title='bbox 831 4665 881 4725; x_wconf 80' lang='lat'><strong>31,</strong></span> <span class='ocrx_word' id='word_1_267' title='bbox 914 4663 994 4740; x_wconf 84' lang='lat' dir='ltr'><strong>Opp.</strong></span> <span class='ocrx_word' id='word_1_268' title='bbox 1021 4658 1059 4722; x_wconf 80' lang='lat' dir='ltr'><strong>T.</strong></span> <span class='ocrx_word' id='word_1_269' title='bbox 1083 4660 1111 4722; x_wconf 85' lang='lat'><strong>6.</strong></span> <span class='ocrx_word' id='word_1_270' title='bbox 1131 4657 1250 4722; x_wconf 54' lang='lat' dir='ltr'><strong>etde.</strong></span> <span class='ocrx_word' id='word_1_271' title='bbox 1285 4698 1328 4707; x_wconf 91' lang='grc'><strong>-</strong></span> <span class='ocrx_word' id='word_1_272' title='bbox 1363 4668 1391 4741; x_wconf 76' lang='lat'><strong>²)</strong></span> <span class='ocrx_word' id='word_1_273' title='bbox 1411 4662 1531 4726; x_wconf 82' lang='lat' dir='ltr'><strong>1.Joan.</strong></span> 
     </span>
     <span class='ocr_line' id='line_1_36' title="bbox 357 4742 1530 4828; baseline -0.001 -17"><span class='ocrx_word' id='word_1_274' title='bbox 357 4742 388 4822; x_wconf 84' lang='grc'><strong>4,</strong></span> <span class='ocrx_word' id='word_1_275' title='bbox 407 4749 457 4812; x_wconf 83' lang='grc'><strong>18.</strong></span> <span class='ocrx_word' id='word_1_276' title='bbox 491 4787 534 4794; x_wconf 86' lang='grc'>-</span> <span class='ocrx_word' id='word_1_277' title='bbox 566 4755 593 4828; x_wconf 78' lang='lat'><strong>³)</strong></span> <span class='ocrx_word' id='word_1_278' title='bbox 611 4755 648 4813; x_wconf 84' lang='lat' dir='ltr'><strong>P.</strong></span> <span class='ocrx_word' id='word_1_279' title='bbox 667 4756 694 4810; x_wconf 88' lang='lat'><strong>1.</strong></span> <span class='ocrx_word' id='word_1_280' title='bbox 713 4760 770 4815; x_wconf 73' lang='lat' dir='ltr'><strong>art.</strong></span> <span class='ocrx_word' id='word_1_281' title='bbox 788 4758 837 4811; x_wconf 83' lang='lat'><strong>20.</strong></span> <span class='ocrx_word' id='word_1_282' title='bbox 855 4774 884 4812; x_wconf 72' lang='lat' dir='ltr'><strong>o.</strong></span> <span class='ocrx_word' id='word_1_283' title='bbox 902 4757 930 4812; x_wconf 88' lang='lat'><strong>3.</strong></span> <span class='ocrx_word' id='word_1_284' title='bbox 948 4755 1012 4811; x_wconf 76' lang='lat' dir='ltr'><strong>nu.</strong></span> <span class='ocrx_word' id='word_1_285' title='bbox 1030 4755 1123 4828; x_wconf 62' lang='lat' dir='ltr'><strong>syme.</strong></span> <span class='ocrx_word' id='word_1_286' title='bbox 1140 4756 1223 4812; x_wconf 66' lang='lat' dir='ltr'><strong>nect.</strong></span> <span class='ocrx_word' id='word_1_287' title='bbox 1242 4757 1367 4818; x_wconf 73' lang='lat' dir='ltr'><strong>Lutto.</strong></span> <span class='ocrx_word' id='word_1_288' title='bbox 1397 4756 1432 4814; x_wconf 80' lang='lat' dir='ltr'><strong>L.</strong></span> <span class='ocrx_word' id='word_1_289' title='bbox 1452 4748 1530 4816; x_wconf 77' lang='lat' dir='ltr'><strong>184t.</strong></span> 
     </span>
     <span class='ocr_line' id='line_1_37' title="bbox 357 4840 1262 4926; baseline 0.002 -23"><span class='ocrx_word' id='word_1_290' title='bbox 357 4840 393 4903; x_wconf 89' lang='lat' dir='ltr'><strong>P.</strong></span> <span class='ocrx_word' id='word_1_291' title='bbox 414 4840 440 4904; x_wconf 90' lang='lat' dir='ltr'><strong>l.</strong></span> <span class='ocrx_word' id='word_1_292' title='bbox 458 4864 489 4923; x_wconf 80' lang='lat' dir='ltr'><strong>p.</strong></span> <span class='ocrx_word' id='word_1_293' title='bbox 506 4841 559 4904; x_wconf 82' lang='lat'><strong>21.</strong></span> <span class='ocrx_word' id='word_1_294' title='bbox 578 4841 622 4904; x_wconf 79' lang='lat' dir='ltr'><strong>Of.</strong></span> <span class='ocrx_word' id='word_1_295' title='bbox 639 4844 766 4922; x_wconf 73' lang='lat' dir='ltr'><strong>Apolop.</strong></span> <span class='ocrx_word' id='word_1_296' title='bbox 785 4845 875 4922; x_wconf 75' lang='lat' dir='ltr'><strong>Coos.</strong></span> <span class='ocrx_word' id='word_1_297' title='bbox 893 4866 917 4908; x_wconf 88' lang='lat' dir='ltr'><strong>c.</strong></span> <span class='ocrx_word' id='word_1_298' title='bbox 937 4849 967 4905; x_wconf 83' lang='lat'><strong>2.</strong></span> <span class='ocrx_word' id='word_1_299' title='bbox 985 4865 1014 4906; x_wconf 86' lang='lat' dir='ltr'><strong>n.</strong></span> <span class='ocrx_word' id='word_1_300' title='bbox 1032 4847 1081 4908; x_wconf 82' lang='lat'><strong>52.</strong></span> <span class='ocrx_word' id='word_1_301' title='bbox 1098 4845 1144 4910; x_wconf 87' lang='lat' dir='ltr'><strong>Ib.</strong></span> <span class='ocrx_word' id='word_1_302' title='bbox 1161 4866 1190 4926; x_wconf 85' lang='lat' dir='ltr'><strong>p.</strong></span> <span class='ocrx_word' id='word_1_303' title='bbox 1211 4842 1262 4907; x_wconf 78' lang='lat' dir='ltr'><strong>ll.</strong></span> 
     </span>
    </p>
   </div>
   <div class='ocr_carea' id='block_1_7' title="bbox 0 0 1907 5625">
    <p class='ocr_par' dir='ltr' id='par_1_7' title="bbox 0 0 1907 5625">
     <span class='ocr_line' id='line_1_38' title="bbox 0 0 1907 5625; baseline 0 0"><span class='ocrx_word' id='word_1_304' title='bbox 0 0 1907 5625; x_wconf 95' lang='lat' dir='ltr'><strong> </strong></span> 
     </span>
    </p>
   </div>
  </div>
 </body>
</html>
