3775 5625
354 414 422 525 „⁵⁰0

354 588 441 655 modi
472 585 696 675 dispositionis
715 606 755 654 ac
777 576 1045 674 praeparationis,
1066 582 1135 653 ileo
1152 582 1337 664 auxiliante,
1355 582 1409 675 qui
1427 581 1545 673 adjuto·

354 701 438 765 rium
461 706 554 765 suum
573 699 693 763 volenti
715 720 754 764 ac
775 698 904 764 conanti
935 718 1095 783 nunqnam
1126 698 1278 786 denegat,
1301 699 1385 762 hand
1402 698 1546 783 incapax

258 845 260 849 v
352 808 457 875 Porro
488 808 606 875 rationi
637 829 738 895 aeque
770 821 896 875 certum
911 821 977 883 est,
1001 807 1246 893 dispositionem
1264 810 1347 873 hanc
1362 810 1462 873 talem
1478 829 1546 873 esse

354 920 488 995 dehere,
510 932 544 983 ut
566 939 658 985 mens
680 931 794 983 nostra
813 940 832 983 a
852 919 951 983 rebus
974 917 1092 982 creatis
1113 929 1291 992 avertatur,
1310 918 1400 982 etad
1418 918 1545 983 Creato-

352 1041 423 1094 rem
445 1029 593 1104 accedat,
608 1028 628 1093 i.
646 1050 674 1093 e.
690 1040 860 1113 peccatum
883 1027 958 1092 odio
981 1028 1097 1091 haheat
1113 1047 1151 1091 ac
1167 1028 1360 1102 detestetur,
1382 1028 1546 1113 Deumque

351 1136 635 1225 benignissimum,
655 1136 927 1222 sapientissimum
943 1157 983 1202 ao
998 1135 1235 1201 sanctissimum
1256 1135 1393 1223 diligere
1409 1135 1546 1220 incipiat,

351 1268 390 1312 ac
405 1268 522 1313 novam
537 1246 635 1312 vitam
650 1245 834 1319 instituere,
854 1247 1063 1331 mandataque
1081 1245 1186 1310 divim
1202 1266 1334 1311 servare
1350 1244 1416 1310 sihi
1431 1267 1545 1329 propo·

349 1369 419 1430 uat3
435 1356 498 1425 uhi
519 1356 603 1422 mim
624 1369 680 1422 aut
699 1356 807 1421 odium
828 1356 964 1421 deluerit
984 1354 1108 1439 peccati
1131 1354 1310 1430 commissi,
1327 1367 1382 1420 ant
1398 1354 1544 1440 proposi·

349 1477 416 1532 tum
445 1486 561 1531 novam
588 1464 685 1530 vitam
712 1465 897 1540 inchoandi,
925 1486 984 1530 seu
1004 1466 1122 1540 Deum,
1149 1485 1308 1530 summum
1323 1466 1464 1539 Bonum,
1481 1464 1544 1527 dili·

348 1574 458 1661 gendi,
474 1574 599 1640 animus
615 1587 721 1639 manet
737 1576 776 1640 ad
792 1587 972 1659 peccatum,
986 1573 1055 1639 sive
1076 1573 1288 1659 praeteritum
1304 1572 1373 1638 sive
1395 1573 1545 1648 futurum,

347 1682 518 1750 inclinatus
535 1705 575 1749 ac
590 1705 789 1769 propensus,
806 1683 859 1770 qui
876 1705 949 1749 enm
964 1685 1035 1747 Deo
1057 1682 1211 1770 conjungi
1227 1683 1343 1769 nequit
1363 1682 1426 1747 Dei
1441 1695 1546 1749 autem

347 1793 476 1864 dilectio
492 1794 680 1862 necessario
697 1794 832 1859 virtutes
855 1793 981 1858 timoris
1003 1815 1041 1858 ac
1062 1792 1133 1878 spei
1147 1784 1340 1872 προδρόμους
1355 1813 1394 1857 ac
1411 1791 1545 1856 comites

345 1904 451 1969 hahet.
476 1904 536 1983 Qui
557 1903 642 1970 enim
661 1916 815 1989 peccator
834 1905 952 1979 Deum,
975 1904 1106 1990 ejusque
1127 1901 1283 1967 infinitam
1296 1901 1458 1986 justitiam
1481 1923 1546 1965 non

340 1996 454 2090 timu,
474 2028 610 2098 peccato
632 2014 829 2088 valedicere,
850 2026 882 2077 ot
898 2012 950 2099 qui
966 2013 1006 2078 de
1022 2005 1246 2077 nrisiricordia
1261 2011 1367 2076 divina
1383 2013 1545 2097 desperat,

348 2124 390 2187 ad
403 2123 508 2190 Deum
524 2125 681 2190 accedere
696 2123 936 2209 haudquaquam
952 2134 1069 2207 potest.
1104 2120 1215 2186 Timor
1232 2133 1338 2186 autem
1354 2133 1450 2206 atque
1466 2120 1545 2185 fidu·

346 2232 412 2308 cia,
433 2254 494 2298 nec
516 2256 580 2298 non
604 2232 732 2298 dilectio
750 2254 767 2297 e
783 2231 846 2297 fide
863 2244 1022 2318 tamquam
1042 2231 1151 2296 radice
1168 2232 1395 2306 elllorescunt,
1410 2251 1545 2316 eamque

344 2342 532 2421 necessario
548 2345 635 2408 velut
651 2341 811 2429 originem
826 2362 865 2407 ac
880 2340 1022 2408 radicem
1045 2362 1136 2406 suam
1159 2353 1350 2427 supponunt.
1376 2340 1460 2406 Nam
1477 2352 1543 2426 pot·

343 2464 395 2517 est
409 2451 523 2538 aliquis
540 2453 691 2527 credere,
709 2452 794 2537 quod
810 2472 874 2516 non
890 2463 1014 2535 sperat,
1038 2472 1140 2536 neque
1167 2450 1272 2526 timet,
1295 2470 1399 2535 neque
1424 2449 1544 2537 diligit;

344 2581 409 2624 non
425 2573 534 2645 potest
551 2572 657 2646 autem
674 2580 823 2646 sperare,
839 2572 893 2626 aut
908 2558 1038 2635 timere,
1055 2572 1108 2625 ant
1125 2558 1273 2647 diligere,
1290 2560 1377 2644 quod
1391 2580 1457 2624 non
1475 2579 1543 2625 crc-

345 2668 400 2733 dit.
424 2668 515 2733 Unde
536 2669 774 2734 fundamentum
800 2663 942 2745 timoris,
963 2666 1033 2754 spei
1056 2662 1089 2734 et
1109 2666 1272 2734 charitatis
1292 2665 1375 2734 fides
1398 2680 1466 2744 est;
1491 2689 1543 2733 ne·

345 2798 501 2867 quaquam
532 2790 638 2844 antem
658 2777 734 2844 fidei
755 2778 993 2844 fundamentum
1018 2788 1069 2843 est
1089 2776 1201 2854 timor,
1223 2798 1300 2862 spes
1320 2788 1377 2842 aut
1393 2777 1543 2845 clrarites.

343 2888 468 2953 Rursus
490 2883 523 2953 in
543 2887 667 2954 morbis
700 2888 849 2974 corporis
880 2886 1003 2952 initium
1035 2886 1146 2952 salutis
1170 2899 1220 2951 est
1241 2888 1390 2962 credere,
1413 2909 1451 2952 se
1470 2909 1542 2953 esse

343 3009 530 3084 aegrotum,
546 3010 579 3063 et
594 2996 753 3062 medicum
784 3020 845 3063 nos
877 3017 992 3062 curare
1023 3017 1139 3082 posse;
1171 3017 1236 3061 non
1268 3008 1376 3062 tamen
1401 2999 1475 3063 sola
1494 2996 1545 3062 itta

229 3191 231 3197 Α
343 3105 424 3183 tides
445 3120 496 3172 est
517 3107 645 3195 integra
666 3108 797 3173 sanitas.
821 3109 1023 3193 Quapropter
1040 3118 1072 3170 et
1088 3108 1127 3170 ad
1138 3105 1382 3191 justificationis
1403 3106 1542 3192 disposi·

343 3215 464 3296 tionem
485 3229 614 3301 praeter
636 3215 733 3282 fidem
755 3216 835 3280 aliae
856 3217 959 3281 adhuc
980 3214 1184 3301 requiruntur
1207 3215 1362 3290 virtutes„
1381 3237 1484 3300 supra
1504 3236 1545 3280 ex

344 3327 476 3391 decreto
494 3326 629 3392 concilii
646 3325 826 3390 Tridentini
837 3327 907 3410 jam
922 3324 1116 3409 descriptae.

453 3435 604 3501 Ceterum
625 3457 667 3501 ex
688 3435 770 3502 locis
792 3448 858 3500 tum
875 3439 908 3500 S.
926 3434 1114 3519 scripturae
1131 3447 1196 3499 tum
1214 3437 1424 3501 saranum
1443 3435 1544 3503 allatis

344 3557 459 3630 sponte
481 3566 540 3610 sua
560 3566 622 3609 una
645 3545 821 3632 colligitur,
843 3544 939 3610 fidem
956 3566 975 3608 a
992 3543 1136 3610 Concilio
1164 3543 1351 3609 Tridentino
1368 3547 1445 3630 jure
1463 3546 1542 3610 inter

343 3652 480 3716 virtutes
502 3654 541 3716 ad
558 3653 825 3736 justificationem
846 3655 1055 3739 disponentes
1071 3654 1202 3731 referri,
1217 3655 1238 3719 i.
1256 3675 1283 3719 e.
1301 3675 1373 3731 eas,
1390 3677 1451 3740 per
1468 3677 1542 3742 quas

345 3762 431 3825 ohex
454 3761 578 3848 gratiae
596 3763 804 3846 justificantis
825 3763 859 3828 in
876 3764 970 3829 nohis
986 3777 1188 3840 removetur,
1204 3777 1237 3828 et
1253 3765 1293 3829 oh
1312 3786 1393 3850 quas
1415 3788 1480 3830 nos
1495 3766 1542 3828 illa

345 3869 434 3956 digni
454 3871 625 3945 efficimur3
651 3873 779 3938 minime
800 3886 906 3939 autem
928 3897 1003 3941 esse
1025 3874 1120 3939 fidem
1143 3896 1272 3941 causam
1299 3875 1540 3960 justificationis

344 3977 635 4057 instrumentalem,
651 4003 710 4067 per
727 3982 957 4068 quamjnstitia
978 3982 1072 4048 nobis
1105 3982 1255 4048 divinitus
1288 3985 1492 4061 conseratur,
1512 3997 1541 4048 et

345 4087 436 4171 quasi
451 4111 545 4153 manu
562 4112 581 4154 a
596 4091 690 4155 nohis
708 4092 975 4176 apprehendatur,
987 4105 1042 4157 aut
1056 4092 1149 4177 plane
1166 4114 1298 4158 causam
1315 4096 1464 4180 ejusdem
1479 4096 1538 4160 lor-

345 4196 474 4271 malem,
490 4220 552 4284 qua
568 4199 692 4265 scilicet
717 4200 907 4285 justificatio
924 4202 995 4286 ipsa
1010 4202 1042 4266 in
1059 4201 1155 4266 nohis
1178 4201 1376 4286 perficiatur.
1410 4205 1539 4289 lnsnper

346 4324 474 4371 causam
494 4308 660 4373 formalem
676 4308 916 4393 justificationis
938 4332 1012 4375 esse
1035 4311 1194 4394 justitiam
1210 4312 1305 4376 nohis
1322 4312 1538 4379 inhaerentem

347 4433 405 4477 seu
422 4415 620 4493 charitatem,
643 4421 710 4503 Jam
728 4440 827 4503 supra
843 4419 981 4484 evictum
998 4433 1065 4494 est;
1099 4433 1131 4485 et
1163 4442 1294 4486 causam
1326 4425 1478 4508 ejusdem
1494 4421 1535 4485 in·

345 4525 585 4589 strumentalem
610 4548 684 4592 esse
705 4530 928 4605 Sacramenta,
944 4552 964 4594 a
979 4529 1108 4595 Christo
1140 4531 1278 4597 Domino
1312 4531 1474 4609 instituta,
1494 4531 1534 4595 in·

346 4628 444 4697 serius
464 4634 640 4699 docebitur.
664 4639 813 4701 Attamen
835 4659 915 4722 quae
938 4638 1088 4714 dicimus,
1111 4651 1232 4704 tantum
1254 4624 1380 4708 deiide
1403 4641 1534 4714 informi,

258 4728 260 4731 ’
345 4752 440 4820 prout
455 4744 645 4826 adpellatur‚
666 4743 870 4832 intelligenda
891 4759 981 4823 sunt,
1003 4749 1041 4812 de
1059 4770 1119 4834 qua
1134 4749 1187 4814 hic
1201 4749 1266 4814 loci
1294 4752 1451 4818 duntaxat
1473 4772 1531 4815 ser·

345 4866 473 4913 monem
504 4872 594 4928 esse,
614 4873 673 4938 per
697 4875 734 4919 se
754 4854 949 4942 intelligitur.
981 4857 1063 4924 Nam
1085 4857 1181 4924 iidem
1212 4860 1402 4941 formatam,
1418 4863 1438 4930 i.
1455 4883 1480 4929 e.
1497 4879 1530 4925 ex
