3775 5625
597 705 632 795 ξ.
657 703 725 773 89.
751 703 889 774 Vires
913 704 1051 775 liberi
1075 702 1273 774 arbitrii.

451 931 720 1010 Quemadmodum
742 951 761 993 a
781 929 962 1016 Pelagiauis
978 941 1010 993 et
1026 929 1078 1015 qui
1102 952 1173 992 cum
1189 929 1269 1014 ipsis
1285 932 1441 1004 sentiunt,
1456 930 1506 994 libe

341 1064 412 1106 rum
429 1039 593 1105 arbitrium
611 1041 726 1103 elatum
744 1051 809 1113 est,
832 1038 1112 1113 contendentibus,
1129 1038 1289 1102 bominem
1308 1039 1388 1104 solis
1405 1054 1514 1104 naturae

343 1149 463 1214 viribus
481 1170 578 1235 posse
595 1149 776 1212 universam
793 1151 896 1235 legem
920 1148 1057 1212 divinam
1081 1148 1268 1233 adimplere,
1285 1148 1335 1213 sic
1351 1150 1432 1214 alios
1447 1172 1514 1214 nier-

343 1260 383 1325 tis
407 1261 563 1323 humanae
582 1259 669 1322 vires
694 1271 886 1322 extenuasse
908 1280 945 1323 ac
963 1258 1178 1343 depressisse,
1195 1259 1239 1322 ita
1255 1272 1289 1322 ut
1305 1258 1358 1322 illa
1373 1258 1416 1322 uil
1433 1259 1517 1345 qumd

344 1368 561 1456 cognitionem
577 1366 719 1430 veritatis
737 1366 926 1455 religiosae,
944 1367 1048 1453 nilque
1067 1390 1202 1452 prorsus
1219 1369 1323 1453 quoad
1340 1369 1417 1432 boni
1433 1388 1517 1432 mua·

342 1479 381 1543 lis
398 1476 618 1562 operationem
640 1477 756 1549 valeat,
780 1498 878 1560 supra
902 1476 1109 1541 ostendimus.
1142 1477 1372 1542 Verumtamen
1406 1477 1518 1541 libeum

343 1587 508 1651 arbitrium
533 1608 635 1672 neque
659 1586 765 1650 omuia
789 1599 908 1670 potest,
935 1608 1037 1672 neque
1062 1586 1157 1650 etiam
1173 1609 1311 1672 prorsus
1329 1586 1419 1659 nihit;
1445 1599 1519 1669 aque

344 1698 607 1783 quemadmodum
638 1696 801 1782 Pelagiaui
833 1709 956 1770 errant,
980 1695 1031 1782 qui
1058 1695 1175 1760 rationi
1192 1719 1229 1760 ac
1244 1696 1402 1761 voluntati
1434 1691 1520 1760 unnia

345 1805 499 1880 tribuunt,
523 1804 567 1868 ita
589 1804 683 1869 etiam
714 1806 897 1870 Novatores
919 1826 1006 1869 saec.
1029 1806 1110 1868 xvt.
1145 1828 1215 1869 cum
1236 1801 1519 1871 Praedestimtianis

344 1937 382 1980 ae
405 1912 611 1987 Janscnistis,
644 1914 695 1999 qui
728 1914 842 1978 rationi
860 1915 964 1999 quoad
981 1936 1035 1979 res
1059 1915 1179 1979 divinas
1197 1936 1235 1979 ac
1252 1914 1406 1979 voluntati
1422 1933 1518 1976 omues

343 2024 430 2089 vires
446 2023 596 2088 adimunt.

455 2133 541 2211 Quae
562 2133 711 2198 Ecclesia
733 2131 898 2198 Catholica
919 2154 962 2197 ex
982 2132 1147 2218 principiis
1168 2134 1236 2198 suis
1257 2135 1296 2197 de
1317 2125 1443 2219 peccato
1465 2130 1516 2194 ori·

345 2242 459 2331 ginali,
493 2263 550 2326 per
582 2244 666 2327 quod
698 2242 823 2327 quidem
848 2238 962 2305 natura
984 2243 1119 2305 bumana
1135 2241 1167 2306 in
1185 2242 1252 2306 suis
1269 2238 1462 2307 facultaibus
1477 2251 1518 2304 est

346 2350 504 2426 sauciata,
536 2373 601 2415 non
633 2365 737 2415 autem
762 2351 935 2426 exstincta,
956 2352 1019 2415 boe
1041 2364 1193 2436 respectu
1210 2352 1320 2427 tradit,
1338 2350 1463 2416 adhaec
1475 2369 1516 2412 re·

347 2462 458 2524 deunt:
491 2461 653 2524 hominem
675 2463 799 2545 lapsum
821 2482 920 2544 posse
937 2460 1007 2524 siue
1023 2460 1129 2546 gratia
1145 2463 1370 2545 supernatura}
1386 2456 1517 2543 singulas

346 2571 498 2634 veritates
530 2570 651 2634 ordinis
684 2569 836 2634 naturalis
869 2573 1085 2655 cognoscere,
1118 2570 1192 2634 licet
1217 2592 1281 2633 uon
1298 2567 1382 2634 siuul
1398 2577 1518 2639 sumus,

347 2692 440 2764 atque
459 2701 558 2764 opera
574 2679 719 2744 faciliora
735 2680 908 2765 perficere,
941 2682 1089 2764 levesque
1113 2680 1306 2744 tentationes
1324 2696 1480 2759 superare,
1494 2686 1519 2738 et

347 2788 419 2854 ideo
453 2788 560 2853 omnia
589 2788 761 2853 infidelium
783 2809 821 2853 ac
840 2801 1048 2874 peccatorum
1080 2811 1179 2873 opera
1200 2811 1264 2853 uon
1286 2805 1348 2853 ese
1382 2796 1518 2869 peccata}

348 2898 420 2984 quin
437 2899 502 2964 imo
518 2921 616 2984 posse
634 2899 795 2963 bominem
811 2899 905 2963 etiam
918 2912 991 2963 ante
1008 2921 1098 2963 snam
1108 2898 1361 2982 justificatiomm
1378 2916 1439 2980 ope
1455 2915 1517 2982 gra·

348 3007 410 3072 tiae
427 3008 574 3083 actualis,
598 3029 691 3094 quam
707 3030 726 3072 a
742 3010 810 3072 Deo
837 3008 983 3072 omuibus
1007 3008 1101 3072 etiam
1117 3007 1296 3072 infidelibus
1309 3015 1334 3067 tt
1351 3002 1516 3089 peccatori·

349 3119 407 3182 bus
425 3117 575 3193 concedi,
599 3118 731 3182 inferius
750 3117 1036 3192 demonstrabitur,
1054 3119 1138 3180 bona
1155 3138 1253 3201 opera
1270 3111 1440 3180 dificifiora
1455 3134 1514 3198 per·

347 3226 459 3303 ficere,
476 3240 509 3291 et
524 3226 695 3314 graviores
713 3248 837 3312 quoque
854 3226 1046 3290 tentationes
1063 3246 1225 3310 superare.

348 3505 384 3596 ξ.
408 3504 477 3573 ab.
501 3505 648 3573 nomo
672 3507 831 3592 potest
856 3504 960 3575 sine
985 3502 1182 3593 spectati
1202 3496 1342 3590 gnua
1359 3515 1516 3587 cogno·

349 3629 485 3682 scere
512 3613 741 3684 veritates
766 3614 1012 3702 religionis
1033 3616 1280 3689 naturate,
1301 3611 1401 3679 tum
1424 3626 1516 3697 spe·

634 3725 866 3796 culativas
887 3729 985 3794 tum
1005 3723 1241 3812 praelicat·

457 3932 622 3996 Sententia
643 3935 722 3998 haec
744 3933 869 4019 quidem
887 3935 926 3996 ad
943 3954 1101 4019 expressa
1117 3933 1190 3998 fidei
1208 3926 1378 3993 lath01ieae
1396 3931 1515 4018 dogma·

348 4057 380 4109 ta
396 4067 460 4108 non
477 4043 629 4129 pertinet:
655 4057 793 4107 attamen
812 4046 850 4107 ab
868 4044 1015 4108 omnibus
1038 4042 1200 4108 admittitu·
1214 4059 1251 4101 ac
1269 4039 1406 4102 traditur
1424 4041 1515 4104 Theo·

349 4153 446 4242 logis,
468 4153 579 4238 paucis
600 4166 720 4217 tantum
743 4153 902 4237 exceptis,
927 4153 979 4238 qui
1002 4165 1056 4217 aut
1077 4153 1166 4217 falsis
1184 4146 1395 4231 thil0sopbiae
1411 4147 1516 4234 prinei·

349 4263 409 4349 piis
427 4263 564 4338 seducti,
582 4260 688 4327 omnia
705 4265 809 4348 quoad
826 4262 1044 4349 coguitionem
1061 4255 1211 4350 religiois
1229 4257 1343 4320 sensui
1361 4258 1517 4324 tribuenda

347 4395 421 4440 csse
454 4386 601 4446 censent,
623 4385 677 4436 aut
693 4371 824 4436 sinistro
848 4373 918 4435 zelo
953 4371 1089 4455 abrepti,
1122 4363 1177 4435 fidi
1202 4366 1326 4428 detrahi
1352 4381 1476 4451 putant,
1494 4365 1516 4429 si

348 4483 420 4569 quid
436 4481 551 4545 virium
567 4482 619 4545 bic
635 4481 751 4545 rationi
769 4484 980 4556 concedatur,
1004 4504 1068 4545 uon
1084 4476 1319 4567 pertendentes,
1346 4476 1399 4540 tali
1432 4477 1514 4540 modu

349 4615 475 4657 omnem
490 4612 599 4654 veram
615 4591 711 4656 fidem
727 4591 867 4676 perverti
883 4613 921 4655 ac
938 4591 1068 4656 destrui.
1093 4592 1202 4653 Deeut
1218 4595 1326 4647 autem
1344 4585 1375 4649 id

456 4725 494 4784 A.
520 4723 579 4784 SS.
601 4720 790 4794 Litterae,
824 4741 903 4805 quae
928 4718 1067 4784 definitis
1090 4710 1178 4783 rubis
1196 4714 1342 4787 tradunt,
1367 4714 1513 4778 ltonrinem

350 4842 479 4894 naturae
499 4829 616 4895 lumine
636 4829 668 4894 in
691 4830 756 4894 veri
778 4830 837 4894 Dei
862 4828 1023 4904 notitiam,
1041 4829 1173 4914 quimus
1191 4832 1223 4883 et
1240 4822 1335 4888 SOIus
1351 4836 1417 4899 est,
1434 4824 1510 4887 dett·
