3775 5625
1404 448 1471 516 409

277 618 345 683 nire
362 637 476 703 posse3
502 638 581 703 quac
608 615 726 679 veritas
743 628 838 699 prout
856 615 994 679 omnium
1012 615 1181 679 veritatum
1197 616 1365 704 religionis
1382 629 1469 680 natu·

276 728 354 792 ralis
377 739 428 791 est
450 727 551 811 prima
567 748 605 789 ac
621 746 760 798 summa,
777 726 821 789 ita
837 726 906 789 sine
923 724 1019 787 dubio
1037 737 1088 789 est
1104 725 1234 811 reliquis
1252 726 1399 789 omnibus
1417 747 1469 789 co-

276 838 369 925 gnitu
401 835 568 900 difficilior.
609 835 742 921 Legitur
759 836 843 899 enim
860 836 891 898 in
909 835 990 898 libro
1013 837 1102 898 lob:
1134 838 1274 899 Orrtnes
1300 840 1473 899 dominer

276 955 411 1010 vident
425 969 522 1020 cunr,
540 953 815 1026 unusquisque
832 954 1011 1010 intuetur
1025 954 1168 1026 procot
1177 951 1215 1025 ¹).
1241 947 1309 1025 Quo
1327 948 1399 1010 loco
1418 947 1470 1009 de·

277 1057 439 1120 clarentur
459 1054 606 1117 homines
630 1054 736 1117 videre
762 1055 879 1127 Deum,
904 1054 976 1138 quia
998 1076 1111 1117 ornnes
1128 1055 1245 1118 habent
1261 1055 1364 1118 lumen
1382 1068 1470 1118 natu-

275 1167 359 1238 rale,
376 1185 437 1249 quo
455 1162 638 1249 pertingere
670 1175 807 1247 possunt
828 1164 865 1225 ad
891 1163 1109 1248 coguitionem
1141 1162 1217 1235 Dei;
1242 1162 1335 1227 simul
1366 1176 1471 1228 tamen

275 1274 391 1359 procul
415 1293 488 1337 cum
512 1272 628 1335 intueri
655 1271 816 1346 dicuntur,
842 1272 914 1356 qnia
940 1295 1003 1334 non
1021 1285 1157 1356 possunt
1174 1293 1393 1359 cognoscere,
1410 1272 1471 1337 nisi

276 1381 461 1448 communia
488 1381 658 1466 quaedam,
685 1394 716 1443 ut
743 1403 816 1445 csse
842 1382 961 1465 ipsum,
986 1394 1016 1445 et
1039 1402 1112 1445 esse
1131 1403 1242 1457 unum,
1259 1383 1471 1457 timiamate,

277 1513 360 1579 quae
386 1513 428 1555 ex
456 1492 553 1553 rebus
585 1490 703 1554 creatis
736 1491 928 1575 colliguntur
943 1494 978 1570 ἶ).
1004 1493 1037 1554 ln
1064 1491 1143 1555 libro
1162 1491 1405 1576 Sapientiae:
1432 1492 1472 1555 aa·

276 1615 405 1666 tuntum
418 1613 597 1679 potuerunt
612 1607 709 1675 scire,
730 1614 765 1663 ut
777 1614 910 1680 possent
927 1608 1098 1664 oeattruore
1114 1610 1296 1664 saeculum:
1315 1611 1472 1681 quomodo

277 1713 622 1790 hujuaDominum
639 1731 714 1772 non
728 1716 904 1784 faritius
919 1713 1219 1789 inuenerunt³)?
1250 1712 1302 1773 Ex
1318 1731 1380 1795 qno
1399 1711 1470 1773 loco

277 1819 402 1905 pariter
433 1818 601 1892 discimus,
633 1841 743 1882 rerum
774 1832 806 1882 et
838 1841 932 1882 unum
966 1821 1066 1883 Deum
1099 1820 1283 1884 naturaliter
1315 1819 1472 1906 cognosci

278 1949 397 2014 posse3
421 1948 494 1991 nam
510 1927 647 2011 loquitur
665 1928 715 1990 trie
731 1949 823 2013 sacer
841 1942 953 1991 auctor
971 1932 1008 1991 de
1025 1930 1095 1992 Deo
1112 1929 1144 1991 in
1162 1928 1364 2013 oppositione
1382 1929 1484 2003 solis„

279 2042 373 2102 lunae
391 2050 423 2101 et
438 2038 598 2100 lrominum
617 2051 830 2112 mortuorunt,
847 2060 866 2102 a
881 2039 1068 2124 gentilibus,
1086 2062 1166 2124 quos
1183 2038 1396 2123 reprehendit,
1412 2060 1471 2123 pro

280 2147 342 2211 diis
358 2145 548 2210 habitorum.
574 2148 607 2208 ln
629 2147 737 2210 Actis
756 2148 1052 2230 Apostolorum,
1078 2149 1179 2212 Deum
1197 2150 1345 2211 mundum
1365 2147 1471 2210 condi·

243 2326 246 2331 ,
281 2257 386 2329 disse,
412 2268 505 2341 atquc
536 2255 640 2318 omnia
663 2255 832 2340 disponere
850 2256 880 2318 in
898 2278 961 2331 eo,
974 2269 1007 2319 nt
1022 2257 1168 2321 homines
1186 2269 1336 2342 quaerant
1354 2260 1470 2338 Deum,

280 2374 309 2430 si
323 2371 417 2443 forte
433 2379 608 2429 attrectent
621 2388 707 2438 eunt,
724 2381 783 2429 aut
796 2374 978 2439 inueniant,
996 2375 1173 2447 quarrata
1193 2390 1271 2430 uon
1288 2376 1300 2429 t
1306 2390 1323 2428 o
1334 2390 1354 2429 n
1359 2391 1406 2445 pe
1423 2373 1455 2429 ai
1461 2379 1475 2429 t

281 2483 325 2539 od
343 2497 577 2555 unoquoque
593 2489 768 2539 rroatrnrn
780 2486 817 2555 ἦ).
844 2477 942 2561 Cujus
962 2477 1023 2540 loci
1040 2476 1198 2541 sententia
1215 2490 1279 2550 est,
1296 2476 1471 2560 interprete

281 2586 569 2670 chrysostomo
587 2597 614 2646 et
635 2585 884 2659 (lecumenio,
911 2598 973 2649 tarn
990 2580 1063 2649 csse
1082 2585 1204 2649 facilem
1223 2598 1254 2648 ct
1270 2584 1394 2647 obviam
1412 2582 1472 2646 Dei

279 2695 425 2759 notitiam
441 2715 483 2758 ex
500 2696 596 2756 rebus
614 2695 747 2768 creatis,
770 2709 801 2758 ut
819 2697 885 2758 l'ere
903 2696 1024 2779 palpari
1041 2709 1072 2759 et
1088 2695 1251 2759 attrectari
1269 2706 1376 2779 queat,
1394 2714 1470 2777 quo·

279 2805 378 2870 modo
404 2817 579 2869 tractantur
605 2828 658 2878 ca,
675 2827 754 2890 quae
772 2819 843 2869 ante
869 2808 966 2890 pedes
983 2820 1015 2869 et
1032 2808 1276 2893 oculosjacent.
1302 2806 1344 2868 Et
1359 2802 1391 2866 in
1407 2801 1470 2887 epi·

280 2916 366 2979 stola
389 2917 428 2978 ad
451 2915 664 2979 Romanos:
705 2920 884 2979 Beretutur
915 2923 999 2978 etaim
1031 2923 1084 2978 iro
1115 2918 1177 2977 Dei
1200 2925 1238 2976 de
1262 2923 1350 2977 coeto
1375 2934 1474 2991 super

281 3047 405 3089 omnem
421 3031 627 3102 impietatem,
644 3038 676 3086 et
691 3030 882 3104 injustitiam
906 3030 1072 3087 dominum
1091 3046 1215 3104 eorum,
1234 3029 1290 3102 qui
1308 3029 1472 3085 ueritatem

281 3142 316 3197 in
332 3140 495 3214 injustitia
511 3141 668 3198 detinent:
702 3140 792 3214 quio,
820 3144 919 3213 quod
948 3147 1078 3198 notum
1102 3147 1166 3196 est
1187 3137 1278 3210 Dei,
1304 3134 1471 3206 manife-

252 3321 254 3325 .
280 3257 384 3307 stum
407 3257 464 3306 est
488 3250 530 3305 in
555 3251 653 3306 iltis.
685 3247 776 3306 Deus
796 3250 881 3307 enim
897 3247 1211 3319 ittr'snmnifestaor't.
1238 3244 1481 3306 Invisibilia.

280 3359 381 3416 enim
397 3359 538 3431 ipsius,
557 3377 576 3415 a
593 3367 781 3416 creatura
797 3360 1027 3433 ntandi‚per
1043 3376 1103 3433 eu,
1122 3357 1472 3431 pudefactorum,

280 3465 486 3544 intellecta
510 3469 834 3542 conspiciuntur:
859 3470 1098 3542 sentptterna
1121 3484 1272 3541 quoque
1289 3467 1373 3542 ejus
1390 3467 1472 3522 oir-

280 3586 364 3652 tus,
391 3585 430 3634 et
451 3579 668 3636 divinitas:
694 3580 751 3635 itu
769 3587 811 3636 ut
834 3580 915 3636 sint
937 3578 1259 3654 inexcusabiles,
1294 3577 1371 3651 quio
1402 3591 1473 3632 cunt

280 3688 559 3760 oopnooiasent
589 3684 725 3761 Deum,
749 3704 815 3744 non
841 3688 925 3745 sient
940 3685 1045 3744 Deum
1058 3685 1327 3759 ytorr'lieurerunt
1337 3686 1374 3760 ⁵).
1400 3679 1472 3758 Qui·

280 3793 342 3855 hus
359 3790 521 3876 significat
537 3793 727 3874 Apostolus,
744 3791 907 3875 sapientes
931 3791 1038 3853 mundi
1055 3812 1096 3853 ex
1112 3792 1210 3854 rebus
1228 3790 1345 3854 creatis
1363 3811 1473 3854 verum

277 3901 383 3966 Deum
401 3899 605 3986 cognovisse.
629 3901 710 3964 Nam
727 3901 754 3964 si
772 3922 835 3963 non
855 3901 1095 3987 cognovissent,
1113 3922 1176 3962 non
1194 3900 1376 3963 dicerentur
1391 3897 1472 3961 veri-

279 4021 394 4082 tatem,
410 4009 429 4072 i.
448 4031 474 4072 e.
493 4031 600 4073 reram
618 4010 850 4096 cognitionem,
868 4031 960 4094 qnam
978 4011 1017 4074 de
1034 4011 1103 4072 Deo
1121 4011 1251 4093 ejusque
1269 4006 1472 4091 perfectioni·

277 4121 341 4183 bus
359 4118 530 4194 habebant,
551 4118 667 4203 injuste
691 4119 881 4193 detinuisse,
897 4118 917 4202 i.
935 4141 962 4182 e.
980 4119 1011 4182 in
1030 4131 1119 4182 aetus
1141 4117 1184 4180 illi
1201 4117 1400 4190 conformes,
1418 4114 1472 4180 ot-

276 4226 426 4313 sequium
450 4241 482 4293 et
506 4231 621 4292 cultum
648 4230 716 4292 Deo
744 4220 899 4302 debitum,
916 4229 1005 4292 exire
1023 4250 1086 4291 non
1104 4227 1218 4291 sivisse
1226 4251 1234 4300 ;
1260 4247 1361 4310 neque
1379 4227 1472 4290 abso·

275 4341 344 4404 lute
368 4336 588 4422 pronuntiaret
608 4339 798 4420 ApostoluS,
820 4337 906 4410 illos,
929 4359 1001 4399 curn
1022 4338 1123 4399 Deum
1146 4334 1393 4422 cognovissent,
1410 4355 1473 4396 non

241 4448 248 4459 '
275 4447 366 4514 sicut
385 4447 487 4510 Deum
519 4446 739 4532 glorilieass03
765 4467 865 4530 nequo
884 4448 924 4509 olr
943 4447 1060 4509 crdtum
1088 4439 1166 4508 uero
1184 4446 1253 4507 Deo
1271 4445 1473 4528 ‹lerregaturm

391 4702 416 4782 ¹)
432 4702 504 4762 Job.
527 4701 585 4784 36,
608 4701 660 4765 25.
678 4739 721 4747 —-
738 4699 765 4787 ⁶²)
783 4704 827 4766 Of.
851 4703 1003 4783 Gregor.
1029 4705 1069 4765 M.
1092 4705 1171 4763 Mur.
1195 4704 1213 4764 t.
1232 4706 1280 4762 27.
1307 4722 1331 4763 c.
1350 4702 1377 4761 5.
1397 4722 1424 4759 η.
1443 4705 1472 4760 8.

275 4790 510 4948 (ἓξὲξ-12111
528 4791 603 4856 856.
624 4831 664 4839 -
683 4795 709 4873 ³)
727 4794 799 4875 Sap.
819 4792 873 4870 13,
891 4795 921 4857 9.
941 4832 981 4840 -
1001 4789 1027 4878 ⁴)
1045 4795 1112 4919 Act.
1132 4791 1187 4869 lt,
1212 4790 1262 4854 17.
1281 4828 1326 4896 —q
1340 4794 1367 4869 ὅ)
1385 4793 1473 4857 Rom.
