3775 5625
344 452 410 517 tto

447 616 489 680 Ut
505 627 612 679 tamen
628 614 661 678 in
678 611 866 700 quaestione
881 613 942 676 hac
959 624 1048 677 recto
1066 610 1180 676 ordine
1196 612 1435 696 procedamus:

451 726 480 790 1.
498 726 537 788 de
554 736 688 809 peccato
707 724 828 809 primo,
846 723 930 807 quod
952 733 1199 807 protoparentes
1228 720 1432 806 stirpemque
1455 732 1553 784 totam

343 832 589 907 contaminavit,
621 834 754 918 ejusque
785 830 953 895 effectibus
978 830 1010 894 in
1037 830 1113 906 illis,
1146 830 1198 916 qui
1221 831 1368 915 ejusdem
1400 840 1554 893 auctores

342 955 451 1018 erant,
468 942 684 1015 disseremus3
703 940 817 1005 deinde

449 1050 480 1116 2.
503 1053 542 1115 de
569 1052 683 1115 eodem
704 1049 736 1112 in
758 1048 884 1112 illorum
906 1048 1064 1132 posteris,
1096 1050 1136 1112 ad
1158 1069 1239 1135 quos
1256 1060 1308 1112 est
1324 1058 1553 1135 propagatum,

343 1160 412 1226 sive
429 1162 468 1225 de
485 1172 621 1246 peccato
639 1159 776 1246 originis
793 1158 824 1221 in
849 1157 960 1232 nobis,
991 1169 1023 1221 et
1045 1157 1170 1242 quidem
1194 1159 1233 1221 de
1254 1158 1326 1241 ejus
1348 1154 1552 1229 exsistentia,

344 1270 599 1344 universalitate,
616 1280 710 1353 atque
727 1266 894 1332 effectibus
910 1287 969 1330 seu
986 1266 1099 1351 poenis
1105 1290 1114 1339 ;
1132 1286 1170 1330 ac
1187 1268 1316 1330 tandem

450 1378 481 1443 3.
499 1380 539 1442 de
555 1389 689 1463 peccato
706 1375 879 1461 personali,
896 1376 988 1459 cujus
1004 1374 1078 1437 illud
1095 1376 1169 1438 lons
1186 1387 1238 1439 est
1255 1387 1288 1439 et
1304 1374 1416 1461 origo,
1434 1386 1469 1438 et
1490 1374 1548 1459 qui·

345 1489 418 1552 dem
435 1489 475 1551 de
493 1488 639 1572 ejusdem
655 1498 783 1560 natura,
801 1484 1029 1569 malitiamque
1046 1505 1160 1569 poena.

624 1799 656 1877 ξ.
673 1792 742 1863 23.
759 1794 1027 1863 Mandatum
1044 1791 1268 1862 divinum.

450 2033 517 2096 Res
534 2042 657 2105 creata,
674 2042 785 2114 utpote
802 2030 995 2117 contingens
1012 2050 1050 2093 ac
1067 2029 1269 2113 dependens,
1285 2029 1421 2095 nonnisi
1439 2029 1546 2095 mrione

346 2164 419 2206 cum
435 2141 524 2213 Deo,
548 2151 620 2204 ente
637 2140 803 2215 absoluto,
829 2138 992 2225 perficitur
1015 2160 1054 2203 ae
1069 2138 1258 2203 absolvitur.
1282 2140 1409 2204 Verum
1432 2140 1547 2204 indolet

347 2249 432 2314 entis
448 2248 539 2313 liberi
556 2268 595 2313 ac
611 2248 661 2312 sui
678 2248 801 2313 conscii
817 2270 876 2314 seu
892 2248 1073 2333 personalis
1089 2247 1186 2322 liniti,
1211 2260 1244 2312 et
1258 2248 1333 2313 ideo
1350 2270 1481 2335 quoque
1501 2251 1547 2314 lio·

346 2358 457 2433 minis,
481 2358 670 2422 necessario
696 2357 814 2445 exigit,
838 2370 872 2421 ut
901 2357 1086 2442 conjunctio
1113 2377 1153 2421 ac
1173 2357 1251 2421 unio
1273 2358 1356 2423 llaec
1389 2358 1423 2424 in
1456 2360 1546 2424 libero

347 2488 459 2533 amore
475 2467 650 2541 consistat,
675 2479 770 2552 atque
792 2489 873 2551 opus
891 2480 954 2532 tam
974 2466 1113 2531 hominis
1130 2487 1226 2552 quam
1248 2466 1309 2531 Dei
1328 2466 1384 2533 sit.
1409 2466 1547 2534 Undetd

348 2590 493 2643 naturam
525 2575 664 2641 lrominis
697 2575 925 2661 perficiendam
957 2574 1178 2641 necessarium
1210 2587 1278 2648 est,
1317 2588 1353 2640 ut
1379 2576 1453 2661 ipse
1475 2576 1547 2640 inter

347 2688 452 2752 Deum
469 2698 501 2749 et
517 2706 581 2750 non
597 2685 702 2750 Deum
718 2685 855 2771 eligere,
880 2697 973 2770 atque
1001 2706 1074 2748 curn
1100 2683 1150 2747 sni
1173 2684 1377 2749 conscientia
1399 2698 1434 2750 et
1454 2684 1545 2751 libero

347 2795 520 2862 voluntatis
543 2816 621 2859 suae
642 2796 776 2859 decreto
794 2817 866 2859 cum
883 2794 953 2859 Deo
971 2816 1007 2858 se
1024 2792 1131 2868 unire,
1153 2806 1207 2858 aut
1222 2815 1302 2858 vero
1320 2815 1338 2858 a
1354 2794 1430 2860 Deo
1453 2817 1491 2860 se
1507 2814 1545 2859 se·

343 2908 485 2992 jungere
507 2925 545 2969 ac
567 2917 715 2968 avertere
738 2916 884 2990 cogatur.
925 2905 1017 2981 Quod
1038 2915 1073 2967 ut
1088 2901 1197 2978 lieret,
1220 2904 1310 2969 Deus
1333 2904 1475 2980 homini,
1502 2923 1545 2967 vo·

348 3015 454 3077 luntas
470 3013 576 3077 divina
595 3012 752 3077 voluntati
772 3014 927 3077 humanae
944 3012 976 3076 in
993 3012 1096 3076 forma
1112 3011 1274 3077 interdicti
1297 3014 1425 3099 opponi
1446 3033 1545 3079 neees-

350 3143 422 3185 sum
440 3134 519 3186 erat.

454 3231 537 3295 Nam
553 3233 650 3295 lromo
667 3230 699 3293 in
717 3242 790 3294 ortu
805 3251 883 3303 suo,
906 3243 1003 3314 prout
1024 3253 1041 3295 c
1058 3252 1152 3295 manu
1169 3230 1230 3296 Dei
1246 3232 1384 3316 prodiit,
1414 3233 1465 3299 sui
1494 3229 1546 3318 qui·

350 3342 423 3405 dem
440 3352 510 3404 erat
526 3339 696 3413 conscius,
713 3351 851 3403 attamen
868 3340 938 3424 ejus
956 3338 1170 3414 conscientia,
1187 3338 1295 3404 diuina
1310 3341 1490 3424 efficientia
1504 3359 1546 3406 ox·

351 3449 462 3523 citata,
486 3461 558 3513 erat
578 3448 717 3532 simplex
734 3459 854 3511 tantum
871 3446 1021 3521 scientia,
1054 3469 1116 3532 qua
1135 3448 1206 3532 ipse
1229 3449 1375 3534 quidem,
1402 3473 1440 3517 se
1463 3450 1548 3517 actit-

352 3579 426 3620 uum
443 3576 574 3619 suarum
591 3555 754 3620 dominum
771 3577 861 3630 esse,
885 3578 945 3621 nec
967 3579 1029 3621 uon
1051 3577 1071 3620 a
1092 3559 1190 3621 rebus
1214 3557 1347 3643 reliquis
1376 3560 1550 3626 distinctum

353 3677 484 3750 atquee
511 3665 582 3729 Deo
606 3665 796 3747 pendentem
825 3664 998 3738 seratiebat3
1029 3679 1168 3730 attamen
1190 3669 1336 3752 perlecta
1357 3682 1393 3734 et
1416 3671 1551 3737 absoluta

352 3773 419 3847 sui,
443 3784 540 3857 prout
555 3784 588 3836 et
607 3792 686 3836 suae
703 3774 743 3836 ad
758 3773 875 3846 Deum,
899 3794 1015 3858 resque
1042 3787 1169 3839 creatas
1189 3776 1377 3853 relationis,
1419 3776 1551 3868 cognito

353 3882 437 3949 ltaud
453 3879 526 3952 iuit3
549 3900 651 3965 porro
673 3881 828 3945 sanctitas
850 3893 881 3945 ct
897 3882 1038 3964 justitia,
1066 3882 1098 3945 in
1121 3905 1183 3968 qua
1199 3885 1402 3952 constitutus
1424 3901 1510 3963 erat,
1529 3892 1553 3949 el

353 4010 415 4076 qua
431 3989 471 4052 ad
486 3989 589 4052 Deum
607 4001 723 4072 sponte
741 4009 799 4052 sua
815 4011 853 4052 ac
869 3991 1057 4054 necessario
1075 3992 1166 4076 quam
1182 3995 1397 4073 movebatur,
1415 4011 1489 4062 erat
1503 3988 1552 4082 ipsi

354 4097 483 4163 nonmsi
499 4096 613 4171 indita,
630 4118 694 4160 non
710 4096 908 4171 voluntaria,
932 4100 1056 4182 qualem
1074 4112 1180 4164 tamen
1201 4124 1274 4168 eam
1289 4103 1365 4169 lieri
1382 4107 1553 4192 oportebat

353 4209 396 4272 Ut
414 4205 520 4291 itaque
536 4207 632 4296 lromo
650 4227 687 4268 se
713 4217 872 4290 tamquam
893 4206 1060 4290 suijuris,
1083 4210 1154 4273 Deo
1177 4223 1285 4276 tamen
1308 4215 1509 4299 subjectum,
1531 4218 1555 4275 tt

355 4315 449 4379 simul
465 4326 597 4378 naturae
615 4313 792 4388 dominum,
816 4315 948 4399 abipso
971 4317 1195 4395 constitutum,
1221 4338 1442 4408 agnosceret,
1474 4337 1554 4410 atque

354 4424 451 4491 simul
473 4436 508 4487 ut
534 4423 719 4510 adigeretur
743 4423 782 4486 ad
799 4421 895 4486 vitam
912 4423 1124 4507 spiritualem,
1151 4450 1246 4512 quam
1273 4433 1434 4511 ducebat,
1473 4448 1554 4499 occu·

356 4535 492 4619 pandam
509 4545 541 4597 et
557 4553 648 4596 suam
677 4529 892 4605 efficiendam,
909 4552 967 4595 seu
983 4532 1045 4596 sibi
1059 4535 1312 4620 srrbjieiendam,
1336 4542 1431 4609 Deus
1457 4555 1553 4629 proto·

356 4641 481 4728 parenti
498 4643 681 4706 mandatum
698 4639 799 4712 dedit,
823 4660 886 4724 quo
904 4639 932 4704 ei
950 4644 1183 4708 usumfructus
1202 4649 1241 4712 de
1265 4651 1388 4717 arbore
1412 4651 1553 4718 scientiae

357 4751 433 4816 honi
451 4764 483 4816 et
500 4750 574 4814 mali
589 4748 770 4821 interdixit,
794 4748 920 4811 dicens:
944 4752 1005 4811 Eo·
1030 4761 1117 4816 onmi
1134 4762 1224 4834 liqno
1242 4768 1399 4839 paradisi
1425 4769 1552 4828 comede:

358 4868 397 4926 de
413 4867 501 4944 ligno
518 4872 625 4923 autem
641 4865 795 4921 scientiae
810 4865 886 4921 boni
906 4872 937 4920 et
951 4867 1042 4942 moli,
1065 4885 1106 4926 ne
1121 4876 1289 4932 eomedas:
1313 4877 1351 4935 in
1375 4867 1565 4956 quodeunque¹
