3775 5625
1479 421 1545 494 tot

303 597 359 670 Χ.
383 600 427 678 ¹)
455 596 767 662 etAlexendruni
791 596 908 672 Vli.²),
925 613 1090 659 censensu
1114 594 1283 658 uniuersae
1307 594 1475 659 Eetiesite
1491 611 1545 679 op·

294 706 498 801 proheta

462 813 493 879 4.
510 834 554 879 ex
569 813 770 902 argumentis
785 813 922 878 internis
939 833 998 878 seu
1014 833 1073 899 per
1089 813 1291 878 rationein.
1308 813 1390 877 Nam

464 945 494 989 a.
512 922 642 988 cuilibet
657 941 774 988 sensus
791 922 921 989 intimus
937 935 1084 998 testatur,
1102 942 1137 987 se
1154 943 1218 986 non
1231 934 1353 987 tentum
1370 940 1430 1007 ope
1446 922 1548 988 tudun

296 1032 489 1107 rationis
505 1031 659 1097 veritates
676 1032 725 1097 sic
741 1032 845 1096 dictae
862 1032 1030 1119 religionis
1047 1031 1200 1096 naturalis
1216 1051 1316 1116 posse
1332 1051 1548 1119 cognoscere,

300 1143 441 1235 quod
463 1141 536 1206 stibi
561 1141 694 1208 uberius
710 1141 1003 1206 demonstravimus
1020 1154 1054 1206 et
1067 1140 1202 1206 interius
1226 1140 1474 1205 demonstraturi
1496 1161 1548 1205 su·

307 1273 445 1327 mua,
476 1252 535 1317 sed
563 1264 596 1316 et
620 1252 707 1317 bone
730 1271 769 1316 ec
790 1252 942 1315 salutarie
965 1262 1119 1336 appetere
1135 1270 1174 1315 ec
1188 1248 1279 1315 velte.
1312 1249 1449 1328 Quilibet
1464 1249 1549 1314 eninr

315 1360 411 1432 sibi
443 1360 595 1425 conscius
611 1373 676 1434 est,
703 1380 746 1426 cx
762 1379 821 1425 sua
836 1361 1000 1425 voluntate
1017 1373 1111 1446 etque
1127 1359 1258 1444 optione
1273 1360 1427 1445 pendere,
1442 1361 1550 1423 ntrutu
1608 1385 1610 1392 ¹

234 1513 235 1518 κ
322 1476 465 1556 legem
494 1468 669 1555 adimplere
699 1468 791 1544 vetit,
823 1489 884 1533 nec
905 1490 967 1543 ne;
988 1490 1036 1543 se,
1053 1470 1127 1534 dum
1143 1467 1259 1554 utquid
1274 1469 1358 1542 vult,
1375 1467 1407 1532 id
1423 1468 1504 1532 vetto
1519 1466 1551 1532 vi

327 1577 500 1667 propria,
531 1591 565 1643 et
595 1587 639 1643 ex
658 1578 791 1663 proprio
809 1579 949 1654 delectu,
965 1578 1010 1643 ite
1026 1585 1061 1643 ut
1076 1577 1183 1663 possit
1196 1577 1229 1641 id
1244 1577 1350 1662 ipsutn
1373 1576 1469 1641 etiam
1484 1591 1550 1642 nou

334 1688 446 1763 uelle,
460 1686 665 1752 set-dubitanti
680 1688 721 1751 de
736 1686 837 1751 libera
853 1687 1011 1752 electione
1027 1687 1114 1751 illico
1129 1686 1202 1772 ipso
1219 1686 1305 1750 factu
1322 1683 1479 1750 libertatis
1496 1686 1549 1751 de·

339 1797 623 1861 monstrationem
638 1796 810 1869 exirihere3
827 1809 921 1882 atque
939 1818 976 1862 se
991 1798 1056 1861 nm
1073 1816 1174 1871 suem,
1190 1808 1287 1881 prout
1303 1795 1440 1871 libuerit,
1450 1807 1552 1880 posse

343 1926 528 1981 exserere,
557 1926 629 1970 eam
646 1905 815 1980 cohibere,
847 1906 1063 1990 suspendere,
1088 1904 1252 1969 etiterum
1269 1903 1356 1979 eniti,
1373 1916 1446 1980 etc,
1464 1906 1549 1991 quod

346 2014 504 2080 obtinere
534 2016 619 2080 nudo
651 2016 749 2081 modo
770 2028 903 2099 posset,
920 2014 950 2080 si
966 2014 1160 2079 necessitate
1176 2016 1215 2079 ad
1232 2015 1393 2101 egendum
1409 2016 1551 2079 trahere·

348 2144 436 2189 nur.
475 2126 519 2188 Et
538 2125 579 2188 de
598 2124 648 2189 his
670 2124 882 2211 pudentem
907 2125 1135 2199 certisurnus,
1167 2144 1260 2209 quam
1288 2135 1378 2188 certo
1401 2121 1496 2188 euobis
1513 2124 1553 2188 de

349 2245 471 2297 uestra
485 2232 558 2318 ipsa
572 2232 766 2298 exsistentia
781 2245 920 2298 constat.
944 2234 1035 2298 Unde
1051 2246 1083 2297 et

463 2347 492 2407 t.
509 2343 609 2417 ratio,
633 2363 729 2428 quium
751 2345 955 2428 exploratum
970 2343 1101 2417 hebeat,
1122 2343 1202 2407 velle
1221 2355 1275 2407 eut
1290 2344 1374 2407 nulle
1389 2342 1423 2405 in
1440 2349 1553 2406 nostrt

295 2489 297 2494 -
354 2457 520 2531 potestate
541 2472 632 2527 esse,
656 2451 752 2515 nobis
767 2454 873 2539 legem
889 2451 1080 2516 moralitatis
1096 2451 1246 2536 imponit,
1263 2464 1296 2515 et
1311 2453 1382 2536 ejus
1400 2452 1553 2516 observa·

233 2603 260 2637 .··.
354 2556 480 2625 tionem
510 2564 637 2647 ungere
651 2581 812 2645 nunquam
834 2559 975 2634 desistit;
1001 2573 1095 2646 etque
1116 2561 1189 2625 idco
1214 2580 1340 2646 quoque
1356 2560 1481 2625 actibus
1497 2578 1554 2624 ne·

243 2711 253 2720 -
355 2666 439 2734 utris
454 2670 603 2735 meritum
619 2682 674 2735 eut
690 2654 881 2735 demeritum
896 2672 1049 2736 attribuit.
1088 2670 1217 2735 Etenim
1240 2670 1268 2735 si
1290 2669 1420 2734 nonnisi
1442 2690 1484 2734 ex
1499 2689 1554 2734 ne·

356 2780 514 2845 oessitete
536 2801 725 2878 egeremus:
757 2780 894 2847 actionis
914 2794 1048 2847 nostrae
1068 2802 1172 2868 neque
1195 2779 1321 2869 legibus
1336 2800 1464 2845 morum
1480 2778 1554 2845 sut·

354 2881 405 2964 ]ἱοὶ
445 2911 503 2955 scu
526 2889 628 2955 abiis
655 2889 752 2977 dirigi
773 2904 919 2975 possent,
935 2912 1040 2977 nequae
1056 2892 1160 2956 bonae
1177 2912 1216 2956 ec
1231 2888 1430 2963 meritoriae,
1453 2907 1556 2972 neque

233 2982 285 3101 i
358 2994 461 3064 helec
493 3019 532 3064 ac
563 2998 787 3064 demeritoriae
814 3013 941 3075 essent3
964 3022 1048 3075 nem,
1069 3013 1103 3064 ut
1123 3000 1204 3064 bene
1226 3000 1379 3064 observet
1409 3000 1443 3063 S.
1462 2996 1555 3061 Tho-

234 3124 274 3195 ¹}
361 3119 458 3182 mas,
474 3130 547 3189 per
564 3117 695 3171 aetum
708 3119 923 3191 proprium
944 3118 1034 3193 puts
1050 3117 1196 3172 mereri
1210 3131 1287 3172 non
1299 3115 1450 3190 potest,
1476 3111 1557 3169 ntes·

234 3198 280 3265 ’ἶ
363 3216 415 3273 n't
433 3222 618 3281 deminus
633 3226 698 3280 sas·
714 3218 885 3298 aetns³),
903 3229 1031 3282 actuum
1050 3237 1150 3290 vero,
1176 3236 1258 3301 quos
1274 3237 1340 3279 non
1356 3213 1405 3278 vis
1422 3211 1557 3278 elective

366 3353 631 3375 ''N-m

468 3423 496 3498 ¹)
514 3419 619 3480 const.
638 3419 714 3480 Onm
730 3420 950 3484 occasionibus.
970 3418 999 3484 1.
1014 3421 1089 3498 Mej.
1114 3415 1210 3482 1653.
1243 3453 1286 3464 —
1318 3417 1345 3497 ⁹)
1367 3414 1471 3476 Consi.
1503 3415 1559 3475 Ad

242 3582 251 3593 ι
294 3570 300 3577 ,
369 3516 499 3570 caecam
529 3513 568 3570 Β.
601 3509 690 3568 Petri
714 3513 821 3570 sedem.
845 3508 874 3576 1.
902 3511 982 3572 Nov.
1011 3506 1107 3572 1665.
1124 3509 1210 3570 Inter
1228 3510 1315 3587 cujus
1331 3505 1556 3588 propositiones

233 3660 246 3681 h
289 3664 291 3669 ,
371 3586 519 3662 damnatas
543 3599 574 3662 3.
600 3607 665 3661 est:
696 3600 747 3660 Aa
762 3604 935 3662 merendean
952 3609 979 3661 et
995 3604 1203 3661 demerendam
1218 3599 1252 3659 in
1268 3604 1348 3659 stade
1369 3602 1498 3657 natam
1513 3596 1557 3656 ia·

233 3712 239 3725 ·
265 3753 289 3769 ,,
370 3696 439 3752 ttae
460 3710 521 3753 non
542 3690 712 3767 requiritur
731 3691 766 3750 in
791 3693 909 3751 tamine
935 3693 1057 3751 libertas
1074 3713 1093 3751 a
1108 3690 1296 3764 necessitate,
1313 3693 1366 3750 sed
1382 3685 1501 3769 sufficit
1513 3686 1557 3747 u·-

373 3769 463 3844 ititas
489 3806 509 3845 a
536 3782 698 3843 coactione.
731 3819 775 3827 -
807 3782 833 3860 ³)
858 3786 908 3843 De
929 3784 1016 3846 verit.
1042 3804 1069 3858 q.
1097 3786 1145 3845 29.
1168 3790 1224 3845 aet.
1251 3785 1278 3843 t.
1303 3782 1341 3842 Τ.
1360 3773 1413 3842 li.
1429 3794 1461 3859 p.
1478 3772 1556 3842 290.

270 3892 278 3903 ”
374 3865 438 3931 al,
455 3874 502 3938 Of.
536 3873 658 3943 Quaen.
676 3876 704 3935 6.
728 3875 776 3933 De
790 3877 871 3964 muto
886 3882 943 3936 art.
961 3895 1012 3936 un.
1028 3875 1080 3934 ubi
1097 3874 1276 3934 sententiam
1297 3872 1463 3952 oppositam
1485 3870 1557 3931 hae·

245 3982 273 4013 ¹·-
374 3957 485 4026 reticem
501 3965 647 4026 declarat.
672 3963 772 4039 Quum
788 3966 865 4027 euim
881 3966 1088 4046 quaestionem
1103 3966 1325 4045 proposuisset:
1348 3965 1455 4023 Utrum
1471 3963 1559 4023 leoena

282 4066 294 4077 ·
374 4040 471 4116 iubeat
484 4057 610 4115 tiberem
625 4055 771 4115 actionem
787 4063 914 4138 aetnam,
932 4063 985 4116 aut
1000 4075 1037 4116 ea
1051 4055 1225 4115 necessitate
1240 4054 1353 4130 stipat?
1384 4054 1558 4129 respondet:

241 4142 256 4155 ’
375 4131 538 4235 ticenum
558 4149 639 4221 qaod
664 4146 789 4222 quidam
812 4153 992 4228 posuerunt,
1009 4149 1091 4223 quod
1104 4149 1243 4205 voluntas
1258 4143 1392 4204 hominis
1408 4163 1446 4202 eac
1461 4162 1559 4204 necee-

376 4232 454 4297 iti<tte
467 4245 601 4298 mouetur
615 4240 657 4296 ad
672 4237 793 4313 aliquid
809 4238 994 4314 elipandum
1011 4258 1063 4297 nec
1080 4245 1177 4297 tamen
1191 4239 1349 4314 ponebant,
1363 4238 1443 4310 qnod
1454 4236 1558 4293 volan·

242 4396 264 4408 -
325 4368 328 4403 :
379 4317 415 4376 ωδ
431 4336 590 4407 caperetur.
609 4364 649 4374 -
667 4331 767 4387 Haec
783 4336 902 4388 antem
918 4329 1052 4406 opinio
1070 4325 1340 4388 estiaeretiaa.
1375 4325 1468 4385 Tollit
1481 4323 1560 4384 enim

233 4494 238 4505 .
278 4438 287 4449 ·
379 4413 513 4480 'titaneus
537 4419 642 4479 meriti
662 4426 690 4478 et
708 4420 847 4479 meriti
870 4419 905 4478 in
926 4420 1069 4479 hamanis
1084 4419 1210 4480 uentus.
1250 4418 1321 4477 Non
1341 4417 1421 4477 enine
1441 4415 1561 4475 aidane

236 4522 288 4595 δ’,
304 4506 324 4581 ἱ
382 4512 434 4563 ⁶⁸⁸0
446 4509 635 4571 meritorium
649 4513 696 4569 aei
711 4510 943 4584 demeritorium,
961 4504 1041 4586 quod
1056 4510 1169 4586 aliquis
1186 4509 1231 4568 sic
1249 4528 1286 4568 eae
1301 4505 1558 4582 necessitateaqit,

233 4612 315 4687 p„
383 4601 558 4662 manure
572 4620 634 4660 non
649 4601 756 4678 possit.
796 4604 855 4661 Est
870 4601 959 4661 enam
975 4603 1203 4661 annumeranda
1218 4598 1298 4659 inter
1314 4606 1475 4660 emraneas
1489 4595 1558 4674 piti-

234 4682 322 4778 fii
385 4673 521 4767 ²⁰⁰⁰th
537 4692 711 4770 opiniones,
733 4691 806 4767 quia
827 4711 889 4753 non
909 4695 1006 4752 sotum
1023 4693 1230 4752 contrariatur
1239 4689 1331 4766 fidei,
1347 4692 1401 4750 sed
1416 4686 1562 4748 mestit

234 4770 314 4884 „2⁵
385 4781 470 4842 (Μία
488 4783 646 4862 principia
669 4783 881 4860 philosophiae
913 4783 1049 4845 maeotis.
1080 4783 1118 4844 Si
1133 4782 1211 4842 etaim
1228 4801 1289 4841 non
1304 4781 1346 4840 sit
1360 4781 1486 4840 itteram
1501 4776 1558 4837 ott-

386 4867 446 4932 nia
458 4875 491 4934 in
506 4874 603 4950 notis,
620 4877 673 4934 sed
688 4894 725 4933 ea
740 4874 913 4935 necessitate
927 4891 1079 4937 novenae
1094 4877 1135 4935 ad
1150 4876 1308 4934 ostendum
1316 4917 1329 4950 ,
1350 4869 1470 4932 tellina
1486 4867 1558 4939 deti·
