3775 5625
392 414 413 479 8

391 602 468 646 suae
491 581 655 661 Herem,
679 600 720 641 eo
745 586 847 657 quod
862 588 983 640 mater·
999 588 1105 639 esset
1120 588 1346 641 cunctarum
1360 584 1538 656 gentium
1553 580 1586 658 ¹).

391 691 483 769 Quod
499 709 617 753 nomen
632 689 720 752 Evae
738 686 906 751 manifeste
922 685 1045 770 imponi
1062 707 1127 749 non
1144 686 1316 770 potuisset,
1338 687 1367 752 si
1383 688 1436 772 qui
1451 687 1588 752 fuissent

390 820 569 886 exgenere
587 797 779 871 mortalium,
797 796 849 883 qui
865 797 1020 860 Adamum
1037 807 1141 860 aetate
1157 796 1427 881 praecessissent,
1445 809 1500 861 aut
1516 819 1587 861 cum

390 930 429 973 eo
447 909 560 973 saltem
577 907 670 971 simul
686 904 849 991 procreati
871 903 1017 968 luissent.
1036 908 1198 990 -Atque
1222 907 1350 970 tandem
1367 907 1478 981 docet,
1500 928 1518 971 a
1542 908 1586 971 la·

389 1016 573 1092 miliisNoe,
591 1017 682 1101 cujus
691 1014 852 1101 originem
869 1035 911 1079 ex
926 1014 1049 1079 Adamo
1068 1014 1197 1079 deducit
1210 1020 1249 1095 ²),
1265 1016 1430 1100 profectas
1449 1037 1523 1081 esse
1541 1016 1585 1079 di-

388 1147 501 1191 versas
518 1137 645 1214 gentes,
662 1146 742 1211 quae
753 1123 1155 1189 orbemterrarumdeinde
1172 1124 1366 1189 incolebant.
1383 1130 1431 1188 Ab
1444 1130 1499 1189 lu'c
1515 1130 1586 1207 (fo-

388 1243 488 1300 miliis
502 1238 612 1317 Noe),
629 1234 745 1324 inquit,
762 1240 886 1297 divisae
902 1247 980 1297 sunt
991 1245 1104 1312 pentes
1120 1240 1155 1296 in
1172 1246 1261 1297 terre
1274 1247 1350 1313 post
1366 1240 1525 1298 diluvium
1535 1236 1571 1315 ³).

493 1345 524 1409 2.
541 1345 629 1408 Idem
644 1344 676 1407 in
692 1342 825 1429 reliquis
841 1344 880 1408 V.
903 1344 940 1407 T.
962 1342 1053 1407 libris
1080 1355 1134 1407 aut
1155 1343 1361 1428 supponitur,
1393 1355 1446 1407 aut
1467 1344 1587 1409 diserte

387 1455 532 1521 traditur.
548 1455 630 1518 Nam
646 1454 679 1518 in
695 1452 785 1518 libris
801 1452 953 1537 Paralip
964 1453 1166 1533 omenon⁴)
1190 1453 1384 1541 genealogia
1405 1454 1444 1518 ab
1462 1455 1586 1519 Adamo

386 1564 570 1639 inchoatur,
595 1562 646 1628 cui
665 1562 771 1649 itaque
796 1562 955 1627 neminem
972 1562 1196 1648 praecessisse
1215 1562 1414 1647 supponitur.
1446 1564 1481 1626 lu
1502 1562 1586 1628 libro

388 1673 620 1759 Sapientiae
637 1684 743 1738 autem
758 1672 891 1760 legitur:
916 1675 1008 1736 Haec
1026 1671 1220 1757 (Sapientia)
1247 1679 1358 1755 illum,
1385 1680 1441 1753 qui
1459 1679 1588 1751 primus

385 1785 757 1865 formatusestaDeo,
779 1796 898 1862 pater
915 1789 1030 1847 orbis
1047 1796 1267 1858 terrarum,
1293 1791 1585 1847 eunesoluses-

387 1905 651 1974 artarentur,
670 1895 887 1971 custodiant).
915 1894 1020 1976 Atque
1043 1890 1075 1953 in
1098 1890 1181 1955 libro
1200 1890 1360 1955 Tobiae:
1390 1894 1437 1954 Tu
1461 1891 1586 1972 (Domi
1654 1946 1656 1950 ,

386 2022 427 2066 ne
436 2002 460 2081 l)
475 2005 589 2080 fecisti
594 2005 696 2064 Adam
712 2006 835 2063 delimo
855 2012 972 2073 terrae,
990 2006 1167 2081 dedistique
1183 2007 1213 2063 ei
1230 2006 1428 2073 adiutorium
1443 2003 1587 2064 Herone:

386 2112 418 2171 ἐκ
434 2106 547 2170 τούτων
566 2104 693 2189 ἐγενήθη
709 2102 743 2168 τὸ
757 2103 929 2184 ἀνθρώπων
944 2108 1060 2196 σπέρμα
1070 2106 1106 2189 ⁶).

492 2214 522 2277 3.
539 2214 575 2277 ln
598 2196 637 2276 N.
662 2213 700 2276 Τ.
723 2233 802 2277 vero
827 2212 951 2276 Lucas
971 2214 996 2292 ⁷)
1014 2232 1116 2298 genus
1143 2211 1262 2277 Christi
1286 2211 1406 2296 pariter
1429 2234 1531 2299 usque
1547 2213 1586 2277 ad

385 2323 541 2388 Adamum
566 2333 715 2397 revocat,
740 2343 833 2407 quem
858 2343 922 2385 non
949 2321 1088 2386 hominis
1114 2323 1294 2407 cujusdam,
1323 2322 1382 2385 sed
1406 2323 1483 2396 Dei,
1511 2321 1531 2386 i.
1557 2343 1585 2386 e.

385 2431 489 2495 virum
506 2432 545 2495 ab
561 2431 634 2516 ipso
650 2432 720 2496 Deo
739 2430 902 2495 conditum
923 2430 1023 2495 luisse
1040 2430 1124 2495 dicit.
1151 2430 1352 2496 Christus:
1383 2453 1455 2495 cum
1476 2430 1585 2495 Phari·

386 2540 471 2606 saeis
489 2539 669 2625 disputans,
687 2540 745 2603 ait:
769 2542 849 2603 Non
867 2546 1003 2622 legistis,
1022 2547 1100 2621 quia
1117 2547 1173 2621 qui
1186 2544 1271 2616 fecit
1284 2545 1445 2605 taurinam
1460 2547 1500 2602 ed
1517 2547 1586 2603 ini·

386 2658 445 2733 tie,
463 2657 679 2715 masculum
701 2663 733 2713 et
749 2653 962 2725 foeminam
976 2653 1128 2725 fecisse
1149 2650 1271 2729 eos⁸)?
1293 2650 1314 2713 i.
1331 2670 1358 2713 e.
1376 2649 1505 2713 nonnisi
1521 2671 1585 2714 ma·

385 2781 455 2826 rem
471 2773 504 2826 et
524 2759 697 2825 foeminam
720 2758 841 2825 creavit
861 2760 950 2824 Deus
972 2761 1011 2824 ab
1032 2759 1123 2824 initio
1150 2772 1347 2845 temporum,
1371 2759 1423 2845 qui
1444 2758 1586 2824 omnium

385 2884 598 2956 proauctores
618 2870 698 2934 'lacti
722 2882 805 2934 sunt.
836 2871 879 2933 Et
901 2871 1041 2934 Paulus
1066 2872 1148 2935 banc
1171 2871 1339 2934 veritatem
1364 2892 1428 2933 non
1452 2881 1585 2943 tautum,

385 2980 438 3044 ubi
461 2981 499 3044 de
515 2992 650 3065 peccato
673 2978 808 3066 originis
830 2978 861 3041 in
893 3001 1006 3044 omnes
1027 2979 1174 3043 homines
1194 2978 1406 3058 transluso⁹),
1432 2991 1525 3064 atque
1549 2981 1587 3043 de

385 3087 559 3153 universali
582 3087 745 3153 hominum
766 3101 871 3152 morte
892 3101 924 3152 et
944 3087 1184 3153 resurrectione
1202 3088 1401 3172 disputat¹⁰),
1425 3088 1587 3172 supponit,

386 3198 492 3263 sedet
514 3210 603 3263 stans
619 3195 651 3260 iu
668 3196 773 3260 medio
790 3196 965 3283 Areopagi,
989 3198 1155 3282 Deumque
1177 3217 1362 3281 supremum
1384 3197 1586 3272 annuntians,

386 3314 442 3389 qui
455 3311 540 3384 fecit
552 3314 705 3369 mundum
722 3317 755 3371 et
769 3311 889 3385 omnio,
908 3327 992 3386 quae
1008 3311 1043 3367 in
1058 3326 1095 3367 eo
1113 3317 1198 3380 sunt,
1217 3304 1336 3369 diserte
1353 3305 1444 3369 dicit:
1469 3309 1586 3369 Fecit-

386 3439 448 3495 que
480 3415 596 3496 (Deus)
629 3437 677 3478 ear
708 3438 783 3479 uno
812 3437 935 3494 penus
969 3419 1165 3477 bantinum
1195 3419 1425 3478 indebitare
1469 3438 1587 3496 super

386 3530 609 3588 universam
623 3527 770 3599 faeiem
787 3536 935 3604 terrae,
960 3527 1114 3599 definiens
1130 3534 1253 3587 statute
1271 3536 1414 3603 tempora
1430 3535 1463 3587 et
1477 3531 1585 3588 termi-

386 3654 447 3696 nos
461 3637 672 3696 habitationis
690 3636 863 3711 eorum¹¹).
882 3631 1002 3710 Quibus
1020 3643 1130 3716 aperte
1140 3633 1317 3717 Apostolus
1333 3633 1587 3699 luculentissime

386 3741 498 3816 tradit,
524 3763 635 3806 omnes
652 3753 786 3830 gentes,
812 3755 973 3805 terrarum
996 3743 1109 3806 orbem
1132 3741 1360 3817 inhabitantes,
1385 3764 1427 3806 ex
1448 3764 1512 3807 uuo
1529 3746 1585 3810 bo·

386 3851 471 3915 mine
488 3850 646 3939 originem
662 3852 790 3915 babere.

491 3963 531 4024 B.
549 3962 597 4024 lta
612 3959 795 4025 Ecclesia
819 3981 944 4046 quoque
970 3982 1098 4046 semper
1115 3983 1152 4025 ac
1176 3960 1291 4047 ubique
1315 3960 1450 4025 firmiter
1474 3961 1587 4038 tenuit,

386 4069 489 4132 Deum
504 4069 595 4133 initio
612 4091 721 4134 rerum
746 4082 867 4134 tautum
883 4070 1045 4135 homiuum
1062 4093 1131 4156 par,
1155 4093 1174 4134 a
1198 4093 1260 4156 quo
1279 4093 1390 4137 omnes
1408 4071 1497 4135 orbis
1521 4084 1585 4136 ter-

386 4198 493 4241 rarum
516 4191 630 4265 gentes
657 4179 868 4265 nationesque
893 4179 1161 4264 proficiscantur,
1195 4201 1341 4255 creasse,
1370 4180 1520 4245 Patribus
1549 4204 1588 4248 ac

387 4285 539 4351 Conciliis
555 4287 693 4352 unanimi
711 4310 874 4353 consensu
897 4289 982 4353 idem
998 4289 1208 4355 tradentibus.
1243 4291 1333 4368 Quod
1358 4291 1437 4355 adeo
1461 4303 1587 4356 certum

387 4407 446 4469 est,
463 4417 555 4481 quam
572 4392 660 4461 certa
671 4410 721 4461 est
738 4411 890 4462 constans
901 4419 939 4463 ac
955 4397 1236 4463 universalislides
1247 4399 1414 4464 Ecclesiae
1424 4398 1455 4463 in
1466 4401 1588 4488 dogma

496 4598 524 4674 ¹)
543 4596 620 4662 Gen.
638 4596 670 4668 3.
686 4597 740 4662 20.
759 4603 835 4680 -²)
853 4600 929 4664 Gen.
948 4597 979 4675 5,
999 4599 1118 4663 1-31.
1136 4601 1215 4682 —³)
1234 4600 1311 4662 Gen.
1329 4600 1380 4673 10,
1398 4600 1541 4682 32.—-¹)
1555 4604 1584 4665 1.

385 4688 488 4748 Paral.
507 4686 536 4761 l,
556 4686 585 4754 1.
602 4692 680 4768 —⁵)
697 4691 770 4771 Sap.
790 4689 840 4763 10,
861 4689 1089 4778 1.-⁶)T0b.
1109 4690 1140 4765 8,
1164 4691 1193 4754 6.
1216 4693 1319 4754 Verba
1338 4692 1445 4753 ultima
1464 4694 1494 4753 in
1516 4715 1585 4754 ver-

388 4779 473 4838 sione
489 4779 623 4859 Vulgata
643 4781 864 4844 desiderantur.
883 4784 962 4860 -⁷)
984 4785 1058 4844 Luc.
1076 4781 1108 4856 3,
1126 4782 1270 4847 23—38.
1297 4782 1377 4861 —⁸)
1399 4784 1507 4844 Mattb.
1532 4782 1585 4866 19,

387 4867 419 4931 4.
435 4869 513 4950 -⁹)
530 4872 618 4934 Rom.
636 4870 668 4945 5,
687 4870 739 4935 12.
756 4880 852 4948 -¹⁰)
871 4873 900 4936 1.
918 4873 988 4934 Cor.
1009 4870 1058 4947 15,
1075 4873 1129 4937 22.
1146 4873 1190 4937 45
1208 4896 1300 4935 ss.—
1312 4878 1353 4953 ¹¹)
1371 4874 1442 4937 Act.
1461 4872 1513 4951 l'l,
1529 4874 1584 4941 26.
