3775 5625
496 714 531 806 ξ.
550 713 615 785 58.
639 718 694 784 ln
711 714 898 786 cbristo
914 716 1055 787 unica
1070 717 1145 786 est
1160 733 1377 803 persona,

453 918 602 998 Quamvis
619 933 723 984 autem
740 921 818 984 duae
836 919 900 984 siut
919 920 951 984 in
971 920 1099 985 Christo
1120 933 1250 984 naturae
1268 932 1360 1004 atque
1378 919 1458 983 duae
1473 942 1557 992 vq

343 1030 478 1092 luntates
495 1040 527 1091 et
544 1028 748 1111 operationes
759 1030 936 1092 naturales:
954 1041 1058 1092 tamen
1076 1028 1202 1093 nonnisi
1218 1050 1300 1093 tutus
1313 1027 1557 1104 estClrristt-

343 1158 405 1200 una
429 1149 479 1199 est
500 1136 532 1200 iu
556 1136 684 1201 Christo
706 1158 856 1221 persona.
903 1138 1006 1201 Unum
1027 1159 1101 1202 esse
1126 1137 1298 1210 Christum,
1314 1156 1373 1199 sen
1388 1157 1484 1199 unam

344 1244 473 1309 Christo
492 1265 564 1308 esse
581 1265 764 1328 personam,
780 1258 883 1329 atque,
898 1258 933 1311 ut
944 1245 1162 1329 exposuimus,
1179 1267 1242 1308 non
1258 1256 1377 1307 tautum
1388 1251 1557 1322 nauata

344 1351 491 1427 divinam,
516 1353 574 1415 sed
595 1364 628 1415 et
651 1353 818 1415 humanam
845 1350 956 1417 cidem
973 1350 1078 1417 divini
1095 1353 1272 1417 subsistere
1289 1351 1470 1436 hypostasi,

283 1523 286 1528 ,
346 1473 382 1524 ut
413 1461 496 1524 idem
521 1460 581 1523 Dei
604 1460 703 1525 Filius
720 1473 752 1524 et
766 1456 867 1539 Λόγος
883 1461 925 1524 sit
940 1472 973 1523 et
988 1462 1083 1525 homo
1101 1462 1218 1536 Jesus‚
1250 1473 1343 1544 atque
1362 1481 1556 1544 eaprop-

345 1590 410 1632 nou
442 1590 551 1653 purus·
573 1570 687 1644 homo,
713 1570 771 1632 sed
792 1569 897 1653 ipsum
919 1570 1060 1633 Verbum
1083 1570 1233 1644 divinum,
1260 1568 1345 1653 quod
1376 1568 1420 1643 id,
1451 1589 1557 1652 qq]

343 1676 411 1751 fuit,
431 1675 617 1760 permansit,
643 1689 675 1740 et
700 1676 742 1752 id,
763 1678 846 1761 quod
864 1699 926 1739 non
945 1677 1012 1751 luit,
1030 1678 1193 1751 assumsit,
1210 1677 1387 1741 secundum
1405 1698 1472 1740 carr
1484 1702 1557 1760 ,ἢ

343 1786 382 1849 da
398 1784 531 1870 Virgine
548 1798 665 1859 natum,
682 1785 714 1848 iu
732 1807 828 1849 cruce
844 1806 977 1870 passum
994 1807 1031 1850 ac
1048 1799 1218 1860 mortuum,
1236 1785 1355 1849 docent

448 1897 488 1956 A.
505 1896 569 1957 SS.
585 1893 780 1967 Litterae,
795 1892 974 1957 Christus
992 1893 1075 1956 enim
1092 1894 1263 1979 ubiqne'de
1280 1913 1316 1957 se
1332 1894 1481 1957 unoeod
1493 1923 1558 1974 em.

344 2022 404 2087 que
421 2002 577 2085 subjecto,
601 2001 826 2076 Deo-homine,
849 2023 1031 2066 sermonem
1049 2002 1134 2077 lacit,
1155 2015 1243 2065 etne
1260 2003 1391 2088 alonge
1410 2000 1552 2086 quidam

344 2108 516 2195 significat,
538 2109 695 2192 duplicem
715 2110 748 2172 in
770 2131 806 2173 se
831 2130 905 2173 esse
926 2131 1108 2194 personam.
1156 2110 1212 2173 Sic
1233 2132 1329 2195 quum
1351 2109 1409 2173 ait:
1430 2113 1539 2183 Nemo

346 2221 495 2280 ascendit
512 2224 547 2278 in
568 2221 706 2297 coelum,
729 2226 794 2280 niet
814 2226 868 2301 qui
892 2222 1059 2294 descendit
1077 2223 1116 2280 de
1132 2220 1236 2297 coelo,
1254 2220 1365 2280 Filius
1380 2224 1528 2303 dominat,

345 2333 399 2409 qut
415 2334 468 2387 eat
481 2332 515 2386 tn
532 2328 620 2386 coelo
632 2330 671 2404 ¹),
688 2338 798 2409 aperte
815 2347 862 2401 se,
878 2327 1011 2389 eundem
1032 2338 1064 2388 et
1079 2324 1178 2389 lilium
1192 2324 1342 2400 hominis,
1363 2325 1415 2410 qui
1431 2326 1509 2411 loqui

345 2448 407 2509 tur,
430 2445 463 2498 ct
481 2433 595 2496 Filium
617 2433 686 2508 Dei,
710 2434 821 2519 quide
845 2436 937 2499 coelo
962 2434 1136 2508 descendit,
1159 2447 1191 2498 et
1213 2434 1318 2519 quiin
1341 2435 1432 2498 coelo
1452 2446 1514 2508 erat,

347 2564 442 2627 quum
465 2543 563 2605 verba
584 2543 623 2605 ad
643 2542 853 2606 Nicodemum
876 2544 1007 2618 laceret,
1033 2545 1183 2618 declarat,
1205 2543 1224 2607 i.
1242 2564 1269 2607 a.
1291 2564 1329 2607 se
1349 2542 1459 2606 Filium
1469 2541 1514 2604 bei

347 2662 379 2713 et
395 2649 554 2713 hominem
570 2648 654 2713 idem
669 2652 857 2733 subjectum,
883 2654 1017 2716 eandem
1033 2673 1206 2736 personam
1223 2672 1296 2715 csse
1313 2652 1417 2715 docet.
1441 2645 1512 2712 Simi-

346 2758 418 2823 liter
441 2759 566 2843 quando
587 2779 623 2823 se
647 2759 793 2833 cundem,
819 2759 873 2845 qui
899 2761 937 2824 ad
958 2761 1099 2825 ludaeos
1128 2761 1337 2846 loquebatur,
1362 2757 1515 2842 discipulos

349 2866 529 2953 colligebat,
551 2879 583 2930 et
601 2869 729 2930 Patrem
755 2891 851 2931 uuum
868 2888 942 2931 esse
953 2873 992 2947 ²),
1015 2881 1107 2953 atque
1125 2889 1198 2931 esse
1215 2862 1458 2951 impeccabilem,
1471 2859 1514 2926 mi·

348 2976 458 3039 racula
476 2996 517 3038 ex
537 2975 669 3060 propria
692 2975 808 3039 virtute
828 2989 1018 3060 patrantem,
1035 2989 1066 3041 et
1082 2975 1166 3040 sicut
1180 2978 1307 3039 Patrem
1323 2974 1511 3039 honorificat·

349 3085 423 3148 dum
439 3083 625 3163 affirmat³),
642 3105 677 3148 se
694 3098 796 3148 semet
812 3098 844 3148 et
858 3098 1017 3171 tamquam
1033 3086 1136 3149 Deum
1154 3096 1186 3148 et
1202 3097 1363 3169 tamquam
1378 3081 1513 3147 hominen

349 3204 384 3256 ut
405 3215 501 3256 uuum
526 3193 721 3279 eundemque
748 3215 865 3268 nosse,
888 3194 1036 3257 ostendit.
1056 3232 1100 3241 —
1123 3194 1171 3256 De
1187 3215 1250 3256 uuo
1268 3194 1442 3277 eodemque
1456 3191 1515 3252 lesu

351 3300 495 3376 Christo,
515 3301 745 3377 Deo-homine,
768 3324 868 3386 porro
886 3303 982 3366 etiam
998 3300 1190 3385 Discipuli
1210 3300 1340 3365 Domini
1361 3304 1515 3386 loqumtuo

247 3464 249 3468 Α
350 3421 443 3493 atque
467 3409 586 3473 diserte
610 3411 752 3485 tradunt,
777 3412 913 3475 eundem
932 3409 1054 3494 ipsum,
1076 3409 1128 3494 qui
1150 3409 1210 3472 Dei
1224 3409 1325 3472 Filius
1341 3408 1399 3483 sit,
1416 3425 1477 3472 esse
1493 3407 1516 3462 el

351 3515 521 3589 hominem,
538 3528 570 3579 et
583 3516 655 3580 vice
671 3539 776 3593 versa,
793 3519 845 3604 qni
860 3520 957 3582 homo
975 3517 1127 3591 exsistat,
1144 3538 1215 3581 eum
1232 3516 1338 3600 ipsum
1355 3529 1387 3580 et
1402 3514 1515 3580 Verbum

353 3623 490 3686 divinum
507 3622 676 3688 exsistere.
701 3626 757 3691 Sic
777 3629 875 3691 Joau
883 3648 952 3690 nes
981 3625 1014 3689 iu
1036 3624 1126 3688 initio
1149 3624 1257 3688 statim
1272 3623 1440 3711 Evangelii
1456 3611 1514 3684 scri·

353 3730 412 3795 bit:
429 3734 479 3793 Et
487 3734 629 3794 Verbum
646 3757 724 3797 caro
739 3739 945 3810 factumest,
962 3743 995 3798 et
1006 3738 1165 3797 habitavit
1178 3741 1213 3796 io
1228 3737 1341 3796 nobis:
1358 3743 1393 3795 et
1405 3734 1516 3794 viduus

351 3841 491 3916 pluriam
507 3846 579 3918 ejus
586 3887 599 3921 ,
619 3845 759 3920 qtortam
784 3853 880 3928 quaet
897 3846 1061 3922 Uniqenitt
1076 3867 1096 3906 a
1112 3846 1231 3921 Putre,
1246 3845 1381 3923 plenum
1400 3844 1517 3919 patto»

356 3955 390 4008 et
402 3953 599 4028 veritatw),
632 3949 652 4012 i.
675 3971 703 4015 e.
728 3951 813 4014 idem
833 3952 914 4035 ipse,
936 3950 988 4037 qni
1005 3964 1056 4015 est
1075 3951 1148 4014 inde
1166 3951 1204 4012 ab
1221 3962 1355 4014 aeterno
1372 3969 1462 4013 verus
1475 3933 1516 4007 llll

356 4052 465 4128 Filius,
480 4056 567 4119 Patri
585 4059 883 4133 consubstantialis,
906 4060 990 4122 idern
1007 4059 1076 4143 ipse
1093 4058 1205 4121 nonin
1224 4073 1353 4122 cantem
1371 4079 1428 4122 seu
1442 4046 1517 4118 bomi-

357 4180 431 4222 nem
447 4183 622 4228 eonversus
632 4170 675 4244 ⁵),
692 4168 776 4250 quod
792 4166 863 4230 fieri
879 4168 1119 4252 haudquaquam
1135 4177 1277 4250 poterat,
1295 4167 1353 4230 sed
1370 4186 1433 4229 uua
1446 4164 1522 4226 hono

357 4289 454 4331 verus
476 4269 507 4332 in
529 4283 674 4356 tempore
697 4287 748 4338 est
763 4274 914 4350 effectus,
930 4288 1022 4360 atque
1039 4274 1144 4362 gloria
1160 4276 1246 4357 ejus,
1263 4272 1365 4359 quiin
1383 4271 1472 4338 nobis
1484 4271 1522 4333 ht·

360 4375 482 4449 bitarit,
500 4391 568 4441 erat
583 4382 686 4465 gloria
709 4383 864 4470 unigeniti
879 4383 985 4447 Patris
1000 4383 1087 4458 Filii,
1107 4383 1152 4446 ita
1167 4394 1213 4457 ut,
1228 4382 1280 4467 qui
1297 4394 1368 4447 erat
1384 4385 1483 4456 Deus,
1496 4375 1527 4443 si·

354 4531 633 4547 -ὴ-

469 4619 496 4692 ¹)
513 4615 605 4676 Joan,
622 4615 652 4698 3,
670 4616 720 4680 13.
739 4619 783 4680 ef.
801 4617 831 4693 6,
848 4618 900 4684 38.
918 4620 1121 4700 Chrysost.
1145 4618 1348 4699 Augustin.
1372 4619 1539 4701 Oyrsslin

362 4700 391 4760 h.
408 4702 427 4760 l.
444 4738 486 4748 —
504 4707 530 4784 ²)
546 4706 638 4766 Joan.
658 4706 707 4778 10,
725 4706 778 4771 30.
803 4745 845 4754 —-
870 4709 894 4790 3)
909 4710 1000 4770 Joan.
1017 4709 1048 4785 5,
1068 4708 1209 4773 19—23.
1232 4746 1275 4755 -
1293 4707 1322 4796 4)
1339 4712 1436 4774 Joan.
1454 4710 1485 4786 l,
1500 4708 1543 4773 ll.

363 4823 406 4834 -
427 4791 451 4867 ⁵)
469 4793 513 4857 Of.
531 4794 607 4861 Gen.
625 4795 661 4872 6,
680 4797 730 4861 12.
747 4801 856 4865 Matth.
881 4797 933 4876 24,
949 4799 1004 4864 22.
