3775 5625
1468 391 1533 484 541

457 571 485 639 1.
507 566 628 661 Legem
649 566 709 637 Ilei
719 563 818 657 justis
840 563 987 637 absolute
1004 585 1077 636 esse
1100 566 1302 656 possibilem,
1324 589 1388 635 non
1410 568 1536 657 quidem

346 703 405 768 per
421 683 509 747 solas
525 681 612 746 vires
628 679 720 745 liberi
736 679 875 755 arbitrii,
898 690 931 744 nt
947 677 1101 744 haeretici
1118 676 1390 746 calumniabantur
1406 699 1464 744 eon
1481 680 1536 746 do·

347 811 439 865 cere,
460 790 518 855 sed
545 810 602 875 per
631 788 782 854 auxilium
803 787 928 877 gratiae
951 800 982 852 et
1003 786 1150 872 spiritum
1173 785 1247 852 fidei
1267 798 1299 852 et
1320 785 1484 853 charitatis
1505 786 1538 852 in

345 900 418 985 ipsa
428 898 659 985 justificatione
677 898 770 963 nohis
786 897 936 963 insuasum.
1248 906 1249 910 ’

455 1008 487 1074 2.
503 1007 582 1073 Dari
603 1028 703 1093 opera
723 1007 807 1072 bona
824 1028 882 1072 seu
899 1028 1000 1092 opera
1010 1007 1173 1091 justornm
1191 1005 1377 1090 simpliciter
1393 1016 1425 1070 et
1442 1006 1536 1071 abso·

346 1119 409 1183 lnte
421 1120 526 1202 justa,
549 1130 582 1181 et
597 1137 657 1181 suo
675 1117 770 1181 modo
787 1115 882 1181 stiam
899 1137 973 1181 esse
989 1116 1143 1201 perlecta,
1160 1113 1305 1202 quamvis
1323 1135 1387 1179 non
1410 1133 1448 1180 ea
1463 1133 1536 1200 per·

345 1225 495 1301 sectione,
526 1225 600 1313 quin
623 1246 773 1291 erescere
796 1224 937 1310 possint,
963 1237 995 1289 ct
1016 1223 1090 1311 quin
1118 1223 1354 1290 admisceantur
1379 1221 1538 1317 interilum

347 1336 500 1422 operibus
521 1335 615 1400 honis
637 1335 741 1421 aliqua
763 1355 862 1421 opera
883 1335 980 1407 mnla;
1013 1355 1093 1420 quae
1116 1331 1242 1420 quidem
1258 1352 1357 1418 opem
1372 1332 1456 1398 hona
1471 1352 1537 1398 non

345 1444 465 1510 iaciunt
481 1466 524 1510 ex
537 1443 666 1529 injustis
676 1446 796 1529 justos,
813 1445 871 1509 scd
887 1465 929 1509 ex
941 1443 1041 1528 justis
1052 1442 1220 1528 justiores.
1510 1524 1513 1532 Ι

455 1554 486 1618 3.
519 1554 632 1618 Justos
656 1553 812 1636 (adultos)
845 1572 1042 1639 nequaquam
1072 1572 1146 1617 esse
1173 1550 1293 1616 liberos
1316 1572 1335 1616 a
1366 1552 1453 1639 lege,
1480 1549 1539 1645 sed

346 1684 448 1748 opera
464 1663 550 1727 hona
566 1683 641 1727 esse
650 1661 838 1727 necessaria
847 1682 912 1726 non
924 1673 1044 1726 tantum
1055 1659 1248 1726 necessitate
1261 1668 1536 1751 praenomine,

346 1784 380 1836 nt
397 1771 640 1839 Reformatores
657 1771 906 1845 contendebant,
923 1782 1079 1857 quatenus
1096 1769 1244 1834 nimirum
1259 1768 1340 1835 fides
1366 1790 1432 1862 ιιιιιι
1448 1781 1539 1861 esset

345 1878 434 1955 viva,
455 1902 515 1973 nee
531 1902 623 1955 vera,
650 1879 712 1944 nisi
728 1879 850 1945 fructus
867 1878 972 1943 bonos
988 1878 1126 1954 faceret,
1146 1877 1219 1964 quin
1240 1878 1335 1943 ullam
1350 1876 1539 1962 relationem

330 1990 485 2073 'habeant
506 1990 713 2067 adsalutem,
750 1987 840 2075 quasi
856 1988 920 2053 sint
936 1987 1066 2063 merita,
1098 2008 1230 2064 causae,
1263 1986 1465 2054 conditiones
1487 2000 1539 2053 ete

345 2098 507 2184 ejusdem,
530 2101 588 2164 sed
605 2098 698 2164 etiam
715 2098 839 2163 ratione
856 2102 1136 2179 assistentiae,
1161 2096 1309 2183 quoniam
1329 2095 1478 2184 videlicet
1493 2098 1537 2162 el·

346 2205 459 2272 ficiunt
474 2208 619 2283 salntem,
635 2220 667 2272 et
682 2205 763 2273 fides
779 2205 849 2298 sine
865 2205 928 2273 illis
944 2228 1010 2272 non
1026 2205 1124 2275 efficit
1139 2208 1283 2272 salutem.
1307 2206 1349 2271 Et
1494 2281 1497 2290 ¹

454 2316 485 2381 4.
508 2338 608 2402 opera
631 2317 717 2381 hona
740 2337 818 2382 vera
833 2337 873 2381 ac
888 2315 1020 2402 propria
1036 2336 1109 2381 esse
1127 2316 1255 2393 merita,
1276 2328 1308 2382 et
1329 2315 1455 2403 quidem
1470 2336 1536 2382 me·

344 2422 409 2489 rita
423 2447 488 2490 non
506 2426 723 2512 cujuscunque
744 2425 893 2511 praemii,
910 2426 968 2490 sed
984 2424 1087 2511 ipsius
1102 2425 1186 2491 vitae
1203 2437 1352 2491 aeternae
1374 2436 1468 2512 atquc
1483 2446 1536 2491 an·

343 2533 469 2624 gmenti
489 2534 629 2623 gratiam
652 2535 795 2622 quamvis
812 2534 994 2624 dogmatice
1017 2517 1182 2601 definitum
1202 2556 1268 2602 non
1291 2533 1348 2610 sit,
1368 2534 1443 2622 quid
1462 2556 1538 2622 pro·

343 2642 415 2731 prie
431 2646 490 2709 sub
507 2644 623 2709 merito
639 2644 883 2734 intelligendum
898 2646 956 2722 sit,
980 2666 1039 2711 seu
1055 2657 1161 2711 utrum
1175 2646 1261 2711 hona
1278 2666 1378 2732 opera
1392 2644 1457 2710 sint
1472 2666 1538 2710 me·

343 2752 418 2829 rita,
434 2765 469 2818 ut
483 2754 581 2839 ajunt,
599 2757 638 2818 de
654 2757 826 2836 condique,
845 2775 885 2819 an
900 2774 980 2820 vero
998 2758 1037 2819 de
1053 2777 1195 2835 conqruo
1214 2766 1344 2830 tantum,
1361 2766 1453 2844 atque
1464 2774 1540 2842 num

345 2862 461 2928 merita
483 2863 548 2928 sint
567 2863 692 2929 ratione
714 2863 840 2950 operis,
863 2885 902 2929 an
925 2864 1050 2930 radone
1067 2863 1309 2971 promissionis,
1334 2884 1373 2928 an
1394 2883 1539 2929 verona·

346 2972 436 3064 tione
454 2973 627 3058 utriusque.

347 3232 375 3314 ξ.
410 3227 507 3299 125.
538 3229 628 3300 nei
660 3234 916 3319 praecepta
944 3229 1079 3314 justo
1111 3233 1170 3302 att
1194 3230 1538 3304 observandum

748 3344 861 3412 sunt
883 3340 1142 3429 possibilia.

461 3518 626 3585 Sententia
645 3521 727 3589 haec
749 3521 789 3585 ad
810 3540 968 3606 expressa
983 3519 1058 3586 fidei
1076 3518 1258 3588 Catholicae
1275 3521 1426 3610 dogmata
1441 3521 1537 3607 perti·

347 3639 412 3693 net.
437 3626 654 3695 Concilium
670 3629 754 3696 enim
771 3630 1049 3696 Tridentinum
1066 3644 1179 3697 eontra
1195 3652 1326 3697 errores
1341 3632 1539 3710 Novatorum

348 3735 475 3803 definit:
500 3737 631 3823 Siquis
648 3742 783 3819 dicerit,
801 3742 875 3802 nea·
887 3749 1122 3824 praecepto
1136 3748 1283 3806 homini
1300 3748 1537 3821 etiomjunti·

345 3850 484 3924 ficato
502 3855 540 3912 et
554 3852 624 3912 nub
638 3856 775 3929 qratia
792 3856 1038 3930 constituto,
1062 3873 1151 3915 enne
1174 3854 1225 3915 ad
1244 3854 1538 3915 observandum

347 3960 642 4040 impossibilia:
660 3980 690 4022 o.
702 3963 771 4039 ιθ).
787 3960 888 4046 Atque
904 3957 937 4023 in
953 3959 1132 4045 praemissa
1148 3959 1295 4026 doctrina
1306 3960 1416 4025 habet:
1432 3962 1537 4025 Nemo

349 4074 528 4130 temeraria
548 4070 609 4130 ello
616 4113 628 4147 ,
652 4075 685 4131 et
699 4089 720 4130 a
736 4070 899 4133 Patribus
914 4073 976 4132 sub
994 4076 1200 4134 anathemate
1216 4074 1383 4153 prohibita
1398 4077 1538 4134 concuti

349 4179 480 4254 (debet)
488 4223 500 4257 ,
519 4179 591 4239 Dei
602 4184 823 4259 praecepta
838 4184 983 4242 homini
988 4182 1235 4259 justificato
1254 4183 1305 4241 od
1318 4182 1537 4243 observan-

349 4288 438 4348 dum
468 4306 558 4349 ene
589 4269 980 4368 impossibilitatum
1003 4290 1095 4351 Deua
1114 4291 1536 4370 onpoeotoeteonoojutet,

349 4398 412 4458 sed
414 4398 563 4473 jubendo
581 4405 690 4459 monet
693 4443 705 4476 ,
724 4400 902 4477 olfacere,
928 4400 1019 4481 quod
1028 4405 1153 4479 poesie,
1173 4407 1206 4461 et
1216 4407 1343 4481 petere,
1366 4400 1454 4483 quod
1472 4418 1539 4461 non

346 4510 478 4585 poesim
495 4512 528 4566 el
543 4507 689 4585 offocat,
703 4513 746 4569 ut
755 4506 914 4587 possu').

455 4612 545 4678 Hanc
562 4611 695 4679 Consilii
712 4612 928 4680 definitionem

349 4744 567 4764 Um

460 4829 488 4921 ¹)
503 4832 586 4904 Sese.
604 4837 632 4897 θ.
650 4835 725 4899 Uoc.
743 4839 793 4922 18.
812 4870 854 4884 -
871 4839 900 4917 ¹⁸)
918 4839 952 4902 0.
964 4839 1021 4925 ll.
1036 4840 1131 4904 Dece.
1149 4838 1185 4898 de
1192 4836 1302 4921 juatifi
