3775 5625
1461 427 1526 494 447

339 593 417 666 lua,
433 590 485 676 qui
502 591 554 667 ait,
573 613 687 655 novam
706 605 885 657 creaturam
901 593 931 655 in
951 592 1054 666 nobis,
1070 592 1089 656 i.
1107 613 1134 656 e.
1146 592 1302 677 justitiam
1319 614 1376 657 seu
1393 593 1529 681 gratiam

334 700 585 785 justificantem,
617 723 673 786 per
695 722 787 787 quam
809 701 992 789 regenerati
1008 722 1046 765 ac
1061 701 1217 776 renovati,
1232 700 1263 764 in
1280 702 1420 767 novitate
1446 701 1530 766 vitae

340 811 557 887 ambulamus,
589 832 663 875 esse
685 809 795 886 iidem,
819 833 900 896 quae
926 832 984 895 per
1011 810 1197 875 charitatem
1223 824 1384 895 operatur.
1410 811 1530 875 Scribit

340 940 471 1004 nempe:
510 923 599 983 Nam
620 928 655 983 in
679 921 810 982 Christo
834 922 921 982 Jeca
943 942 1047 1002 neque
1068 927 1272 982 circumcisio
1291 923 1418 1002 aliquid
1430 922 1528 998 calet,

338 1051 443 1111 neque
456 1037 679 1110 praeputium,
698 1033 759 1090 sed
769 1033 896 1108 fides,
916 1052 1017 1111 quae
1036 1054 1106 1110 per
1132 1037 1369 1092 charitatem
1387 1052 1529 1110 opera-

340 1146 405 1201 tur
418 1139 454 1218 ¹).
477 1138 520 1201 Et
535 1137 687 1201 inferius:
713 1142 754 1200 In
774 1140 906 1201 Christo
924 1146 1007 1201 enim
1025 1141 1123 1217 lesa,
1143 1160 1244 1221 neque
1255 1145 1458 1201 circumcisio
1469 1141 1528 1200 ali·

339 1250 529 1330 quidecim,
546 1269 647 1330 neque
659 1255 880 1329 praepatium,
896 1252 958 1309 aad
972 1271 1016 1310 rto
1026 1271 1070 1310 oa
1095 1257 1288 1311 creatura
1299 1245 1335 1333 ²).
1359 1248 1451 1311 Nova
1472 1245 1528 1311 ita·

339 1377 400 1440 que
425 1368 586 1430 creatura,
617 1370 649 1420 et
670 1356 750 1421 [ides
773 1378 830 1441 per
853 1357 1040 1421 charitatem
1066 1379 1203 1442 operans
1220 1359 1375 1441 Apostolo
1393 1378 1530 1441 prorsus

340 1488 438 1529 unum
477 1465 624 1550 idemque
656 1478 715 1530 est.
754 1468 856 1530 Porro
879 1467 962 1530 idern
984 1468 1160 1550 Apostolus
1183 1488 1296 1531 omnes
1313 1468 1380 1531 lere
1396 1466 1530 1530 virtutes

338 1574 508 1659 speciales,
524 1597 655 1661 quarum
671 1575 764 1639 radix
774 1576 900 1659 justitia
911 1576 1078 1640 habitualis
1096 1589 1155 1651 est,
1172 1598 1213 1641 ex
1227 1576 1380 1640 charitate
1397 1576 1529 1650 derivat,

338 1697 432 1769 atque
457 1684 644 1749 charitatem
666 1683 794 1749 disertis
816 1686 923 1748 verbis
940 1684 1103 1759 virtutem,
1119 1707 1199 1772 quae
1217 1707 1277 1749 nos
1294 1688 1332 1749 ad
1349 1687 1531 1749 universam

339 1796 445 1881 legem
463 1796 683 1879 complendam
700 1795 857 1879 disponat,
873 1794 893 1859 i.
911 1817 938 1859 e.
951 1794 1107 1879 justitiam
1125 1818 1199 1861 esse
1217 1797 1365 1860 declarat.
1390 1800 1528 1858 Dilectto

335 1912 485 1987 prccirni
501 1909 623 1968 malam
639 1929 706 1969 nan
722 1914 891 1987 operatur.
916 1908 1142 1969 Plenitudo
1167 1929 1242 1985 erpo
1265 1909 1365 1985 lepis
1387 1915 1452 1968 eci
1471 1910 1529 1967 ‹tt-

339 2017 464 2077 lectio
472 2061 484 2094 ,
502 2014 522 2079 i.
539 2036 566 2078 e.
585 2014 637 2100 qui
654 2014 765 2102 dilig-ir,
783 2016 887 2101 legem
904 2015 1046 2098 perfecte
1064 2014 1257 2099 adimplet³).
1276 2052 1314 2061 —
1335 2015 1413 2079 Item
1430 2035 1528 2099 porro

339 2124 487 2189 charitati
508 2124 674 2209 speciatim
695 2124 880 2218 remissio
904 2136 1158 2207 peccatorum
1174 2123 1338 2198 tribuitur,
1358 2146 1440 2188 unus
1457 2144 1529 2208 spe·

340 2234 466 2298 cialium
478 2232 648 2298 effectuum
659 2234 781 2321 gratiae
793 2233 1011 2318 justificantis.
1023 2237 1243 2296 Remittunt
1248 2255 1294 2296 ar
1311 2241 1347 2295 ei
1359 2242 1530 2315 peccata

339 2346 483 2422 malta,
517 2343 560 2407 ait
583 2342 762 2407 Christus
784 2345 823 2407 de
847 2342 978 2406 midiere
994 2342 1187 2427 peccatrice,
1209 2352 1397 2425 quoniam
1414 2345 1533 2405 dilecti

339 2456 475 2516 maltam
484 2453 521 2532 ⁴).
554 2490 597 2502 -·
629 2454 697 2516 Nec
718 2475 782 2516 non
800 2452 938 2517 charitas
956 2465 1020 2525 est,
1038 2474 1117 2537 quae
1135 2474 1207 2527 uos,
1223 2453 1308 2537 quod
1324 2464 1468 2537 praestat
1478 2452 1529 2535 ju·

340 2561 442 2636 stitia,
475 2561 556 2625 Deo
579 2575 719 2649 gratos
741 2585 786 2627 ac
809 2562 974 2635 amicos,
992 2560 1199 2645 adoptivos
1215 2561 1284 2625 Dei
1301 2561 1426 2635 filios,
1442 2562 1528 2624 hae·

340 2673 457 2735 redes
489 2670 592 2735 vitae
625 2685 810 2737 aeternae
831 2686 923 2758 atque
946 2669 1101 2736 babilas
1123 2673 1166 2735 ad
1183 2693 1304 2757 opera
1325 2669 1530 2735 meritoria

340 2780 448 2847 efficit.
493 2781 559 2856 Oai
590 2786 726 2862 ditipit
748 2806 810 2864 rna,
839 2782 882 2847 ait
907 2784 1103 2856 Salvator,
1130 2785 1325 2861 dilipetar
1357 2806 1377 2845 a
1399 2785 1531 2844 Patre

339 2914 443 2968 meo;
461 2900 494 2953 et
507 2915 574 2970 epa
592 2896 757 2971 diiipam
774 2917 859 2972 eant,
879 2902 912 2955 et
926 2896 1144 2973 manifestabo
1167 2901 1196 2955 ei
1212 2916 1261 2955 me
1272 2901 1377 2974 ipsum
1386 2898 1423 2970 5).
1440 2892 1529 2954 Pau·

341 3002 417 3064 lus:
438 3001 558 3064 Omnes
574 3009 657 3064 emm
672 3005 762 3076 filii
777 3006 849 3064 Dei
865 3010 944 3064 eatis
957 3025 1018 3084 per·
1032 3006 1128 3083 sidem
1151 3009 1249 3084 (qnae
1260 3025 1321 3082 per
1338 3008 1530 3063 charitatem

342 3115 571 3193 operatar⁶)),
594 3134 678 3194 qaae
699 3121 750 3173 eat
764 3119 799 3174 in
818 3114 951 3203 Christo
971 3114 1103 3190 leam).
1127 3113 1317 3175 loannes:
1339 3113 1530 3174 Clearetae

341 3244 386 3284 ea:
401 3225 473 3284 Dea
490 3231 548 3284 eei.
572 3224 620 3283 Et
635 3230 740 3284 omnia
755 3231 810 3304 qui
836 3224 956 3303 attat,
991 3246 1041 3285 aa
1057 3225 1139 3284 Dea
1157 3230 1278 3284 natue
1294 3231 1369 3300 ast,
1388 3220 1408 3282 i.
1426 3240 1453 3282 e.
1470 3216 1530 3280 Dei

341 3330 427 3394 filius
443 3343 493 3393 est
503 3331 539 3411 ⁸).
563 3333 747 3396 lacobus:
772 3335 900 3395 Beatus
914 3341 977 3412 cir,
996 3341 1050 3415 qui
1066 3337 1184 3412 auffert
1199 3339 1406 3394 tentationem
1412 3353 1427 3408 ,·
1444 3349 1529 3410 quo-

340 3448 445 3523 niam,
464 3463 537 3504 cum
548 3446 711 3524 probatae
724 3447 842 3522 suerit,
861 3449 1001 3523 accipiet
1014 3463 1201 3504 caronam
1217 3436 1339 3518 citae,
1359 3460 1455 3520 quam
1472 3459 1529 3498 re-

338 3558 495 3632 promisit
508 3554 600 3614 Deaa
616 3554 884 3630 diliqentidus
901 3556 987 3629 80⁹).
1010 3553 1053 3614 Et
1067 3551 1224 3624 PauluS,
1241 3550 1374 3634 loquens
1391 3548 1429 3610 de
1446 3547 1528 3609 elec·

342 3682 477 3744 mosyna
510 3684 567 3744 pro
600 3662 751 3726 fratribus
773 3661 1087 3745 Hierosolymitanis,
1111 3682 1171 3747 qua
1188 3658 1375 3725 charitatem
1392 3679 1482 3721 suam
1498 3656 1529 3719 in

341 3771 458 3835 faciem
474 3772 694 3837 Ecclesiarurn
711 3772 971 3852 ostenderirrt¹⁰)‚
989 3771 1184 3859 colligenda:
1212 3771 1277 3846 our
1305 3792 1407 3851 parce
1429 3774 1530 3829 reint-

340 3890 413 3961 aat,
429 3905 531 3962 parce
547 3892 580 3946 et
594 3892 708 3946 metet:
724 3892 826 3966 etqui
841 3890 1013 3945 aernirtai
1032 3891 1073 3944 in
1095 3884 1458 3956 benedictionibus,
1487 3881 1530 3939 de

342 3995 690 4055 benedictionibur
705 4002 743 4055 et
757 3994 929 4072 metet¹¹).

448 4104 489 4164 B.
512 4100 633 4164 Favent
664 4101 739 4166 huic
759 4101 935 4165 sententiae
957 4099 1077 4184 pariter
1101 4104 1160 4164 SS.
1175 4102 1327 4173 Patrem
1344 4097 1529 4163 nominatim

342 4209 603 4296 Augustinus,
635 4212 687 4296 qui
708 4234 771 4274 non
798 4223 918 4275 tantum
944 4209 1131 4275 charitatem
1152 4211 1237 4273 velut
1252 4208 1400 4273 virtutem
1417 4215 1527 4296 (gene-

339 4366 557 4378 ...----—--

452 4447 715 4535 ¹)Ga1.5‚6.-
738 4446 1183 4530 ¹)Ga1.6,15.-³)R0m.
1204 4446 1325 4524 13,10.
1347 4444 1528 4528 -—⁴)Luc.

343 4539 445 4613 Ί,47.
479 4576 523 4588 -
558 4542 581 4624 ⁵)
606 4542 697 4607 «ioan.
724 4541 776 4614 14,
799 4539 852 4603 21.
886 4541 930 4606 Of.
956 4538 1172 4616 Prov.8,17.
1208 4576 1248 4586 -
1283 4538 1309 4618 ⁶)
1327 4537 1420 4611 0115,
1438 4536 1527 4600 6.-·

346 4634 372 4711 7)
391 4629 462 4695 Gal.
480 4631 511 4705 3,
528 4631 581 4696 26.
601 4671 642 4680 —
662 4634 686 4715 8)
706 4634 734 4695 1.
751 4634 842 4695 Joan.
859 4630 890 4717 4,
908 4631 938 4695 i.
956 4631 1001 4695 Of.
1018 4631 1124 4692 Matth.
1143 4628 1174 4704 5,
1190 4628 1335 4694 43-45.
1353 4667 1396 4676 -
1414 4625 1440 4715 9)
1458 4629 1526 4691 Jac.

345 4724 373 4807 l,
392 4721 503 4788 12.-
523 4722 563 4811 ¹⁰)
580 4725 610 4789 2.
628 4725 698 4788 Cor.
718 4724 748 4800 8,
764 4723 877 4789 24.-
897 4729 937 4810 ¹¹)
955 4721 985 4786 2.
1003 4723 1073 4788 Cor.
1090 4720 1120 4799 9,
1137 4721 1167 4786 6.
