3775 5625
344 430 409 495 396

344 596 539 662 credulitatis
557 596 704 661 affectum
720 598 759 660 ad
775 598 877 661 Deum
894 608 1059 661 auctorem
1072 598 1278 662 referendum
1292 619 1379 673 esse,
1396 601 1514 664 usbon.

345 707 401 772 Sic
431 710 602 771 ioannes
634 701 761 771 nomine
793 706 912 770 christi
935 706 1061 770 scribit:
1101 709 1191 769 Erae
1210 717 1263 771 sto
1281 714 1329 771 ad
1343 717 1518 789 ossuum

340 821 479 899 puteo,
503 817 541 880 ad
565 816 658 879 fidem
680 830 712 879 et
734 816 980 880 conversionem
1001 817 1147 882 excitans
1169 838 1208 883 ac
1223 818 1379 883 invitans:
1412 826 1442 881 et
1460 825 1517 901 quo

344 932 489 990 audierit
501 949 609 990 vacam
626 950 745 1000 aream,
767 925 995 1010 inspirationes
1018 947 1106 991 meas
1128 949 1189 992 suo
1210 928 1314 992 libero
1331 926 1464 993 arbitrio
1477 928 1516 991 ud·

345 1036 483 1110 mittens,
499 1048 531 1100 et
548 1059 619 1100 cum
634 1036 696 1099 ittis
714 1057 903 1120 cooperans,
919 1041 1051 1099 intrabo
1069 1042 1116 1100 ad
1128 1040 1234 1118 titum,
1252 1060 1304 1103 me
1319 1060 1393 1103 cum
1409 1036 1461 1101 itto
1474 1058 1519 1121 per

345 1145 529 1209 charitatem
546 1148 784 1233 conjungam).
824 1147 952 1210 erces
973 1160 1098 1211 narret:
1142 1149 1314 1224 Quaedam
1335 1151 1519 1211 mulierar-

343 1262 429 1317 mina
441 1257 565 1335 Lydia,
579 1294 621 1303 —-
634 1259 745 1319 colans
760 1260 865 1319 Deum
867 1304 886 1336 ,,
898 1261 1034 1335 audivit,
1052 1258 1183 1321 Paulum
1192 1257 1346 1343 Philippis
1357 1269 1452 1323 extro
1460 1278 1518 1343 por·

343 1376 407 1426 tam
423 1364 676 1447 praedicantem:
694 1372 790 1444 cujus
805 1369 998 1428 Dominus
1015 1375 1187 1447 aperuit,
1210 1379 1373 1451 promtum
1391 1365 1520 1439 reddidit,

344 1496 412 1535 aar
428 1478 632 1536 intendere
647 1482 727 1554 urs,
746 1497 845 1557 puae
861 1479 1100 1538 dicebantur
1116 1498 1137 1537 a
1155 1478 1300 1550 Paula,
1318 1489 1353 1540 ut
1369 1474 1464 1540 fidem
1477 1476 1520 1539 ht·

344 1583 434 1646 beret
450 1582 543 1648 dictis
559 1583 693 1662 Pautin.
721 1586 763 1647 Et
777 1586 919 1649 Paulus
942 1585 1010 1649 ait:
1054 1586 1218 1661 Quoniam
1236 1590 1330 1649 aabts
1350 1591 1522 1648 donatum

344 1701 405 1754 est
415 1715 478 1773 pro
499 1694 643 1766 Christo,
663 1692 787 1757 ratione
805 1694 924 1758 Christi
940 1694 1057 1770 habita,
1075 1717 1141 1757 nou
1156 1696 1265 1757 salum
1281 1705 1326 1758 ut
1340 1698 1520 1772 credatis,

343 1806 404 1863 aad
424 1811 463 1864 ut
477 1810 573 1864 ettam
586 1825 648 1883 pro
665 1807 722 1865 itta
737 1804 967 1885 pattamtuti.
985 1824 1012 1868 e.
1030 1817 1142 1867 utnon
1162 1816 1282 1868 tantum
1299 1804 1398 1869 tidem
1413 1802 1521 1887 recipe·

343 1909 431 1984 retis‚
448 1932 558 1975 rerum
574 1911 658 1975 illam
677 1912 870 1977 etiam-inter
886 1913 975 1978 varia
990 1913 1252 1997 persecutionum
1274 1913 1462 1979 discrimina
1482 1932 1521 1975 re·

342 2019 516 2100 tineatis³).
543 2024 737 2107 Utrumque,
772 2023 871 2108 inquit
903 2024 1162 2111 Augustinus,
1196 2029 1341 2087 ostendit
1370 2026 1443 2085 Dat
1468 2026 1521 2084 do·

343 2152 429 2192 num
436 2177 447 2207 ,
465 2139 543 2213 piria
559 2141 732 2216 utrumque
749 2136 836 2195 discit
851 2156 924 2194 assa
941 2137 1106 2196 donatum.
1140 2136 1212 2196 Nea
1228 2141 1287 2212 att,
1308 2142 1347 2195 ut
1357 2135 1485 2214 plautus
1497 2138 1524 2191 et

340 2245 523 2320 perfectius
539 2246 684 2305 credatis
701 2250 735 2305 in
751 2266 839 2305 eum:
857 2247 918 2305 sed
931 2252 974 2305 ut
988 2246 1168 2305 credatis
1184 2250 1224 2305 iu
1241 2247 1371 2321 aum4).

449 2352 489 2412 B.
508 2353 566 2413 SS.
583 2352 721 2414 Patres
737 2363 843 2415 mrtem
860 2373 923 2415 non
941 2364 1063 2415 tantum
1080 2350 1216 2438 singulis
1234 2348 1339 2415 effetis
1357 2351 1521 2416 doctrinam

345 2457 540 2523 Catholicam
559 2462 784 2544 comprobant,
806 2484 918 2527 verum
933 2460 1081 2548 integros
1098 2460 1198 2525 libros
1216 2472 1409 2536 exararunt,
1425 2461 1521 2547 quibu

344 2570 462 2654 dogma
478 2581 624 2632 nostrum
642 2571 681 2633 de
697 2570 853 2635 industrio
870 2572 1100 2645 demonstrant,
1117 2583 1209 2656 atque
1221 2591 1354 2634 errores
1367 2569 1520 2656 oppositos

343 2677 587 2764 Pelagianorum
608 2691 641 2743 ct
663 2680 993 2767 Semipclagisnorum
1017 2681 1165 2745 refutent.
1204 2681 1254 2744 Ad
1277 2701 1361 2764 quos
1377 2679 1522 2765 pertinent
1559 2723 1561 2774 5

343 2786 500 2872 imprimis
532 2809 630 2873 supra
661 2790 794 2857 luridati:
835 2790 1143 2876 Hieronymum,
1176 2789 1520 2878 Arrgustinus⁶]‚et
1559 2783 1561 2794 '

344 2899 760 2984 Prosper⁷);praeter
782 2903 882 2965 hosce
906 2901 1152 2980 Orosius⁸),
1175 2900 1350 2965 Marius
1373 2902 1519 2965 Merca-

452 3164 479 3238 ¹)
496 3160 593 3242 Apoc.
612 3159 642 3233 3,
660 3159 713 3223 20.
746 3197 790 3206 —
825 3161 851 3239 ²)
869 3159 938 3220 Au.
959 3159 1016 3233 16,
1036 3157 1087 3222 14.
1105 3159 1150 3220 Os.
1171 3155 1225 3228 13,
1248 3154 1302 3223 48.
1335 3193 1378 3203 —
1414 3156 1518 3234 ³)Phtt.

347 3250 445 3326 1,29.
463 3289 506 3298 -
524 3254 549 3334 ⁴)
566 3255 601 3315 L.
613 3275 638 3317 c.
656 3275 685 3317 u.
703 3257 732 3317 4,
751 3273 774 3314 c.
793 3249 868 3314 792.
887 3287 930 3297 -
950 3247 974 3335 ⁵)
991 3252 1092 3328 Epist.
1112 3254 1182 3311 133.
1200 3253 1242 3309 ad
1251 3250 1438 3325 Otasiphout.
1451 3247 1517 3329 Opp.

345 3343 383 3408 T.
412 3344 440 3407 1.
466 3368 491 3404 c.
518 3342 603 3406 1025
621 3366 661 3405 ss.
695 3344 782 3404 Dial.
801 3343 1170 3419 adu.Pelupiau.t.III.
1204 3339 1243 3404 T.
1261 3339 1291 3403 2.
1309 3362 1334 3401 a.
1353 3338 1419 3404 693
1435 3362 1518 3402 ss.-

345 3438 371 3515 ⁶)
387 3441 437 3498 Da
453 3437 529 3512 spir.
547 3445 575 3496 at
589 3436 645 3497 titt.
662 3441 704 3495 ad
719 3436 888 3497 Marcellin.
908 3471 950 3481 -
968 3439 1015 3494 De
1030 3442 1093 3494 nat.
1105 3441 1133 3493 et
1145 3440 1226 3509 prat.
1236 3436 1337 3492 -Da
1349 3432 1520 3512 perfectioni

336 3529 570 3608 justitiariam.
603 3565 646 3571 -
676 3531 724 3586 Da
737 3527 831 3602 pestis
847 3527 978 3601 Pelopii.
997 3562 1038 3571 —
1055 3529 1104 3586 Da
1117 3532 1195 3601 prat.
1215 3523 1342 3584 Christi.
1376 3560 1417 3569 —
1450 3525 1519 3584 Oont

345 3623 422 3678 duas
439 3619 525 3693 epist.
542 3619 701 3693 Pelupiau.
719 3621 750 3676 ll.
769 3621 825 3677 IV.
845 3654 888 3662 ——
905 3619 991 3678 Oout.
1009 3617 1127 3677 Julian.
1146 3618 1176 3676 a.
1198 3617 1249 3676 VI.
1263 3652 1307 3660 -
1320 3615 1519 3677 Contsecuud.

344 3709 464 3771 Julian.
481 3728 617 3784 respons,
635 3711 666 3772 a.
688 3712 740 3767 VI.
773 3744 817 3753 —-
847 3712 894 3769 Da
915 3716 994 3784 prat.
1018 3715 1045 3767 at
1060 3707 1112 3769 tib.
1129 3710 1193 3767 arb.
1226 3743 1267 3751 —
1300 3709 1350 3765 Da
1367 3709 1521 3781 correptet
1558 3712 1561 3779 t

343 3808 421 3876 prat.
466 3836 496 3844 —
529 3803 579 3860 Da
594 3804 745 3874 praedest.
768 3799 869 3860 Sonat.
904 3835 944 3844 -
978 3803 1026 3860 De
1047 3803 1124 3858 dano
1140 3796 1396 3873 perseuerantiae.
1429 3799 1463 3857 T.
1481 3791 1519 3855 10.
1558 3798 1561 3829 ¹

346 3913 373 3953 c.
391 3888 444 3953 86.
465 3888 537 3952 127.
559 3890 632 3953 167.
652 3889 725 3954 191.
744 3887 912 3952 229411.
930 3888 1006 3952 497.
1025 3886 1099 3951 873.
1119 3886 1194 3951 717.
1213 3883 1288 3949 749.
1307 3885 1384 3950 789.
1402 3884 1473 3950 821.
1488 3918 1519 3930 -

349 3983 372 4061 ⁷)
388 3983 488 4060 Epist.
505 3987 546 4043 ad
561 3983 721 4059 Aupustin.
739 3985 774 4040 da
791 3981 942 4057 reliquiis.
961 3984 1065 4058 Patap.
1083 3984 1197 4040 baares.
1215 3980 1249 4038 iu
1262 3976 1519 4056 Gallia-Epist.

345 4077 386 4132 ad
400 4074 502 4150 Rufiu.
521 4078 558 4135 dc
578 4082 657 4151 prat.
679 4082 707 4132 at
727 4073 777 4135 bib.
796 4074 906 4134 arbitr.
941 4109 985 4118 —
1008 4071 1233 4147 Responsioues
1249 4073 1292 4128 ad
1308 4071 1443 4146 capitula
1457 4068 1518 4145 obje-

346 4165 477 4225 ctionum
495 4166 654 4226 Gallorum
671 4163 931 4225 calumniantium.
957 4200 997 4210 -
1020 4166 1134 4241 Raspp.
1153 4165 1194 4222 ud
1210 4161 1312 4239 capitt.
1330 4163 1443 4240 objecti.
1464 4157 1518 4218 Via·

346 4256 560 4320 cautiauorurn.
582 4293 624 4302 —-
648 4259 761 4333 Raspp.
779 4259 820 4314 ad
836 4262 989 4332 excerpta,
1012 4274 1088 4330 quae
1109 4257 1144 4313 da
1162 4251 1318 4313 Genususi
1334 4252 1452 4312 ciuitati
1465 4252 1519 4309 sunt

344 4348 449 4408 missa.
470 4384 509 4393 —
528 4352 575 4408 De
588 4355 666 4425 prat.
684 4355 711 4405 at
727 4347 777 4407 tib.
794 4349 858 4407 arb.
877 4352 953 4405 caut.
965 4347 1110 4406 Ouilator.
1124 4344 1203 4424 Opp.
1220 4343 1369 4422 August
1380 4347 1422 4405 in.
1434 4338 1468 4404 T.
1478 4335 1515 4400 10.

345 4461 369 4498 a.
390 4437 464 4500 779.
483 4459 551 4518 app.
575 4461 599 4500 c.
627 4436 815 4501 163-214.
847 4473 890 4483 -
924 4435 950 4521 ⁸)
967 4438 1120 4513 Apotopet.
1139 4442 1214 4496 caut.
1232 4434 1393 4510 Pelopiae.
1420 4430 1514 4493 dearb.

345 4530 441 4592 libert.
461 4530 634 4591 Galland.
653 4531 691 4589 B.
709 4531 776 4588 ΡΡ.
796 4530 834 4590 Τ.
853 4526 883 4590 9.
902 4550 933 4607 p.
954 4524 1016 4589 lbt
1034 4548 1074 4588 ss,
