3775 5625
343 383 408 446 456

310 625 314 631 ἢ
344 551 439 611 horreo
467 545 526 610 sibi
550 544 765 629 persuadebit,
789 566 824 606 se
846 542 940 606 fidem
964 542 995 605 in
1019 542 1117 612 eorde
1138 564 1196 607 suo
1215 544 1341 616 lovere,
1364 564 1405 607 ac
1421 564 1463 608 ex
1478 565 1529 607 nu·

343 678 432 722 mero
456 628 766 741 priedcstinatormn
788 674 879 724 esse;
912 665 943 715 et
967 664 1041 717 tune
1064 666 1183 717 temere
1208 652 1362 726 confidet,
1386 666 1529 737 peccata·

343 788 417 852 que,
434 787 512 851 quae
531 762 741 835 commiserit,
759 762 820 825 sibi
836 783 853 824 a
870 763 939 825 Deo
955 764 1038 824 baud
1055 762 1241 846 imputatum
1256 761 1306 835 iri,
1324 761 1386 825 sibi
1403 783 1529 845 persua-

343 875 444 946 debit;
470 886 522 937 aut
542 895 620 936 vero
645 893 685 935 ex
710 870 852 955 peccatis
870 869 1067 945 commissis,
1085 892 1120 934 se
1137 870 1231 934 iidem
1249 892 1409 955 nunquam
1422 893 1530 938 ‚veram

342 983 507 1057 habuisse,
529 995 559 1045 et
580 1003 621 1045 ex
644 979 889 1065 praedestinatis
905 982 988 1045 haud
1005 1001 1094 1053 esse,
1116 982 1240 1053 credet,
1258 993 1350 1064 atque
1367 980 1412 1043 ita
1429 982 1467 1044 de
1484 1003 1528 1047 sa·

343 1096 405 1157 lute
423 1114 481 1156 sua
497 1092 721 1176 consequenda
738 1090 920 1175 desperabit
934 1091 968 1171 ¹).
1274 1174 1276 1178 Ι

451 1208 517 1276 Non
540 1206 664 1263 obstant
685 1204 821 1281 dogmati
846 1202 1005 1261 catholico
1022 1202 1117 1259 verba
1140 1202 1373 1260 Salvatoris:
1401 1200 1468 1275 Qui
1483 1208 1527 1262 hi·

344 1319 602 1390 herinesowa,
628 1316 894 1389 quaneepodaho
921 1314 967 1378 ei,
994 1330 1071 1397 non
1100 1313 1217 1371 sitiet
1247 1314 1286 1370 in
1317 1321 1525 1373 ueternum.

344 1422 411 1484 Sed
435 1442 532 1501 aquo,
561 1399 655 1498 quam
682 1442 739 1497 epo
766 1425 845 1480 daho
871 1424 913 1498 ei,
940 1420 996 1493 fiet
1018 1423 1052 1478 in
1068 1439 1105 1479 eo
1120 1421 1201 1491 fons
1217 1439 1320 1497 aptiae
1337 1424 1527 1481 salientium

344 1538 441 1594 eitam
464 1535 677 1603 ueternum).
710 1532 785 1589 lllam
818 1549 929 1588 sensus
961 1531 1128 1588 verborum
1160 1531 1369 1589 tantummodo
1402 1531 1452 1590 hic
1476 1542 1526 1599 est,

344 1632 467 1721 aqueus,
490 1621 577 1719 quam
601 1640 744 1699 Christus
765 1640 915 1697 Dominus
940 1638 1096 1709 exhibeat,
1120 1658 1233 1698 revera
1256 1640 1429 1698 hominibus
1453 1643 1525 1700 salu·

343 1763 403 1810 tem
432 1751 590 1817 conferre,
612 1750 655 1807 ita
676 1759 722 1817 ut,
747 1748 797 1824 qui
821 1748 900 1806 bunc
922 1748 1037 1804 iontem
1070 1750 1165 1824 aquae
1190 1748 1294 1817 vivae,
1319 1748 1337 1807 i.
1363 1768 1390 1808 e.
1412 1750 1525 1827 gratiae

344 1860 567 1919 sanctificantis
587 1858 619 1915 in
636 1878 669 1915 se
688 1858 876 1926 servaverit,
901 1859 1030 1916 salutem
1049 1876 1135 1915 suam
1154 1867 1315 1933 operetur,
1333 1867 1364 1916 et
1382 1876 1525 1936 nunquan

344 1970 439 2038 sitiat,
456 1987 644 2045 nequaquam
664 1978 764 2026 autem
781 1968 876 2035 illum,
894 1967 997 2042 quide
1015 1985 1092 2043 aqua
1108 1967 1159 2023 illa
1177 1966 1299 2034 biberit,
1317 1984 1353 2023 eo
1371 1966 1438 2042 ipso
1457 1968 1525 2035 fore,

345 2087 375 2135 nt
393 2096 542 2153 nunquam
561 2078 660 2145 sitiat,
679 2087 730 2135 aut
747 2078 851 2154 gratia
867 2076 991 2154 indigus
1008 2077 1064 2143 sit,
1083 2095 1119 2133 ae
1136 2076 1163 2132 si
1180 2076 1249 2132 lons
1266 2074 1402 2148 ejusdem
1420 2076 1450 2134 in
1468 2078 1524 2154 ipso

344 2186 497 2245 exsiccari
515 2196 545 2243 et
562 2187 681 2245 obstrui
698 2205 827 2262 prorsus
845 2205 903 2243 non
921 2186 1031 2261 possit.
1160 2268 1163 2271 Α

452 2297 557 2372 Neque
574 2296 646 2352 illud
662 2296 785 2353 Pauli:
813 2292 903 2367 Quos
919 2303 1026 2353 nutem
1035 2294 1244 2370 justificavit,
1264 2271 1340 2352 illos
1357 2300 1524 2372 etplori·

342 2406 546 2477 sirenum.
571 2406 645 2461 llam
669 2404 764 2462 verba
781 2404 857 2461 haec
875 2422 933 2460 non
951 2404 988 2460 ad
1005 2402 1136 2481 gloriam
1154 2413 1312 2476 aeternam
1330 2406 1523 2487 seu-beatitu-

345 2515 443 2571 dinem
462 2514 643 2581 coelestem,
669 2513 723 2569 sed
739 2522 856 2570 tantum
875 2513 912 2570 ad
929 2513 1060 2589 gloriam
1079 2521 1263 2571 terrestrem
1286 2532 1341 2571 seu
1360 2515 1524 2575 sanctifica·

345 2623 457 2680 tionem
480 2622 674 2691 reseruntur,
697 2632 728 2679 et
751 2622 869 2679 nonnisi
894 2623 1084 2697 adoptionem
1111 2622 1241 2680 filiorum
1260 2633 1430 2700 ceteraque
1448 2626 1525 2691 dona,

345 2750 422 2808 quae
449 2750 516 2790 eum
537 2730 759 2804 justificatione
782 2732 1006 2800 nanciscimur,
1028 2751 1214 2809 nequaquam
1238 2743 1338 2792 autem
1366 2734 1525 2793 absolutam

345 2842 654 2919 praedestinationem
673 2861 727 2900 seu
745 2844 889 2901 advitam
908 2843 1089 2902 electionem
1107 2843 1294 2921 significant.

454 2953 558 3026 Neque
578 2952 668 3010 etiam
685 2954 781 3010 verba
797 2954 820 3010 J
829 2953 977 3010 oannis:
996 2949 1139 3030 Scimus,
1158 2955 1235 3029 quia
1252 2957 1375 3032 omnis,
1401 2958 1459 3031 uui
1474 2974 1526 3014 na·

347 3072 399 3133 tus
415 3070 462 3120 est
478 3079 521 3118 en·
537 3059 621 3138 Deo,
640 3081 715 3120 non
738 3071 889 3137 peceat:
915 3066 972 3120 sed
998 3065 1166 3136 perieratio
1184 3061 1247 3120 Dei
1263 3073 1524 3139 consentianum,

346 3181 376 3228 et
392 3173 553 3245 malignus
568 3189 635 3228 uon
652 3173 757 3245 tangit
771 3189 841 3230 eum
852 3167 890 3242 ⁴).
925 3171 1086 3229 Sententia
1112 3172 1191 3229 enim
1217 3173 1359 3247 Apostoli
1382 3173 1458 3232 baec
1475 3182 1526 3231 est:

348 3279 405 3352 Qui
421 3289 511 3336 natus
529 3288 576 3336 est
594 3299 630 3336 ex
648 3281 731 3349 Deo,
750 3280 892 3356 quamdiu
909 3281 990 3338 lilius
1007 3281 1067 3338 Dei
1084 3292 1146 3349 est,
1164 3300 1219 3338 seu
1237 3282 1377 3357 quamdiu
1400 3283 1525 3342 charitas

456 3551 478 3630 ¹)
498 3550 565 3624 Quo
582 3562 724 3630 respectu
739 3554 804 3632 ipse
821 3553 927 3631 Hugo
946 3551 1108 3614 Grotius:
1134 3552 1309 3613 Christiani
1320 3554 1467 3628 pectoris,
1483 3554 1525 3625 ait,

346 3651 391 3700 est
405 3645 580 3700 horrescere
595 3662 630 3700 eu
646 3646 800 3718 dogmata,
833 3665 909 3720 quae
929 3642 1037 3720 pietati
1052 3651 1174 3718 nocent;
1197 3646 1285 3720 quale
1306 3644 1385 3704 illud
1402 3651 1448 3704 est
1462 3663 1527 3700 -o

347 3731 504 3791 nonnullis
526 3733 696 3809 defensum:
727 3738 825 3795 Peceu
835 3734 976 3812 fortiter,
999 3738 1052 3793 sed
1067 3738 1152 3794 crede
1161 3735 1299 3812 fortius:
1315 3742 1343 3794 et
1358 3736 1441 3796 nibil
1454 3755 1525 3797 nou·

348 3827 419 3879 hreni
434 3823 490 3879 tibi
507 3830 620 3883 centum
636 3825 813 3896 homicidia,
832 3833 859 3884 et
872 3827 953 3885 mille
969 3833 1085 3900 stupra.
1117 3825 1162 3884 Hi
1185 3832 1256 3884 sunt
1284 3826 1400 3902 gemini
1413 3829 1527 3905 fruetus

347 3913 432 3970 illius
464 3914 626 3989 dogmatis,
658 3919 777 3974 credere
793 3917 962 3995 qrtempinm
978 3919 1092 3986 debere,
1113 3914 1267 3976 Christum
1280 3936 1339 3991 pro
1356 3939 1387 3977 se
1402 3918 1527 3977 nornine·

348 4003 400 4061 lim
421 4025 483 4062 esse
513 4014 675 4080 mortuum,
699 4007 857 4084 justitium
891 4008 1009 4066 Christi
1030 4008 1090 4066 sibi
1110 4008 1268 4082 imputari,
1286 4009 1377 4082 quusi
1392 4009 1459 4084 ipse
1474 4030 1528 4068 eun

346 4095 562 4171 praestitisset:
594 4106 672 4155 certo
688 4118 719 4156 se
736 4118 797 4157 esse
811 4106 1088 4172 perseveraturum:
1120 4107 1198 4158 certo
1220 4107 1247 4157 et
1265 4103 1399 4159 absolute
1415 4103 1528 4160 salutem

347 4185 407 4242 sihi
431 4187 625 4246 destinatam:
656 4197 777 4266 peccatu
790 4188 942 4264 fidelium,
959 4197 1026 4248 utut
1039 4211 1151 4267 mapnn
1167 4190 1315 4265 etpumia
1331 4211 1395 4249 esse
1409 4192 1528 4269 possim,

348 4296 408 4337 non
424 4276 568 4350 imputari
584 4279 663 4355 ipsis
689 4287 816 4357 propter
840 4280 934 4356 fidem
951 4281 983 4339 in
998 4284 1104 4341 Jesum
1126 4281 1299 4341 Christum:
1315 4301 1408 4356 posse
1425 4303 1474 4342 eos
1489 4302 1527 4341 ea·

349 4370 417 4424 dere
433 4367 466 4424 in
482 4370 680 4441 rebellionem,
698 4371 731 4429 in
753 4371 962 4444 homicidium,
994 4373 1188 4445 adulterium,
1216 4372 1438 4454 proditionem,
1459 4372 1528 4433 etit

346 4478 439 4531 penus
456 4459 519 4517 ulia
527 4460 668 4536 stropium·
690 4469 718 4520 ct
736 4463 934 4522 nihilominus
966 4470 1063 4522 lamen
1079 4484 1127 4523 eos
1139 4485 1200 4538 pro
1217 4472 1295 4523 certo
1319 4464 1470 4540 firmoque
1484 4467 1526 4523 ta-

348 4551 428 4621 bere,
446 4571 476 4607 se
493 4572 644 4627 nimquam
660 4561 712 4611 aut
728 4555 858 4613 totaliter
874 4561 927 4612 aut
934 4554 1071 4629 finaliter
1097 4559 1245 4627 eccidere,
1279 4575 1372 4631 neque
1403 4555 1528 4618 cecidere

344 4660 434 4712 posse
452 4661 488 4700 eu
503 4650 630 4718 paterno
647 4645 710 4703 Dei
726 4645 880 4704 charitate.
905 4645 1050 4710 Discum,
1066 4647 1154 4722 Apol.
1171 4646 1268 4706 Rivel.
1287 4646 1366 4727 Opp.
1384 4648 1426 4707 th.
1443 4645 1524 4706 Basil.

350 4727 447 4790 1732.
466 4733 503 4792 T.
521 4731 551 4792 4.
568 4756 599 4812 p.
618 4731 682 4794 734
699 4757 721 4794 s.
741 4772 780 4784 -
802 4736 826 4814 ²)
843 4733 988 4810 Journal,
1007 4733 1058 4800 13.
1077 4740 1165 4812 --³)
1182 4740 1268 4796 Rom.
1287 4734 1317 4811 8,
1336 4736 1485 4816 30.—⁴)
1502 4734 1524 4795 l.

348 4819 440 4879 Joan.
458 4818 488 4904 5,
509 4821 558 4884 18.
578 4822 668 4894 0113,
686 4822 716 4890 9.
