3775 5625
1472 440 1536 506 331

345 597 478 680 —pro
502 608 630 664 salute
654 605 814 664 humani
842 607 1005 679 pesteris
1028 614 1068 663 in
1090 605 1202 680 liqna
1236 609 1368 667 erucis
1396 627 1539 683 passae

342 716 628 779 centemnunt.
645 748 689 758 -
706 708 853 775 Coneii.
881 709 1027 773 Triden
1037 722 1057 774 t.
1075 722 1181 774 etitem
1196 710 1305 775 varhis
1321 713 1469 797 Apostoli
1486 716 1538 778 de·

344 822 463 895 eiurat,
486 819 648 885 Christum
669 821 795 892 iesum,
820 818 933 882 Filium
952 818 1031 893 Dei,
1053 819 1254 904 propositum
1271 842 1344 886 esse
1361 823 1465 886 aDeo
1481 825 1538 888 Pa·

343 942 399 993 tre
414 936 720 1010 propitiatorem
738 952 808 1008 per
826 933 918 1005 fidem
942 935 982 991 in
999 936 1190 1009 sanquine
1211 936 1298 1010 ejus
1316 953 1388 1011 pro
1404 953 1540 1011 perea-

346 1046 405 1103 tis
419 1045 590 1111 nostrii,
604 1060 682 1101 aon
707 1045 831 1100 uotum
847 1052 974 1102 antem
989 1046 1157 1112 nostris,
1175 1046 1462 1121 sedetiompro
1480 1055 1539 1106 to-

347 1155 379 1212 ti
386 1171 430 1212 as
459 1154 592 1211 mundi
605 1150 641 1225 ¹).
676 1149 777 1211 Porro
802 1149 897 1212 docet
919 1148 1063 1232 passioni
1085 1151 1154 1233 ejus
1176 1149 1322 1213 meritum
1339 1149 1462 1224 inesse,
1483 1173 1540 1235 per

345 1258 433 1343 quod
450 1255 526 1330 iltis,
548 1255 599 1340 qui
617 1254 850 1339 justificantur,
873 1256 992 1343 gratia,
1016 1277 1076 1342 qua
1087 1256 1167 1342 justi
1183 1257 1277 1332 fiunt,
1295 1258 1460 1322 tribuatur.
1485 1262 1539 1323 At·

346 1386 412 1451 que
433 1364 552 1429 diserte
577 1362 701 1427 definit:
734 1366 956 1428 Meritoria
987 1370 1256 1446 (justificationis
1286 1374 1406 1448 eausa)
1437 1382 1541 1432 eutem

346 1480 441 1555 (eet)
473 1479 702 1536 dilectissimas
718 1481 904 1551 unigenitus
920 1496 1000 1537 suas
1015 1478 1175 1537 Dominus
1193 1487 1305 1538 noster
1319 1479 1420 1539 Jeaus
1439 1479 1541 1540 Olari-

346 1597 435 1655 stae,
461 1589 543 1663 pai,
569 1604 640 1645 eum
661 1605 802 1646 essemus
819 1590 957 1656 inimici,
987 1597 1146 1664 propter
1176 1591 1334 1647 nimiam
1364 1590 1541 1649 eharita-

346 1707 443 1773 tem,
460 1714 535 1772 pua
550 1698 698 1755 ditexit
712 1714 798 1766 noo,
815 1714 886 1754 sua
903 1699 1155 1756 satiatissime
1167 1700 1355 1773 passione
1376 1700 1417 1757 in
1433 1702 1542 1774 tinne

346 1807 483 1865 erneis
512 1807 627 1863 nobie
648 1806 999 1881 justificationem
1021 1810 1177 1877 meruit,
1195 1807 1541 1883 etpronohisDeo

346 1915 473 1974 Patri
496 1914 756 1985 satisfecit³).

459 2021 606 2105 Haecque
624 2022 751 2084 tandem
768 2033 922 2105 personat
938 2042 979 2085 ex
996 2042 1053 2084 ora
1071 2021 1210 2085 omnium
1223 2021 1360 2086 fidelium
1378 2022 1450 2087 fidei
1469 2043 1541 2107 pro·

345 2127 467 2202 fessio,
491 2151 554 2192 non
578 2129 661 2193 atiud
683 2150 798 2193 nomen
815 2151 889 2194 esse
906 2132 966 2194 sub
984 2132 1076 2194 coelo
1094 2132 1201 2195 datum
1217 2131 1413 2205 hominihus,
1430 2132 1461 2195 in
1479 2154 1541 2217 quo

347 2250 500 2324 oporteat
525 2261 584 2303 nos
607 2241 714 2304 salvos
739 2239 825 2312 fieri3
850 2253 943 2326 atque
966 2239 1095 2305 nonnisi
1117 2262 1158 2305 ex
1179 2242 1300 2305 meritis
1321 2240 1483 2326 passionis
1505 2262 1544 2304 ao

346 2348 465 2414 mortis
482 2347 601 2414 Christi
618 2351 825 2412 Sacramenta
850 2370 939 2412 suam
962 2348 1112 2413 virtutem
1129 2372 1190 2413 nos
1202 2349 1399 2433 justificandi
1416 2371 1453 2413 ac
1470 2369 1542 2412 san·

348 2457 527 2531 ctifieandi‚
543 2457 661 2522 Missae
685 2457 877 2522 sacrificium
900 2471 1005 2522 antem
1021 2457 1084 2521 vim
1101 2459 1238 2545 gratiam
1255 2457 1392 2522 divinam
1423 2457 1543 2542 aliaque

348 2570 438 2631 dona
458 2566 663 2653 impetrandi,
689 2579 881 2653 nostraeque
903 2589 1019 2652 preces
1040 2568 1261 2633 etiioaeitatem
1284 2581 1377 2654 atque
1400 2566 1544 2631 actiones

346 2676 488 2763 pretium
506 2675 656 2740 nancisci.

461 2813 502 2870 11.
527 2805 669 2868 'Paridem
691 2825 748 2889 per
771 2791 951 2890 peceatum,
974 2819 1009 2870 ut
1030 2827 1127 2891 snpra
1143 2807 1210 2891 jam
1233 2804 1456 2890 exposuimus,
1481 2826 1543 2889 quo

348 3049 440 3100 mus,
457 3027 559 3089 Deum
577 3045 699 3088 summa
715 3023 831 3108 injuria
848 3045 887 3088 ao
903 3024 1027 3089 offensa
1044 3024 1216 3098 afficimus,
1233 3036 1326 3109 atque
1343 3023 1415 3087 ideo
1433 3024 1544 3107 antipae

346 3135 507 3209 infinitae,
529 3156 593 3197 non
615 3133 741 3220 quidem
763 3133 795 3197 in
813 3155 864 3208 sa,
887 3121 944 3198 sed
962 3136 1060 3198 relate
1077 3136 1116 3198 ad
1134 3136 1294 3218 objectum
1310 3131 1480 3207 infinitum,
1497 3131 1545 3195 rei

347 3245 518 3311 efficimur.
544 3243 661 3328 lnjuria
677 3244 760 3307 enim
778 3257 810 3308 et
826 3243 964 3318 offensa,
989 3257 1082 3330 atque
1099 3255 1332 3329 consequenter
1348 3254 1380 3306 et
1396 3243 1488 3326 eulpa
1504 3262 1544 3305 eo

348 3357 457 3440 major
473 3367 539 3428 est,
563 3375 625 3439 quo
647 3355 751 3438 major
767 3366 817 3418 est
833 3375 993 3438 personae
1015 3353 1156 3418 offensae
1175 3351 1315 3440 dignitas
1332 3364 1364 3415 ot
1379 3364 1543 3436 praestan·

348 3467 411 3540 tia,
438 3467 532 3550 juxta
563 3462 654 3526 ittnd:
679 3461 794 3547 injuria
814 3475 865 3527 est
884 3462 916 3526 in
940 3462 1106 3547 injuriato,
1129 3475 1161 3526 et
1182 3464 1286 3526 hortor
1307 3461 1337 3525 in
1355 3463 1544 3535 honorante,

348 3578 370 3641 i.
390 3597 418 3639 e.
436 3594 585 3638 mensura
601 3571 736 3657 iujuriae
752 3586 802 3637 est
817 3572 887 3658 ipsa
904 3595 1045 3658 persona
1062 3573 1201 3648 offensa,
1223 3571 1307 3637 sicut
1321 3591 1472 3635 mensura
1488 3571 1543 3634 ho·

350 3683 445 3749 noris
465 3696 516 3748 est
538 3682 677 3770 dignitas
698 3703 858 3766 personae
882 3683 1082 3747 honorantis.
1113 3684 1202 3747 Unde
1229 3704 1301 3746 eum
1317 3681 1377 3746 Dei
1393 3682 1545 3765 majestas

350 3794 396 3860 sit
419 3792 556 3856 infinita:
581 3790 703 3854 infinita
724 3813 848 3876 qnoque
872 3790 901 3856 ei
925 3793 1060 3855 debetur
1082 3790 1245 3854 reiteratio
1269 3812 1307 3855 ao
1330 3789 1545 3864 observantia,

350 3924 414 3990 qua
430 3924 502 3965 eum
520 3913 553 3965 ut
568 3922 726 3964 summum
742 3902 864 3964 Bonum
881 3921 920 3965 ae
936 3921 1121 3985 supremum
1137 3899 1310 3963 Dominum
1326 3899 1545 3985 agnoscimus,

350 4027 384 4078 et
405 4033 486 4100 erga
507 4032 579 4075 eum
603 4022 635 4072 ut
658 4031 817 4074 summum
838 4011 961 4074 Bonum
983 4030 1021 4073 ac
1042 4031 1225 4094 supremum
1247 4007 1418 4072 Domitium
1440 4006 1546 4072 affecti

350 4144 479 4194 sumus;
505 4133 598 4204 atque
618 4117 693 4182 hinc
712 4118 828 4203 injuria
849 4131 880 4182 et
902 4119 1055 4193 offensio,
1081 4139 1174 4204 quam
1198 4120 1267 4183 Deo
1289 4139 1347 4203 per
1368 4129 1545 4202 peceatum,

349 4235 511 4297 honorem
534 4225 674 4292 debitum
696 4224 725 4289 ai
742 4228 945 4313 denegando,
971 4227 1148 4302 afferimus,
1165 4249 1207 4290 ex
1223 4226 1345 4290 infinita
1362 4228 1431 4310 ejus
1449 4228 1543 4309 maje·
1627 4238 1629 4243 ⁴

351 4353 454 4414 state,
476 4358 569 4423 quam
592 4336 760 4410 laedimus,
782 4337 936 4402 infinitam
959 4338 1164 4425 gravitatem,
1189 4349 1355 4401 externam
1377 4356 1491 4421 nempe
1507 4356 1546 4399 ae

351 4441 499 4529 σχετικὴν,
532 4448 699 4511 contrahat
730 4469 865 4512 trecasse
889 4460 940 4512 est
954 4454 991 4528 ⁶).
1023 4449 1125 4511 Deum
1150 4458 1271 4518 autem,
1289 4446 1397 4532 quiex
1415 4458 1545 4508 naturae

350 4579 430 4624 suae
447 4555 639 4621 necessitate
657 4569 788 4621 sanetus
805 4579 842 4621 ac
853 4559 964 4642 justus
981 4570 1045 4632 est,
1062 4557 1126 4621 imo
1144 4556 1214 4641 ipsa
1230 4557 1383 4621 sarrctitas
1401 4577 1439 4619 ac
1450 4553 1544 4639 justi·

350 4709 608 4727 μ

460 4795 486 4872 ¹)
505 4795 550 4853 Ib.
569 4795 606 4856 T.
624 4793 678 4858 22.
697 4818 721 4858 a.
739 4794 883 4859 981-2.
900 4831 944 4841 --
962 4796 989 4876 ²)
1008 4796 1089 4858 Seis.
1108 4799 1136 4857 6.
1154 4817 1179 4858 e.
1198 4799 1226 4858 1.
1245 4803 1272 4856 et
1287 4801 1316 4867 2,
1331 4792 1543 4874 -³)1b.c.3,

353 4921 394 4936 -κ
415 4888 442 4963 ⁴)
459 4885 506 4951 Ib.
524 4906 547 4946 e.
568 4889 596 4946 7.
614 4923 657 4937 -
674 4891 703 4966 ⁶)
721 4888 767 4956 Os.
784 4888 890 4955 Matth.
909 4883 963 4965 25,
979 4885 1022 4950 41
1041 4908 1081 4961 ss,
