3775 5625
1349 512 1360 538 ι
1411 425 1476 497 sn

288 604 404 659 auctor
423 593 607 657 Librorum
634 595 674 656 de
697 599 866 656 vocatione
890 592 1045 657 Gentium
1060 594 1099 673 ¹),
1122 606 1154 658 et
1171 595 1204 658 S.
1227 593 1410 671 Thomas,
1427 594 1479 682 qui

289 704 402 769 habet:
434 708 544 783 Deus,
568 711 726 787 quantum
746 711 781 765 in
796 726 834 766 se
850 713 916 783 est,
937 712 1082 785 parolus
1103 714 1170 784 est,
1190 709 1369 769 omnibus
1382 729 1479 786 yro-

289 823 383 879 lium
404 819 517 891 dure,·
538 817 721 877 vultenim
738 835 870 877 omnes
892 819 1066 876 loomineo
1086 817 1227 877 salvos
1246 820 1366 895 fieri,
1389 820 1483 879 etad

288 932 485 1003 annitionem
500 930 777 988 veritatisoenire.
790 960 834 971 -
845 923 917 986 Sed
930 924 995 985 illi
1010 925 1091 985 soli
1103 930 1236 1001 pretio
1250 932 1477 1006 privantur,

287 1042 355 1119 qui
378 1042 418 1097 in
442 1056 484 1097 se
507 1040 609 1114 ipsis
629 1040 786 1111 oratioe
817 1036 1135 1115 impedimentum
1147 1042 1378 1114 praestant,·
1394 1042 1483 1098 sieut

286 1147 360 1208 sole
390 1146 546 1206 mundum
576 1143 801 1221 illuminante,
823 1149 857 1205 in
874 1145 1265 1224 oulpomimputoturei,
1288 1147 1481 1225 quioculos

287 1258 426 1335 claudit,
443 1260 474 1314 si
489 1275 533 1315 on
547 1259 608 1315 ltoe
625 1256 761 1335 aliquod
774 1254 897 1315 mulum
912 1260 1071 1334 sequetur
1077 1276 1092 1331 ,·
1110 1255 1187 1315 licet
1199 1257 1308 1315 videre
1324 1275 1390 1315 non
1402 1275 1479 1334 pos·

286 1372 344 1442 sit,
363 1371 428 1425 nisi
444 1365 565 1426 lumine
588 1365 671 1424 solie
684 1363 960 1444 praeveniento²).
1001 1365 1125 1425 Sensus
1148 1361 1357 1426 Ecclesiae
1374 1375 1481 1427 eutem

287 1485 378 1559 potet
397 1492 439 1535 ex
460 1470 682 1556 propositione
708 1473 747 1535 sb
772 1471 995 1535 Alexandro
1021 1468 1291 1535 7111711000.
1312 1459 1408 1535 1690.
1426 1474 1479 1536 do·

286 1594 412 1647 mnata:
454 1584 603 1660 Pupieni,
628 1581 772 1659 Judoei,
789 1587 960 1655 haeretici,
979 1582 1099 1661 aliique
1114 1584 1214 1657 nujus
1227 1588 1372 1660 penoris,
1390 1584 1481 1644 nul·

288 1697 367 1755 lum
393 1698 547 1754 omnino
566 1698 730 1771 copiunt
754 1713 774 1752 a
800 1691 836 1753 J.
861 1691 1023 1753 Clirioto
1040 1692 1265 1769 influnum,
1294 1700 1391 1772 utque
1406 1697 1482 1753 nino

289 1809 355 1865 rite
385 1805 529 1880 inferes,
557 1807 591 1862 in
615 1802 686 1862 illis
710 1822 784 1861 esse
807 1802 1006 1862 voluntatem
1031 1802 1153 1861 nudum
1174 1807 1208 1861 et
1222 1806 1378 1862 inermem
1394 1807 1481 1862 sine

288 1917 392 1974 omni
420 1917 555 1988 qratia
585 1914 841 1989 sufficiente.
879 1911 983 1992 Atque
1004 1928 1046 1971 ex
1068 1927 1160 1991 prop.
1183 1906 1235 1972 19.
1253 1908 1483 1986 Quesneil.a

288 2021 492 2086 Clemente
508 2020 561 2083 Xl.
578 2018 777 2105 proscripto:
801 2020 936 2081 Extra
957 2020 1184 2080 Ecclesium
1205 2020 1320 2081 nullu
1341 2040 1480 2081 conoe-

287 2135 401 2193 ditur
414 2128 597 2208 qroliu³).

401 2239 438 2302 0.
454 2238 598 2324 Denique
614 2238 698 2323 quod
715 2257 813 2321 supro
830 2234 977 2311 diximus,
993 2237 1078 2300 valet
1090 2235 1184 2300 etiarn
1201 2235 1262 2300 hic.
1286 2236 1389 2301 Nemo
1406 2257 1479 2321 pec·

287 2359 341 2412 cat
357 2346 389 2410 in
406 2368 462 2422 eo,
488 2349 573 2432 quod
590 2348 674 2410 nulio
691 2348 787 2410 modo
806 2366 919 2411 cavere
936 2357 1054 2429 potest.
1083 2345 1166 2410 Hinc
1181 2344 1345 2420 infideles,
1362 2344 1390 2409 si
1406 2365 1480 2433 gro·

285 2456 333 2519 tie
349 2455 430 2540 ipsis
446 2468 577 2541 praesto
594 2478 657 2520 non
675 2468 774 2530 esset,
791 2454 886 2519 etism
902 2457 1027 2539 quondo
1050 2453 1192 2519 scientes
1209 2474 1248 2518 ec
1262 2454 1407 2518 volentes
1424 2453 1480 2517 mi·

286 2578 425 2653 grurent
446 2568 593 2630 mandato
615 2565 735 2639 diviua,
755 2566 838 2628 haud
864 2575 1053 2650 peccarent;
1070 2562 1230 2648 =quoniam
1245 2574 1421 2648 praecepto
1436 2561 1480 2626 di·

285 2675 378 2749 vino,
411 2674 479 2739 sive
502 2695 544 2738 ex
566 2675 696 2759 objecto
718 2673 786 2739 sive
812 2694 854 2737 ex
879 2671 1130 2737 circumstantiis
1153 2673 1252 2736 ardua
1277 2692 1315 2735 oc
1332 2669 1481 2746 difficilia,

286 2804 392 2870 neque
416 2795 552 2869 possunt
574 2782 642 2847 sine
665 2782 771 2870 gratia
794 2780 976 2857 observari,
1003 2801 1105 2866 neque
1134 2792 1267 2865 peccota
1290 2778 1361 2845 sine
1377 2778 1482 2867 gratio

285 2893 405 2959 caveri.

398 2999 558 3081 Objioiunt
576 3007 710 3083 quidem:

399 3112 427 3176 l.
443 3116 593 3175 Homines
608 3117 640 3174 in
658 3116 719 3175 SS.
735 3115 899 3174 Litteris
916 3115 977 3176 dici
992 3114 1132 3174 indurari
1149 3124 1179 3173 et
1197 3112 1411 3184 excaecari⁴].
1437 3145 1479 3154 -

283 3229 432 3286 Attamen
457 3226 487 3283 in
514 3226 655 3284 omnibus
678 3225 772 3294 locis,
793 3225 825 3283 in
848 3225 957 3302 quibus
978 3224 1051 3282 illud
1068 3225 1201 3302 legitur,
1218 3242 1277 3282 non
1294 3224 1331 3282 de
1348 3221 1478 3298 disposi-

283 3337 386 3404 tione,
410 3336 465 3393 sed
482 3336 517 3393 de
534 3334 737 3411 permissione
753 3334 815 3394 Dei
831 3352 934 3392 sermo
952 3343 1017 3413 est,
1048 3333 1100 3411 qui
1122 3333 1262 3391 homines
1283 3331 1423 3391 indurari
1449 3340 1480 3390 et

284 3444 454 3504 excaecari
470 3444 554 3524 sinit,
570 3445 640 3521 quis
655 3443 794 3503 indurari
810 3453 841 3502 et
858 3443 1024 3503 excaecari
1038 3444 1155 3502 volunt.

284 3588 556 3599 ——a———n

394 3664 421 3739 ¹)
438 3665 475 3723 L.
492 3666 522 3720 2.
540 3681 564 3720 c.
581 3664 632 3722 31.
666 3660 746 3741 Opp.
777 3662 909 3742 Prosp.
942 3682 967 3720 c.
997 3656 1071 3723 918.
1104 3661 1306 3719 Elohmatum
1328 3666 1372 3719 eet
1392 3658 1479 3730 enim,

284 3761 433 3831 quantum
462 3752 616 3813 Dominus
646 3751 778 3831 adjuvit,
798 3760 832 3812 ut
845 3772 907 3813 non
922 3754 1021 3812 solum
1036 3751 1071 3810 in
1086 3750 1263 3811 novissimis
1280 3750 1400 3823 unone,
1427 3752 1480 3809 sed

284 3845 376 3906 mom
391 3845 425 3902 in
441 3843 556 3902 cunetis
572 3850 652 3902 retro
668 3843 798 3903 saeculis
817 3847 1015 3922 probaretur,
1034 3841 1199 3918 prolium
1219 3841 1291 3904 Dei
1311 3840 1479 3902 omnibus
1524 3836 1529 3848 ‘

284 3935 497 3996 bominibus
514 3934 703 4012 adfuisse,
715 3934 912 4009 prouidentia
929 3934 1049 4009 quidem
1063 3933 1136 4011 pori
1147 3940 1175 3992 el
1185 3931 1313 3991 bonitate
1327 3929 1477 4006 onerate

283 4029 340 4087 sed
355 4026 530 4087 multimodo
547 4044 643 4100 opero,
661 4024 839 4100 diversaque
853 4045 1015 4085 mensuro:
1039 4022 1181 4100 quoniam
1201 4022 1264 4082 sivo
1285 4023 1396 4081 occulte
1416 4020 1480 4079 siue

286 4117 449 4196 manifeste
464 4116 530 4194 ipse
547 4123 599 4186 ost,
615 4123 649 4175 ul
663 4116 826 4193 Apostolus
842 4116 895 4187 ait,
912 4115 1090 4178 Salvator
1105 4112 1264 4174 omnium
1285 4111 1477 4182 hominum,

281 4208 442 4270 monime
466 4207 659 4285 fidelium.
693 4205 738 4268 Of.
762 4228 786 4268 c.
810 4211 859 4269 26.
882 4228 907 4268 c.
932 4204 998 4268 913
1021 4228 1046 4269 s.
1078 4241 1120 4250 -
1156 4205 1179 4284 ²)
1198 4205 1283 4265 eom.
1306 4203 1392 4263 Geni.
1411 4205 1430 4261 l.
1447 4205 1477 4263 3.

282 4321 311 4360 o.
329 4302 399 4361 159.
425 4297 505 4379 Opp.
523 4298 566 4360 th.
583 4299 622 4356 Τ.
643 4294 693 4359 18.
709 4320 740 4378 p.
757 4295 834 4359 400.
852 4320 877 4358 c.
894 4296 926 4359 2.
942 4297 1110 4359 Ambros.
1129 4294 1224 4357 Sum.
1243 4298 1272 4356 8.
1289 4294 1324 4353 iu
1338 4297 1394 4358 Pe.
1407 4296 1477 4356 118.

283 4412 318 4450 n.
339 4393 389 4454 57.
423 4386 503 4469 Opp.
525 4387 593 4452 l.c.
612 4385 708 4449 1077.
740 4389 949 4468 Augustin.
969 4390 1085 4448 Euam.
1108 4387 1143 4446 in
1163 4390 1219 4450 Po.
1237 4388 1286 4447 18.
1303 4405 1332 4444 n.
1351 4389 1379 4445 2.
1397 4381 1477 4465 Opp.

283 4478 328 4544 Τ.
356 4478 387 4541 2.
420 4501 445 4543 c.
472 4475 525 4541 98.
557 4483 604 4539 De
627 4486 689 4538 not.
712 4487 740 4539 et
756 4487 836 4556 prot.
860 4500 884 4541 0.
910 4482 959 4540 67.
983 4500 1014 4542 u.
1040 4481 1088 4542 79.
1121 4472 1477 4540 T.10.c.163.0ta1.

282 4571 391 4633 Oros.
422 4570 506 4635 Btot.
523 4590 604 4630 mooe.
622 4572 689 4629 FP.
722 4571 822 4649 Lugd.
841 4568 880 4633 T.
899 4568 929 4632 6.
947 4591 977 4650 p.
995 4565 1072 4631 453.
1089 4569 1128 4630 Ε.
1146 4577 1176 4628 et
1193 4568 1233 4632 al.
1266 4566 1311 4627 of.
1333 4565 1477 4626 Beller-

279 4665 366 4726 min.
382 4665 433 4722 Do
446 4680 493 4738 pr.
511 4669 538 4720 el
553 4661 604 4722 lib.
621 4663 686 4721 orb.
703 4664 722 4723 l.
741 4666 771 4721 2.
788 4683 812 4723 c.
831 4665 860 4722 5.
876 4665 924 4722 De
940 4659 1198 4722 controoflltrisl.
1208 4658 1367 4736 fid.Prog.
1380 4653 1476 4718 1721.

280 4755 325 4816 Τ.
342 4751 374 4816 4.
390 4775 421 4833 p.
439 4748 505 4814 254
522 4773 563 4812 ss.
596 4789 638 4796 —
671 4755 699 4831 ³)
717 4753 762 4813 cf.
779 4757 875 4831 Prop.
894 4755 922 4813 6.
939 4755 989 4812 26.
1007 4755 1056 4811 27.
1091 4787 1132 4797 -
1157 4746 1349 4828 0111069,
1367 4744 1476 4811 1210.

282 4843 341 4920 16,
360 4841 412 4907 10.
427 4843 521 4905 loon.
541 4841 591 4916 12,
608 4841 662 4907 40.
677 4845 765 4907 Rom.
785 4842 814 4921 l,
830 4840 884 4909 28.
909 4842 955 4909 Of.
971 4843 1078 4904 Metth.
1099 4839 1151 4916 13,
1171 4838 1222 4903 13.
