3775 5625
1444 424 1487 493 ta

283 604 381 663 iilum
389 602 426 678 1).
452 596 584 677 Quibus,
600 616 664 658 non
682 594 751 658 sine
769 592 913 678 emphasi
929 591 1074 677 prolatis,
1090 590 1258 656 manifeste
1276 589 1487 678 significatur,

283 709 426 795 primurn
440 703 603 770 hominem
620 724 696 768 vere
713 723 752 768 ac
767 702 910 788 perfecte
926 703 997 767 Deo
1015 700 1153 765 similem
1162 701 1282 765 factum
1295 722 1381 777 esse,
1392 702 1487 767 adeo·

285 839 346 905 que
362 837 431 882 non
449 825 647 899 corruptum,
668 834 771 898 neque
794 812 890 878 etiam
906 809 1152 886 indifferentem,
1174 812 1232 875 sed
1253 810 1357 876 instar
1369 813 1487 878 arche·

286 926 353 1014 typi
368 925 441 1001 Dei,
456 924 620 989 intellectu
637 920 867 1008 sapientissimi
883 942 921 987 ac
936 922 1100 986 voluntate
1118 920 1325 996 sanctissimi,
1346 922 1407 987 etsi
1424 944 1489 988 non

286 1049 375 1112 actu,
398 1036 514 1100 saltem
534 1033 657 1108 habitu,
677 1033 697 1099 i.
715 1055 743 1098 e.
759 1033 921 1098 habilitate
943 1053 982 1097 ac
1003 1031 1227 1118 dispositione,
1248 1033 1428 1119 sapientem
1450 1056 1488 1101 ac

281 1150 410 1233 justum
432 1166 492 1210 seu
513 1156 670 1209 sanctum.
699 1144 789 1208 Unde
811 1155 843 1207 et
863 1143 1095 1227 Apostolus,
1115 1155 1150 1207 ut
1171 1143 1279 1207 statim
1301 1143 1490 1220 videbimus,

287 1254 462 1343 imaginem
472 1254 533 1319 Dei
547 1253 581 1317 in
597 1252 766 1318 sanctitate
780 1265 813 1317 et
823 1252 960 1337 justitia,
972 1274 1030 1317 seu
1047 1253 1079 1316 in
1095 1252 1215 1317 veriori
1225 1252 1284 1317 Dei
1295 1254 1490 1340 cognitione,

288 1380 382 1452 atque
399 1363 475 1429 inde
490 1365 688 1449 procedente
706 1361 877 1427 dilectione
887 1362 1025 1447 reponit.
1049 1364 1154 1426 Porro
1168 1366 1227 1428 SS.
1239 1366 1376 1429 Patres
1392 1367 1492 1430 verba

289 1477 460 1541 Geneseos
488 1474 597 1538 allata:
625 1476 804 1536 Faciamus
824 1476 984 1535 hominem
1011 1484 1069 1536 etc.
1095 1470 1236 1535 unanimi
1263 1494 1426 1539 consensu
1452 1477 1492 1540 de

291 1584 464 1651 sanctitate
479 1585 604 1649 Adamo
623 1583 740 1647 collata
756 1580 965 1666 explicantt),
978 1581 1042 1646 imo
1060 1582 1239 1647 communis
1256 1583 1324 1648 fere
1342 1597 1393 1649 est
1408 1586 1491 1669 apud

287 1695 424 1760 eosdem
445 1692 509 1757 loci
528 1692 613 1756 illius
634 1691 809 1777 expositio,
831 1704 866 1756 nt
883 1712 1000 1756 nomen
1017 1698 1171 1772 inopinis
1191 1694 1231 1756 ad
1246 1691 1490 1780 intelligentiam

288 1816 320 1870 et
334 1805 535 1868 voluntatem
551 1814 698 1876 naturae,
721 1814 754 1866 ct
769 1778 996 1865 similitudinis
1021 1802 1060 1865 ad
1082 1800 1271 1885 sapientiam
1289 1813 1322 1865 et
1332 1801 1492 1885 justitiam

288 1912 529 2000 superadditam
543 1910 732 1990 referant⁸).
756 1910 902 1985 Accedit,
919 1911 988 1994 jam
1005 1931 1114 1985 exeo,
1137 1912 1220 1995 quod
1242 1922 1493 1995 protoparentes

285 2022 489 2089 immortales
506 2041 656 2105 corpore,
673 2032 767 2105 atque
783 2019 815 2083 in
832 2018 983 2104 paradiso
1002 2020 1151 2083 collocati
1172 2019 1327 2095 dicantur,
1349 2042 1413 2085 non
1436 2023 1491 2086 ob·

285 2152 386 2199 scure
405 2129 524 2217 colligi,
545 2128 642 2194 etiam
663 2130 723 2194 sub
744 2128 885 2217 imagine
909 2150 948 2193 ac
964 2128 1181 2205 similitudine,
1203 2149 1282 2215 quae
1300 2130 1339 2193 ad
1357 2130 1493 2195 animam

282 2242 423 2316 attinet,
449 2241 568 2304 donum
597 2239 840 2324 supernaturale
875 2237 1117 2325 intelligendum
1140 2259 1235 2314 esse,
1267 2260 1362 2324 quum
1389 2252 1492 2305 status

277 2365 447 2419 externus
474 2346 726 2433 supernaturalis
749 2347 885 2412 similem
911 2359 1029 2411 statum
1055 2348 1178 2413 animae
1204 2348 1363 2413 internum
1380 2371 1492 2414 neces·

276 2460 379 2527 sario
391 2457 525 2546 exigere
535 2457 767 2522 videatur.Ncc
783 2478 848 2521 non
863 2455 1013 2540 idipsum
1025 2456 1121 2521 etiam
1131 2457 1250 2533 verbis,
1265 2461 1351 2544 quod
1363 2473 1491 2543 cunata,

268 2593 375 2653 quae
395 2573 527 2646 fecerat
540 2571 651 2645 Deua,
675 2580 772 2631 erant
793 2574 888 2630 vaide
904 2573 1007 2649 dona,
1033 2566 1052 2630 i.
1070 2588 1098 2631 e.
1121 2567 1312 2652 perfecta⁴),
1326 2568 1493 2635 indicatur.

402 2696 434 2761 2.
456 2699 576 2780 Aperte
601 2696 719 2782 dogma
733 2694 903 2760 Ecclesiae
925 2717 1026 2781 porro
1050 2696 1175 2781 profert
1196 2696 1493 2773 Ecclesiastes‚

257 2807 344 2896 qui
375 2805 436 2871 ait:
474 2804 685 2871 Solnmmodo
714 2809 777 2871 doc
804 2812 927 2890 inveni,
959 2816 1046 2889 qnod
1070 2813 1192 2888 feeerit
1217 2812 1307 2871 Dens
1336 2813 1495 2873 nominem

249 2929 467 2999 vectum,
483 2902 576 3033 7272,
599 2928 632 2980 et
651 2921 722 2996 ipse
744 2938 779 2979 se
800 2919 938 2993 infinitis
959 2923 1129 2981 misouerit
1150 2923 1411 3000 evocationibus,
1436 2938 1494 2982 seu

233 3058 260 3138 ἰ
287 3078 379 3130 uxta
394 3077 464 3130 text
481 3065 563 3154 orig.
586 3073 643 3130 aed
664 3071 727 3146 ipsi
749 3071 1013 3145 excogitaverint
1033 3079 1122 3130 artes
1143 3070 1310 3145 nattast),
1333 3064 1353 3130 i.
1371 3086 1398 3130 e.
1416 3065 1491 3131 iacti

233 3174 356 3239 sint
377 3172 569 3258 insipientes
592 3196 631 3239 ac
652 3173 816 3259 perversi,
848 3196 943 3260 quum
966 3174 999 3237 in
1022 3173 1203 3239 immediate
1227 3174 1494 3260 praecedentibus

233 3295 383 3349 sacer
407 3282 555 3369 Scriptor
572 3283 672 3358 dicat,
689 3304 725 3347 se
742 3289 862 3364 otram,
880 3283 977 3346 talem
993 3281 1127 3358 scilicet,
1144 3283 1189 3347 uti
1212 3304 1283 3346 eum
1306 3304 1380 3348 esse
1399 3304 1492 3368 opor·

233 3393 349 3469 het,
368 3391 548 3478 sapientem
564 3414 603 3457 ac
614 3394 749 3476 justum,
766 3413 825 3456 seu
841 3391 1029 3478 perlectum,
1046 3400 1085 3454 de
1100 3397 1188 3454 mitte
1203 3414 1303 3456 annm
1319 3398 1492 3474 reperisse,

233 3507 459 3566 mulierem
475 3514 582 3566 antem
598 3523 638 3563 eac
655 3486 803 3565 omnidna
818 3523 885 3564 non
900 3507 1073 3564 invenisse.
1105 3501 1176 3564 lam
1193 3500 1384 3586 adJectIvum
1399 3487 1494 3618 'lliss’

233 3651 375 3736 quod
391 3649 524 3735 proprie
541 3663 676 3725 rectum,
685 3662 840 3735 quatenns
858 3671 958 3714 curvo
977 3649 1160 3735 opponitur,
1175 3663 1270 3715 sonat
1279 3656 1317 3731 Θ),
1331 3663 1363 3715 et
1379 3654 1494 3720 deinde

233 3760 492 3834 translatum,
509 3760 643 3843 justum,
665 3760 751 3844 quod
772 3760 842 3822 Deo
859 3759 965 3842 placet
976 3760 1012 3838 ⁷),
1037 3760 1163 3844 quando
1181 3760 1219 3822 de
1236 3761 1387 3845 personis
1404 3763 1490 3827 adhi-

233 3861 394 3942 betur,
412 3889 542 3953 semper
558 3869 708 3953 probum,
731 3880 890 3941 sarnetum,
908 3869 1044 3951 justum,
1064 3888 1122 3931 seu
1139 3888 1222 3942 eum,
1238 3867 1292 3952 qui
1307 3868 1351 3934 ita
1367 3891 1494 3957 compa·

233 3991 379 4043 Fatus
396 3989 459 4052 est,
475 3990 509 4042 ut
529 3999 590 4062 pro
607 3975 671 4042 line
688 3999 748 4042 suo
765 3990 798 4041 et
820 3998 862 4042 ex
880 3978 1043 4041 voluntate
1061 3977 1166 4042 divina
1182 3999 1256 4042 esse
1274 3979 1377 4055 debet,
1394 3979 1493 4068 signi·

233 4079 420 4167 ticam),
449 4099 541 4172 atque
563 4086 640 4153 hinc
666 4086 762 4151 etiam
786 4088 824 4151 de
853 4087 926 4171 ipso
950 4087 1019 4151 Deo
1044 4086 1251 4152 sanctissimo
1275 4095 1493 4173 usurpaturi).

236 4231 513 4253 Μ

402 4325 425 4405 ¹)
441 4324 514 4405 Sap.
530 4323 562 4398 2,
579 4323 633 4387 23.
651 4361 695 4372 -
713 4324 738 4405 2)
756 4325 802 4388 cf.
819 4324 991 4387 Ballarm.
1009 4329 1059 4386 De
1073 4333 1154 4403 prat.
1169 4327 1263 4404 prim.
1280 4329 1357 4388 tom.
1376 4348 1401 4393 c.
1418 4331 1494 4388 aa·

250 4411 417 4492 Diapat.
439 4419 476 4475 de
491 4423 588 4481 contr.
606 4417 679 4477 Otr.
689 4416 748 4493 fid.
774 4417 821 4477 ed.
843 4418 936 4495 Prag.
963 4414 1060 4479 1721.
1084 4419 1122 4477 Τ.
1140 4415 1171 4480 4.
1192 4439 1222 4496 p.
1244 4415 1265 4478 2
1282 4414 1384 4478 εεζ-
1404 4417 1428 4498 ³)
1446 4417 1492 4479 of·

256 4499 423 4571 Petav.
445 4509 494 4566 De
516 4507 595 4585 epifi
624 4526 679 4567 see
700 4507 777 4573 dier.
800 4510 820 4570 l.
843 4511 872 4571 2.
895 4528 920 4569 c.
943 4511 972 4568 2.
993 4529 1024 4573 n.
1048 4512 1183 4570 12—13.
1211 4511 1261 4568 De
1283 4512 1371 4569 tltaol.
1395 4511 1493 4585 dopna·

278 4590 387 4656 Antv.
408 4593 504 4658 1700.
533 4599 571 4657 T.
589 4595 619 4659 3.
636 4619 665 4678 p.
685 4595 758 4668 160.
778 4633 820 4644 -
838 4595 863 4675 4)
881 4597 960 4660 Gen.
981 4597 1009 4671 1,
1027 4596 1080 4663 31.
1098 4635 1140 4644 -—
1171 4598 1194 4680 ⁶)
1213 4596 1242 4680 7,
1260 4597 1313 4661 30.
1334 4635 1374 4646 -
1404 4598 1494 4680 ⁶)Of·

285 4681 407 4746 Erech.
427 4686 457 4759 1,
475 4685 504 4752 l.
521 4685 629 4749 23-
642 4683 666 4773 ²)
685 4687 731 4748 cf.
748 4687 823 4752 Jud.
844 4685 896 4761 ll,
913 4686 944 4752 6.
961 4690 1054 4751 Deut.
1074 4687 1126 4762 12,
1143 4687 1196 4752 25.
1215 4687 1268 4753 28.
1286 4693 1378 4752 Prov.
1398 4688 1451 4764 14,
1461 4689 1493 4767 2·

306 4765 357 4841 16.
369 4774 511 4858 25.-⁸)
531 4778 575 4840 ot.
593 4779 684 4842 num.
701 4775 755 4850 23,
774 4775 825 4840 10.
843 4778 917 4840 tot.
937 4778 966 4853 1,
986 4778 1056 4845 1.e.
1072 4782 1124 4843 rs.
1143 4778 1173 4854 t,
1190 4777 1221 4844 5.
1240 4779 1291 4844 11.
1310 4779 1363 4856 37,
1383 4778 1435 4844 14.
1451 4818 1491 4828 -

309 4855 432 4932 ’litent
449 4867 504 4943 33,
520 4867 552 4934 4.
568 4871 622 4938 Ps.
640 4866 683 4936 33
701 4865 785 4956 (32),
797 4868 833 4952 fi,
849 4867 893 4933 25
912 4869 994 4953 (24),
1012 4867 1041 4934 8.
