3775 5625
343 397 410 474 ὅθί)

448 571 480 636 4.
496 568 537 636 Ut
551 570 634 637 actio
651 571 693 636 sit
708 569 918 637 moraliter
933 573 1032 636 bona
1048 583 1084 635 et
1099 568 1269 637 honesta.
1295 566 1387 652 Quod
1406 572 1531 660 quidem

344 702 459 767 perse
482 685 582 766 plot,
609 703 681 747 cum
704 680 789 746 actio
812 671 893 745 mala
913 692 947 745 et
961 681 1130 745 inhonesta
1145 702 1251 766 poena
1268 681 1365 768 digna
1381 683 1443 757 sit,
1467 705 1531 748 non

346 790 503 875 praemio,
534 812 595 855 nec
619 792 689 855 Deo
712 803 806 877 grata
827 812 900 855 esse
915 790 1036 875 possit,
1060 791 1087 855 si
1109 792 1195 855 bona
1210 811 1274 855 non
1291 792 1343 855 sit.
1383 795 1532 857 Attamen

306 922 309 932 ·
346 921 410 964 non
426 900 544 966 sufficit
558 897 687 987 quaeils
703 901 871 975 honestas,
888 912 922 964 ut
938 921 1019 985 opus
1035 902 1154 964 bonum
1175 900 1217 965 sit
1233 900 1433 965 meritorium
1451 901 1534 965 vitae

347 1021 504 1084 semmae,
520 1012 578 1074 sed
594 1010 733 1097 exigitur
749 1013 902 1076 honestas
919 1010 1180 1094 supernaturalis,
1198 1010 1218 1074 i.
1236 1032 1263 1074 e.
1281 1032 1324 1075 ex
1339 1010 1462 1074 motivo
1480 1033 1532 1074 su·

347 1118 553 1202 pernaturali,
575 1140 632 1204 per
653 1118 749 1183 tidem
760 1118 942 1205 proposito,
960 1120 1151 1203 procedens,
1168 1140 1264 1204 quum
1280 1140 1378 1183 secus
1397 1120 1531 1205 aequali·

347 1240 397 1293 tas
412 1228 464 1292 illa
479 1227 724 1301 desideraretur,
740 1248 833 1313 quem
848 1227 931 1291 inter
948 1226 1107 1292 actionem
1118 1228 1234 1291 bonam
1245 1240 1336 1313 atque
1354 1229 1427 1312 ejus
1443 1250 1531 1313 prae-

347 1337 453 1412 mium,
484 1335 667 1400 felicitatem
697 1329 868 1411 aeterna'fl,
888 1335 1089 1401 intercedere
1112 1358 1281 1402 necessum
1298 1350 1359 1401 θεῖ.
1403 1338 1534 1415 Quando

349 1458 452 1511 autem
474 1465 583 1531 porro·
596 1445 772 1531 quaeritur,
792 1468 867 1510 num
889 1445 1042 1510 motivum
1058 1447 1121 1510 hoc
1136 1448 1380 1531 supernaturale
1397 1446 1534 1511 charitas

348 1574 423 1619 esse
439 1555 567 1630 debeat,
584 1529 630 1619 =an
647 1554 780 1641 quodvis
797 1554 882 1619 aliud
898 1554 1051 1620 motivum
1066 1576 1124 1640 per
1139 1555 1370 1620 revelationem
1386 1556 1534 1640 proposi·

349 1676 415 1729 tum
436 1662 589 1738 sufficiat,
611 1663 687 1727 nulli
702 1666 881 1729 dubitamus
897 1662 959 1728 illis
976 1657 1153 1752 'theologis
1169 1677 1336 1749 praestare
1350 1685 1535 1738 assensum,

350 1772 402 1860 qui
417 1773 506 1858 prius
522 1773 703 1838 detendunt.
727 1773 806 1837 Nam
823 1773 982 1839 sententia
996 1773 1058 1850 illa,
1075 1794 1155 1859 quae
1171 1773 1290 1849 statuit,
1307 1773 1438 1838 nonnisi
1455 1795 1536 1859 opus

350 1884 478 1957 bonum,
494 1884 578 1969 quod
594 1903 637 1948 ex
653 1883 805 1948 charitate
821 1883 1041 1971 progreditur,
1064 1883 1182 1948 mereri
1196 1883 1294 1948 vitam
1310 1896 1477 1948 aeternam
1493 1893 1536 1947 at·

351 2013 410 2079 que
425 1991 526 2077 ipsius
542 1991 666 2081 gratiae
682 2006 896 2081 augmentum,
913 1993 1043 2059 disertis
1058 1992 1165 2058 verbis
1180 1993 1213 2057 in
1229 1996 1263 2058 S.
1281 1992 1452 2078 Scriptura
1467 2004 1537 2056 tra·

352 2100 443 2166 ditttr.
471 2103 535 2178 θαι·
551 2106 688 2182 ditiqit
702 2125 772 2184 me,
790 2102 834 2167 ait
849 2104 1048 2179 Salvator,
1065 2106 1216 2182 ditipetur
1233 2126 1254 2166 o
1269 2106 1379 2167 Patre
1395 2124 1487 2183 meo;
1508 2110 1539 2164 et

352 2232 406 2291 eqo
424 2214 558 2291 ditiqam
570 2234 652 2289 eum,
669 2221 703 2275 et
715 2217 933 2293 manifestabo
950 2221 980 2276 ei
996 2220 1152 2295 meipsum
1163 2214 1198 2292 ¹).
1222 2212 1320 2276 Alibi:
1341 2212 1408 2288 oar
1424 2220 1541 2293 recipit

346 2312 478 2401 justum
499 2328 539 2384 iu
559 2329 722 2385 uomiue
733 2328 857 2401 justi,
878 2321 897 2385 i.
920 2342 947 2385 θ.
972 2320 1044 2407 quia
1059 2322 1167 2405 justus
1184 2333 1248 2395 est,
1265 2322 1410 2407 adeoque
1429 2340 1538 2385 amore

347 2427 491 2513 justitiae
507 2430 631 2505 ductus,
647 2434 826 2493 mercedem
832 2436 922 2508 justi
928 2476 940 2509 ,
959 2428 979 2493 i.
997 2451 1025 2493 e.
1042 2451 1135 2515 quam
1146 2430 1255 2513 justus
1271 2442 1466 2514 recepturus
1484 2441 1539 2503 est,

354 2525 535 2620 caepim).
559 2541 601 2602 Et
615 2539 747 2604 iterum:
764 2542 813 2603 Et
826 2548 940 2623 omnia,
957 2547 1012 2622 qui
1028 2542 1201 2623 reliquerit
1215 2544 1344 2602 domum
1361 2562 1479 2622 mam,
1494 2540 1542 2601 oet

352 2653 492 2728 fratres,
509 2657 566 2713 ete.
589 2659 754 2732 propter
769 2671 905 2712 nomeu
920 2671 1056 2721 meum,
1074 2651 1259 2729 centuplum
1276 2656 1425 2730 arripiet,
1445 2657 1479 2711 et
1492 2656 1538 2709 ai-

355 2766 421 2821 tam
437 2765 604 2822 aeteruum
616 2762 843 2841 possidebit³).
868 2759 1028 2822 Paulus:
1046 2762 1087 2822 In
1103 2760 1228 2842 reliquo
1239 2765 1387 2839 reposita
1405 2764 1541 2821 eaturitri

354 2890 479 2931 corono
501 2875 668 2948 justitiae,
699 2891 796 2951 quam
822 2873 936 2931 reddet
954 2874 1031 2932 mitti
1052 2872 1215 2931 Dominus
1230 2875 1265 2929 iu
1279 2868 1340 2928 itta
1359 2871 1413 2929 die
1424 2873 1541 2945 justus

344 2981 477 3056 judee:
497 3001 565 3041 uon
579 2982 686 3041 sotum
703 2987 811 3041 autem
827 2984 913 3051 mitti,
929 2981 991 3039 aed
1004 2986 1037 3040 et
1051 2986 1102 3052 iis,
1119 2985 1184 3059 qui
1201 2979 1375 3054 ditipuut
1395 2980 1542 3039 advert-

355 3095 433 3150 tum
449 3093 487 3165 ej
492 3087 586 3164 ua⁴].
610 3089 667 3152 Et:
685 3087 726 3150 Si
742 3090 938 3149 distribuero
956 3093 990 3149 iu
1007 3091 1096 3150 eibos
1108 3108 1291 3168 pauperum
1303 3107 1417 3148 omues
1431 3088 1542 3166 facui-

356 3204 439 3258 tates
454 3218 561 3271 meae,
577 3206 610 3260 et
622 3204 652 3258 oi
668 3200 837 3259 tradidero
854 3214 975 3276 eorpus
990 3218 1106 3269 meum,
1122 3203 1170 3257 ita
1186 3204 1225 3258 ut
1238 3198 1387 3268 ardeam,
1405 3199 1543 3257 ehari-

356 3313 472 3368 tatem
489 3314 616 3369 autem
631 3329 710 3369 uon
723 3310 917 3378 habuero,
933 3308 1040 3367 uittil
1053 3310 1145 3367 mitti
1158 3305 1376 3385 prodeat⁵).
1395 3304 1541 3388 Quapro-

356 3426 426 3499 pter
442 3426 474 3478 et
489 3414 624 3480 sollicite
642 3427 760 3490 monet,
776 3427 811 3478 ut
827 3412 976 3500 quidquid
992 3413 1143 3488 tacimus,
1159 3413 1191 3476 in
1208 3411 1335 3476 nomine
1353 3413 1501 3488 Domini,
1517 3424 1543 3476 et

355 3522 388 3585 in
403 3522 541 3609 gloriam
556 3523 617 3587 Dei
632 3523 802 3598 faciemus,
820 3535 852 3588 et
871 3535 906 3586 ut
929 3522 1036 3586 omnia
1058 3535 1171 3586 nostra
1194 3521 1225 3584 in
1248 3521 1403 3585 charitate
1421 3522 1502 3586 liant
1513 3522 1543 3607 ’).

356 3636 457 3717 Atque
474 3633 665 3697 lacobus:
697 3637 824 3697 Beatus
843 3641 910 3712 eir,
935 3640 991 3715 qui
1006 3638 1125 3713 suffert
1139 3640 1348 3695 tentationem
1354 3654 1366 3707 ‚·
1390 3641 1542 3714 quoniam

357 3762 430 3804 oum
457 3745 620 3823 probatus
639 3747 759 3822 fuerit,
781 3750 918 3824 accipiet
935 3764 1092 3805 coronam
1113 3751 1212 3816 vitae,
1238 3763 1336 3824 quam
1357 3748 1542 3822 repromisit

357 3851 449 3912 Deus
465 3853 720 3929 diligentibus
735 3851 821 3930 80⁸).
840 3888 881 3897 -
898 3851 986 3914 Haec
999 3871 1124 3935 quoquc
1136 3863 1188 3914 est
1203 3846 1362 3914 sententia
1373 3851 1409 3912 S.
1423 3854 1542 3937 Augu·

358 3958 450 4022 stini
467 3958 519 4044 qui
536 3958 594 4023 ait·
611 3961 709 4035 Quod
716 3970 763 4023 ita
771 3967 988 4042 stt—utnon
999 3963 1544 4044 referaturadleiaritatem,-

358 4072 500 4131 nondum
513 4074 560 4150 fit,
572 4074 839 4152 quemadmodum
857 4078 986 4151 oportet
997 4075 1081 4152 steri,
1097 4078 1244 4152 quumvis
1257 4074 1331 4150 lieri
1348 4069 1545 4145 παθεῖν’).

355 4202 411 4216 Ι-

470 4267 496 4356 1)
513 4271 605 4336 Joan.
624 4270 675 4343 14,
692 4270 745 4334 21.
778 4308 822 4317 —
854 4269 1005 4355 ²)Matth.
1025 4269 1147 4352 10,41.
1183 4307 1222 4316 -
1249 4274 1278 4346 ³]
1294 4270 1404 4330 Matth.
1426 4268 1478 4340 19,
1496 4267 1545 4331 29.

361 4359 405 4422 Of.
422 4357 454 4435 5,
470 4361 524 4424 46.
550 4400 591 4408 -
616 4359 641 4445 ⁴)
659 4361 690 4424 2.
708 4364 785 4424 Tim.
802 4360 832 4432 4,
851 4360 881 4425 8.
905 4362 951 4424 Of.
967 4363 1064 4424 Hebr.
1083 4360 1113 4436 6,
1133 4359 1242 4423 10.-
1262 4361 1287 4441 ⁵)
1307 4358 1335 4421 1.
1354 4359 1428 4422 Cor.
1450 4358 1501 4432 13,
1518 4357 1546 4420 3.

361 4486 402 4498 ——
421 4450 448 4530 ⁶)
469 4450 496 4513 l.
509 4453 578 4515 Cor.
598 4451 649 4526 10,
667 4451 720 4514 31.
739 4452 805 4514 Ool.
823 4451 854 4524 3,
875 4451 925 4515 lt.
944 4489 988 4498 -
1008 4448 1032 4536 ⁷)
1053 4455 1081 4513 1.
1101 4452 1169 4514 Cor.
1190 4450 1242 4522 16,
1262 4448 1367 4512 lies.
1383 4449 1437 4524 13,
1451 4448 1546 4512 2-3.

361 4541 437 4622 ωε)
453 4542 520 4604 Jao.
541 4542 568 4617 l,
587 4543 638 4606 12.
657 4579 698 4588 —
718 4544 742 4623 9)
758 4544 917 4607 Euchira.
926 4548 995 4605 121.
1013 4565 1042 4603 u.
1059 4547 1109 4604 32.
1129 4543 1208 4623 Opp.
1219 4545 1256 4603 T.
1274 4543 1304 4607 6.
1322 4563 1346 4602 e.
1364 4539 1445 4605 242.
1463 4542 1508 4603 Of.
1517 4541 1546 4601 S.

360 4634 483 4694 Thom.
502 4638 530 4696 1.
548 4638 576 4696 2.
594 4656 621 4710 q.
640 4639 710 4698 114.
727 4641 784 4696 art.
801 4639 831 4696 4.
855 4633 933 4716 Opp.
952 4636 994 4696 th.
1012 4636 1050 4696 Τ.
1067 4632 1121 4698 21.
1138 4655 1168 4714 p.
1186 4631 1263 4699 648.
1281 4637 1310 4695 2.
1328 4638 1357 4695 2.
1376 4654 1406 4709 q.
1424 4637 1474 4696 23.
1492 4640 1547 4693 ort.
