3775 5625
392 376 436 501 ss

391 621 480 681 quam
496 604 527 662 in
545 604 579 663 S.
598 603 860 682 scripturalegi3
886 620 963 680 quae
981 602 1083 680 potius
1114 602 1256 662 homines
1286 605 1403 681 primos
1437 599 1595 666 communi

390 712 545 773 bominum
566 722 677 774 natura
694 731 840 772 sensuum
858 712 1016 772 illecebris
1034 712 1166 772 obnoxia
1191 713 1350 789 praeditos
1367 706 1466 774 luisse
1485 707 1594 791 aperta
1644 742 1663 794 p

391 823 501 884 doceat
512 828 556 896 ¹).
573 832 624 867 —'
633 823 857 881 Verumtamen
875 821 1026 882 sanctitas
1045 839 1081 882 ac
1092 821 1217 896 justitia
1233 822 1371 892 nonnisi,
1389 823 1417 881 si
1434 832 1590 901 tamquam

391 935 498 1002 actus,
515 942 568 993 aut
585 932 676 992 etiam
694 942 848 1010 tamquam
869 930 992 991 babitus
1014 950 1053 989 ex
1073 931 1278 1009 frequentatis
1309 933 1436 1009 praevie
1470 926 1593 993 actibus

391 1050 479 1101 ortus
496 1042 723 1111 consideratur,
741 1041 908 1119 congenita
924 1058 995 1099 esse
1013 1040 1132 1118 nequit:
1158 1050 1190 1100 at
1211 1060 1282 1101 esse
1303 1052 1408 1119 potest
1424 1043 1593 1121 congenita

392 1151 430 1212 ad
446 1152 558 1210 bonum
584 1171 640 1211 seu
666 1153 702 1211 ad
728 1154 829 1210 Deum
853 1160 924 1211 actu
949 1150 1236 1225 apprehendendum
1259 1151 1393 1211 facultas
1411 1162 1506 1230 atque
1522 1170 1591 1229 pro·

390 1262 509 1337 pensio,
542 1262 607 1320 sive
640 1261 798 1322 inclinatio
832 1260 992 1337 quaedam,
1015 1278 1091 1337 quae
1117 1261 1246 1335 pariter,
1272 1280 1361 1339 quum
1384 1261 1540 1320 homiuem
1557 1262 1593 1321 ad

390 1371 481 1429 linem
499 1388 588 1429 suum
606 1371 743 1440 ordinat,
765 1389 821 1429 seu
838 1379 959 1429 rectum
978 1388 1013 1428 ac
1026 1369 1145 1444 justum
1162 1369 1254 1441 lacit,
1272 1369 1397 1444 justitia
1414 1370 1532 1429 dicitur
1548 1379 1592 1430 at·

392 1499 449 1557 quc
467 1489 531 1550 est,
550 1490 581 1539 et
598 1491 715 1540 tantum
738 1489 919 1558 propterea,
943 1479 1085 1556 quoniam
1103 1497 1162 1536 non
1181 1488 1229 1537 est
1246 1479 1417 1559 transiens,
1433 1479 1492 1537 sed
1508 1478 1592 1538 babi-

392 1600 442 1649 tus
464 1590 565 1649 instar
587 1600 701 1659 manet,
723 1589 848 1665 justitia
864 1588 1030 1647 habitualis
1048 1588 1232 1666 adpellatur;
1265 1589 1343 1647 unde
1360 1589 1440 1647 falso
1458 1588 1592 1649 adstrui·

392 1710 454 1768 tur,
471 1700 500 1758 id
518 1708 636 1758 tantum
653 1700 683 1757 in
701 1710 814 1758 natura
832 1699 939 1757 creata
951 1698 1070 1772 justum
1088 1717 1144 1757 seu
1161 1708 1303 1757 sanctum
1316 1698 1503 1767 existimari,
1516 1699 1593 1776 quod

391 1809 490 1869 libero
507 1810 591 1868 lacto
609 1829 648 1868 ex
664 1809 758 1867 insita
773 1809 874 1867 indole
892 1810 1036 1867 effectum
1058 1807 1109 1866 sit.
1141 1809 1319 1869 Posteriori
1351 1818 1454 1867 autem
1487 1827 1592 1879 sensu,

392 1929 424 1978 et
439 1920 613 1978 nullatenus
639 1919 737 1996 priori
755 1918 910 1993 justitiam
927 1936 964 1977 ac
981 1918 1181 1977 sanctitatem
1198 1918 1382 1996 originalem
1399 1918 1430 1976 in
1446 1928 1592 1995 protopa-

391 2028 533 2087 renlibus
566 2029 775 2105 accipiendam
800 2046 887 2097 esse,
905 2037 936 2086 ct
960 2028 996 2086 ab
1013 2028 1157 2087 Ecclesia
1175 2028 1284 2104 accipi,
1312 2024 1350 2086 ex
1372 2047 1470 2105 supra
1502 2028 1593 2089 dietis

392 2138 506 2197 nemini
522 2147 624 2213 potest
642 2157 713 2197 esse
730 2138 862 2198 dubium.
887 2140 1011 2197 Falsum
1033 2156 1127 2214 porro
1145 2147 1204 2207 est,
1222 2147 1255 2196 ut
1272 2137 1416 2196 similiter
1432 2156 1474 2196 ex
1490 2138 1592 2215 dispu-

392 2247 466 2305 tatis
484 2248 597 2317 elucet,
614 2248 644 2306 in
663 2248 872 2324 §.Scriptura
888 2248 1028 2323 nuspiam
1046 2247 1230 2306 senteutiam
1246 2247 1330 2305 illam
1347 2246 1422 2325 legi,
1438 2250 1489 2306 llx
1506 2249 1593 2325 lapsu

393 2365 494 2416 autem
511 2366 766 2432 protoparentum
790 2357 978 2416 solummodo
1002 2356 1157 2434 sequitur,
1173 2374 1227 2415 eos
1245 2374 1304 2414 non
1321 2356 1420 2414 fuisse
1437 2356 1592 2433 impecca-

393 2465 488 2535 biles,
521 2455 762 2541 ἀναμαρτητοὺς,
797 2476 829 2525 et
859 2466 890 2524 in
922 2467 1001 2525 bono
1034 2466 1259 2535 consolidatum
1291 2482 1487 2546 nequaquam
1517 2484 1593 2526 vcro

394 2593 449 2635 cos
467 2575 592 2650 justitia
614 2574 760 2652 originali
782 2575 960 2644 destitutos,
984 2585 1018 2634 ut
1040 2575 1083 2635 ait
1101 2575 1277 2646 Socinus,
1295 2574 1408 2645 luisse,
1427 2586 1460 2635 et
1477 2575 1592 2653 appeti·

392 2694 456 2744 tum
474 2702 511 2745 ac
528 2702 641 2744 sensus
657 2684 772 2743 rationi
787 2685 977 2761 imperasse;
1002 2684 1162 2744 auferebat
1184 2684 1263 2743 enim
1274 2684 1400 2759 justitia
1416 2684 1472 2744 illa
1487 2686 1592 2745 volun·

393 2802 489 2859 tatem
505 2793 670 2873 peccandi,
688 2794 828 2871 quamdiu
846 2794 964 2863 stabat,
987 2794 1165 2854 facultatem
1182 2804 1285 2854 autem
1302 2794 1451 2871 peccandi
1468 2795 1593 2856 minime

392 2905 564 2965 auferebat.

501 3027 531 3092 2.
549 3032 730 3110 lmaginem,
748 3032 784 3091 ad
803 3049 892 3108 quam
908 3031 1076 3089 secundum
1092 3031 1190 3090 verba
1205 3031 1351 3107 Moysis
1369 3032 1473 3092 creati
1490 3032 1594 3094 dicun

353 3202 361 3220 p
392 3151 444 3200 tur
460 3141 550 3218 primi
566 3140 716 3210 homines,
749 3155 808 3199 non
831 3140 862 3198 in
880 3139 1048 3199 sanctitate
1066 3149 1097 3198 et
1108 3140 1242 3215 justitia,
1274 3141 1329 3200 sed
1354 3141 1385 3200 in
1408 3141 1546 3201 dominio
1566 3141 1595 3200 in

392 3251 560 3310 animantia
576 3259 607 3309 ct
623 3269 676 3309 res
699 3259 871 3309 terrestres
904 3249 1110 3324 reponendam
1144 3267 1227 3319 esse,
1258 3249 1349 3326 idque
1381 3250 1454 3309 inde
1475 3260 1594 3327 patere,

392 3361 462 3439 quia
486 3379 558 3419 mox
582 3360 727 3419 addaturt
756 3357 801 3420 Ut
811 3360 939 3436 praesit
967 3359 1112 3435 piscibus
1142 3360 1257 3436 maris,
1281 3355 1395 3432 eto.²).
1416 3390 1452 3403 -
1477 3360 1594 3419 Verbis

390 3469 549 3544 Moysis:
575 3466 757 3528 Faciamus
773 3468 934 3528 bominem
949 3474 1008 3527 etc.
1042 3467 1239 3526 sanctitatem
1256 3478 1287 3527 et
1296 3467 1472 3543 justitiam,
1489 3477 1595 3546 utpote

391 3577 428 3636 ad
445 3577 617 3652 perlectam
633 3577 694 3635 Dei
710 3576 941 3636 similitudinem
958 3585 1162 3653 spectantem,
1172 3595 1287 3637 revera
1303 3576 1493 3656 significari,
1503 3594 1596 3656 supra

391 3684 598 3755 ostendimus;
617 3703 656 3742 ex
671 3685 711 3743 iis
729 3696 841 3754 autem,
859 3704 936 3763 quae
955 3684 1150 3759 adjiciuntur,
1177 3695 1294 3744 tautum
1312 3681 1468 3764 sequitur,
1485 3688 1596 3768 imagi·

391 3814 461 3855 uem
478 3792 611 3853 divinam
627 3812 702 3865 una,
729 3812 921 3872 nequaquam
937 3811 1014 3852 vero
1031 3793 1121 3854 unice
1139 3812 1175 3853 ac
1193 3794 1345 3871 imprimis
1361 3795 1394 3855 in
1412 3797 1551 3857 dominio
1566 3797 1595 3857 in

391 3895 528 3980 reliquas
560 3920 613 3960 res
646 3912 771 3962 creatas
803 3921 875 3961 esse
908 3903 1129 3978 reponendam,
1152 3904 1201 3960 vel
1222 3904 1325 3980 potius
1342 3904 1402 3966 boc
1419 3905 1508 3965 illius
1526 3925 1596 3966 esse

393 4030 598 4089 consequens.

499 4136 530 4199 3.
553 4140 654 4198 Porro
671 4137 895 4198 immortalitati
913 4138 1053 4214 corporis
1071 4139 1197 4197 obstare
1215 4148 1321 4198 certos
1338 4149 1474 4201 naturae
1491 4143 1595 4203 buma-

390 4267 447 4307 nae
463 4247 615 4325 hujusque
631 4249 714 4306 vitae
731 4247 820 4315 fines,
847 4263 904 4305 nec
922 4264 981 4304 non
998 4246 1096 4322 ipsam
1113 4247 1246 4306 bominis
1262 4248 1299 4307 de
1317 4257 1405 4309 terra
1422 4253 1521 4312 sumti
1538 4252 1596 4312 ori·

502 4481 526 4563 ¹)
545 4483 609 4543 We
615 4481 830 4562 gscheider,
843 4480 946 4542 Inclit.
959 4482 1057 4542 Tbeol.
1067 4483 1164 4558 dopm.
1176 4481 1224 4546 ed.
1236 4478 1509 4567 8.Lips.1844.p.
1519 4483 1593 4549 378.

389 4573 491 4653 pale,
517 4572 657 4654 ueptouq
686 4573 734 4635 ber
759 4587 860 4652 tranq.
886 4571 1055 4651 ibopmotit.
1081 4570 1114 4634 2.
1131 4572 1168 4635 u.
1194 4572 1227 4637 u.
1246 4568 1347 4638 1838.
1365 4577 1398 4654 S.
1418 4572 1473 4638 to.
1492 4576 1540 4641 ot.
1556 4578 1592 4640 F.

389 4664 517 4726 Socin.
543 4666 647 4725 Proel.
674 4665 760 4728 tbeol.
782 4683 807 4723 c.
824 4666 854 4721 3.
877 4661 960 4721 Bibl.
977 4664 1035 4726 Fr.
1052 4665 1121 4724 Pol.
1138 4666 1165 4724 I.
1186 4683 1217 4742 p.
1234 4659 1313 4725 540.
1331 4661 1409 4727 530.
1429 4665 1597 4749 &ttoufi'p

389 4753 449 4819 wie
466 4754 520 4834 abr.
538 4753 780 4908 glaubentldpre,
798 4749 872 4816 itii.
892 4749 990 4817 1840.
1007 4750 1036 4816 1.
1049 4751 1093 4817 to.
1110 4752 1153 4816 Θ.
1165 4749 1230 4815 709
1241 4754 1263 4830 l.
1276 4789 1318 4800 —
1332 4757 1360 4837 ²)
1371 4755 1418 4820 Of.
1430 4756 1597 4839 &trcnlp

390 4842 594 4927 chbd
