3775 5625
1467 397 1530 469 551

351 559 527 643 stomi¹]‚
564 561 814 648 Cypriani'),
848 562 1045 628 Ambrosii
1065 564 1110 644 ³),
1147 563 1433 648 Hieronymi⁴),
1463 569 1532 633 Au·

351 672 458 761 gusti
468 671 504 736 ni
522 678 548 751 ⁵)
574 684 606 736 et
621 672 814 759 reliquorum
833 673 972 737 omnium
990 679 1027 752 ⁶).

462 784 498 845 0.
524 782 557 844 ld
573 781 676 866 ipsum
692 783 818 846 tandem
840 780 986 846 fidelibus
1010 783 1177 846 tenendum
1200 784 1375 847 decernunt
1398 783 1532 851 Conci·

350 892 418 956 lia.
466 891 522 955 Sic
553 891 834 956 Arausicanum
866 892 1022 956 declarat:
1054 894 1234 955 debetur
1265 915 1410 959 meroes
1442 902 1535 959 tonis

352 1008 520 1083 operitur,
546 1007 575 1063 si
595 1004 695 1077 liant:
720 1011 777 1064 sed
787 1007 913 1081 pratia,
937 1024 1021 1081 puae
1043 1023 1110 1065 non
1132 1008 1287 1077 detetur„
1299 1011 1474 1082 praeeedit,
1499 1017 1537 1069 ut

348 1117 431 1190 fiant
450 1113 486 1191 ²).
533 1114 635 1195 Atque
664 1110 939 1175 Florentinum
968 1112 1079 1185 docet,
1109 1111 1246 1185 animas,
1276 1130 1355 1197 quae
1379 1112 1454 1176 nihil
1478 1134 1533 1178 ex·

351 1221 499 1305 piandum
524 1220 655 1294 hebent,
680 1226 714 1283 in
737 1227 861 1283 eoelum
881 1241 960 1283 moa·
977 1226 1078 1298 recipi
1085 1269 1098 1302 ,
1124 1232 1156 1283 et
1178 1226 1301 1283 intueri
1322 1229 1409 1284 alere
1430 1215 1555 1303 ipsum

351 1333 456 1392 Deum
472 1336 591 1393 trinam
607 1342 639 1393 et
653 1351 767 1405 unum,
792 1336 877 1393 sieut
898 1342 964 1411 est,
986 1352 1058 1409 pro
1083 1335 1311 1393 meritorum
1332 1345 1460 1409 =tamen
1478 1339 1534 1396 dt·

353 1445 548 1502 versitate
571 1446 694 1502 alium
717 1445 798 1501 atio
819 1442 1104 1518 perfeetias⁸).

461 1549 545 1625 Quae
569 1547 750 1612 testimonia
773 1561 838 1611 turn
863 1550 896 1611 S.
913 1547 1109 1632 Scriptum,
1133 1560 1199 1612 tum
1223 1551 1282 1612 SS.
1306 1552 1444 1624 Petrum,
1469 1563 1536 1614 tum

354 1656 569 1721 Consiliorum
592 1658 790 1721 laudatorum
806 1657 833 1721 si
851 1656 1033 1721 adcuratius
1049 1659 1299 1742 perpendantur:
1326 1658 1453 1724 diffiteri
1470 1649 1535 1724 non

353 1787 534 1850 possumus,
558 1766 590 1830 in
606 1766 645 1829 iis
662 1766 808 1830 omnibus
820 1766 867 1830 ita
887 1768 926 1830 de
943 1766 1056 1830 merito
1073 1767 1230 1830 bonorum
1253 1787 1385 1851 operum
1408 1768 1535 1844 disseri,

353 1874 485 1939 uthisee
496 1874 634 1962 dignitas
650 1895 727 1939 vera
742 1896 799 1938 seu
811 1876 866 1959 jus
882 1874 1059 1958 perfeetum
1075 1873 1208 1958 praemii
1225 1875 1434 1951 adscribatur,
1451 1898 1533 1941 mer·

353 1985 525 2069 aedemque
541 1984 580 2048 iis
598 2005 638 2048 ex
648 1983 773 2069 justitia
789 1985 902 2048 saltem
918 1984 979 2047 late
996 1983 1080 2047 dieta
1096 1983 1205 2047 deberi
1221 1985 1363 2049 tradatur
1381 1987 1418 2065 ⁹).
1453 1987 1532 2065 Qua-

353 2105 484 2178 propter
507 2105 539 2157 et
563 2093 736 2158 Basilius
760 2092 829 2157 ait:-
846 2094 984 2158 Ostende
1011 2115 1128 2176 opera,
1153 2106 1186 2156 et
1205 2115 1367 2173 reposce
1390 2118 1534 2160 remune-

353 2266 625 2276 ——-----——--—

352 2365 432 2448 Opp.
455 2369 493 2428 T.
515 2366 545 2430 2.
567 2391 598 2449 p.
623 2367 695 2431 112.
730 2369 882 2446 Quotquot
900 2370 996 2446 ipitur
1017 2369 1216 2445 euanpelieam
1230 2370 1324 2429 uitam
1339 2371 1533 2443 ambulamus,

348 2466 529 2520 mercatores
554 2480 673 2531 sumus,
707 2461 903 2521 observandis
928 2461 1103 2536 praeceptis
1134 2468 1392 2536 comparantes
1425 2462 1534 2522 nobis

349 2551 562 2610 coelestium
584 2552 812 2630 possessionem.
964 2616 968 2624 ,
1359 2582 1361 2584 ’

455 2645 483 2715 ¹)
500 2645 540 2701 In
555 2643 667 2704 Lazar.
687 2644 776 2705 Cone.
792 2647 822 2708 4.
838 2664 868 2704 n.
884 2646 915 2705 4.
932 2639 1013 2722 Opp.
1030 2643 1067 2704 T.
1087 2640 1116 2706 1.
1133 2663 1163 2722 p.
1183 2639 1256 2705 756.
1289 2642 1326 2704 Si
1337 2645 1359 2722 j
1365 2651 1475 2703 ustus
1492 2651 1537 2704 est

350 2733 473 2820 (Deus),
499 2741 526 2792 et
540 2733 589 2792 leis
606 2742 634 2793 et
647 2734 711 2793 illis
727 2736 857 2796 reddet
865 2752 941 2809 pro·
957 2733 1119 2803 meritis,
1145 2741 1173 2792 et
1190 2737 1245 2793 doc
1265 2734 1299 2793 in
1321 2735 1460 2814 confesso
1481 2742 1533 2795 est.

350 2825 440 2893 Quod
456 2824 485 2883 si
500 2832 528 2883 et
541 2825 590 2885 dis
601 2825 700 2885 atillis
720 2828 860 2901 rependet
880 2844 948 2904 pro
974 2824 1139 2895 meritis,
1163 2825 1212 2884 tte
1227 2845 1296 2885 uero
1317 2828 1419 2884 nullas
1435 2845 1537 2887 eorum

348 2915 472 2989 recepit,
497 2936 590 2991 neque
605 2917 656 2976 ille
675 2916 878 2994 improbitatis
894 2935 1039 2994 poenam,
1070 2936 1162 2991 neque
1178 2915 1227 2974 llio
1242 2916 1363 2975 uirtutis
1374 2916 1534 2991 praemia:

341 3006 541 3081 perspicuum
557 3014 612 3079 est,
644 3014 758 3066 restare
774 3015 888 3081 tempus
904 3005 1042 3081 aliquod,
1073 3006 1181 3081 inquo
1202 3024 1409 3083 eonpruens
1424 3025 1532 3081 prae-

346 3096 457 3156 mium
477 3099 584 3156 luorum
603 3105 725 3172 utaque
743 3097 833 3173 feret.
867 3133 910 3142 -
936 3092 964 3180 ²)
979 3099 1027 3155 De
1041 3096 1117 3158 unit.
1133 3098 1216 3156 anl.
1234 3118 1264 3156 n.
1281 3101 1330 3158 13.
1348 3095 1428 3177 Opp.
1445 3097 1483 3158 V.
1500 3095 1532 3161 2.

347 3210 376 3268 p.
393 3184 446 3250 58.
478 3187 608 3257 Justitiu
623 3208 699 3267 opus
715 3196 770 3261 est,
795 3195 829 3248 ut
847 3187 1058 3266 promereri
1074 3187 1143 3263 puis
1157 3187 1257 3265 possit
1271 3190 1369 3248 Deum
1376 3188 1531 3266 judicem:

345 3279 516 3357 praeceptis
531 3281 595 3356 p'us
617 3279 785 3339 admonitis
806 3280 1067 3357 obtemperandum
1087 3286 1143 3351 est,
1168 3286 1202 3337 ut
1223 3279 1379 3357 accipiant
1399 3279 1531 3340 merita

346 3377 477 3429 nostra
491 3373 700 3432 mercedem.
719 3405 760 3414 —
778 3372 805 3446 ⁸)
822 3372 871 3429 De
887 3369 970 3448 offic.
988 3372 1007 3429 l.
1025 3372 1053 3428 1.
1071 3390 1096 3434 a.
1112 3371 1162 3434 15.
1178 3391 1208 3429 n.
1227 3372 1275 3431 57.
1303 3366 1384 3451 Opp.
1400 3369 1438 3431 T.
1456 3368 1487 3433 2.
1506 3392 1530 3433 a.

349 3457 400 3521 16.
432 3463 539 3520 Nonne
554 3460 674 3520 evidens
691 3468 743 3533 est,
766 3461 983 3520 meritorum
999 3466 1063 3518 aut
1075 3460 1247 3536 praemia
1263 3468 1325 3521 aut
1339 3461 1532 3538 supplicia

345 3559 432 3630 post
451 3558 597 3611 mortem
619 3570 775 3611 manere.
803 3587 844 3596 —
872 3551 899 3635 4)
915 3553 992 3612 Adu.
1009 3551 1111 3611 Jouin.
1130 3553 1149 3610 l.
1167 3556 1195 3613 2.
1212 3572 1243 3615 n.
1261 3555 1311 3613 22.
1344 3550 1424 3632 Opp.
1442 3553 1479 3612 T.
1497 3548 1527 3614 2.

346 3664 370 3702 e.
389 3639 465 3704 375.
492 3642 646 3710 Quomodo
662 3645 703 3701 ad
717 3641 935 3719 indulpentiam
950 3641 1151 3721 principalem
1167 3642 1355 3702 diuersorum
1370 3642 1531 3703 ariminum

345 3733 392 3791 rei
414 3733 605 3792 dimittuntur
628 3736 663 3792 de
685 3752 815 3814 earcere,
844 3745 873 3795 et
892 3733 1098 3808 unusquisque
1123 3753 1180 3811 pro
1201 3736 1301 3793 labore
1322 3733 1369 3792 uel
1389 3733 1530 3812 operibus

345 3823 425 3903 suis,
441 3823 474 3881 in
495 3826 550 3882 doe
569 3826 616 3883 vel
633 3824 668 3884 in
688 3824 741 3884 illo
761 3831 841 3884 statu
861 3824 941 3884 uitae
961 3830 1022 3883 est:
1045 3823 1089 3882 ita
1109 3831 1138 3882 et
1156 3824 1302 3884 denarius
1319 3824 1409 3900 quasi
1429 3824 1529 3883 indul·

343 3913 446 3989 pentia
464 3914 529 3972 veri
543 3915 702 3989 Principis
719 3935 818 3974 omnes
837 3934 892 3992 per
906 3914 1099 3988 Baptismum
1120 3914 1227 3974 emittit
1241 3918 1277 3973 de
1296 3933 1422 3975 earcere.
1457 3917 1529 3974 June

345 4004 444 4064 nostri
463 4005 578 4064 laboris
600 4012 657 4075 est,
688 4025 753 4082 pro
782 4005 1002 4065 diuersitate
1029 4005 1205 4076 oirtnnm,
1238 4004 1389 4063 diuersa
1420 4005 1528 4064 nodis

344 4094 520 4173 praemia
543 4114 783 4173 praeparare.
815 4129 859 4140 —
891 4098 919 4172 ⁵)
941 4099 1001 4174 Ep.
1024 4098 1093 4157 194.
1114 4095 1249 4159 addidet.
1273 4115 1296 4156 o.
1313 4098 1385 4156 da.
1403 4098 1430 4156 6.
1449 4093 1528 4177 Opp.

345 4187 384 4244 T.
401 4189 430 4244 2.
449 4181 522 4245 717.
554 4185 685 4244 Nullane
705 4193 777 4245 sunt
801 4187 934 4245 merita
946 4186 1157 4265 justorum?
1182 4186 1261 4247 Sunt
1273 4187 1376 4260 plane,
1395 4185 1527 4264 quiaju-

345 4276 386 4334 sti
403 4283 480 4334 sunt.
514 4276 575 4336 Sed
589 4284 622 4335 ut
628 4276 710 4354 justi
728 4275 843 4349 flerem,
866 4277 972 4337 merita
993 4297 1053 4336 non
1068 4277 1206 4354 fuerant.
1239 4276 1325 4336 Sicut
1343 4276 1446 4335 merito
1460 4296 1526 4352 pea-

345 4366 407 4424 oati
416 4373 566 4440 tamquam
577 4367 759 4442 stipendium
770 4367 1006 4441 redditarmors‚
1021 4368 1066 4426 ita
1080 4366 1172 4426 meri
1177 4374 1211 4426 to
1218 4366 1361 4444 justitiae
1376 4374 1528 4443 tamquam

345 4456 529 4531 stipendium
550 4457 614 4517 uita
636 4465 764 4519 aeterna.
795 4460 838 4518 Et
858 4479 882 4518 a.
905 4461 934 4517 5.
957 4479 988 4519 n.
1011 4463 1060 4518 20.
1078 4478 1102 4519 a.
1122 4454 1195 4521 721.
1212 4465 1243 4516 et
1259 4457 1298 4522 al.
1316 4478 1355 4517 ss.
1374 4494 1417 4503 -
1436 4456 1462 4536 ⁰)
1481 4457 1526 4523 Ol.

343 4547 514 4607 Bellarm.
545 4550 593 4606 De
608 4549 715 4626 justif.
739 4550 758 4610 l.
780 4550 850 4612 5.e.
868 4553 897 4607 4.
929 4552 979 4608 De
999 4556 1127 4608 amtrou
1151 4548 1290 4625 Oltafid.
1321 4549 1411 4627 Prag.
1431 4546 1525 4610 1721.

345 4638 383 4697 T.
399 4634 430 4698 4.
446 4658 476 4716 p.
493 4633 627 4700 557-
648 4639 672 4723 ³)
691 4639 942 4710 &18.Manei,
969 4641 1042 4701 eost.
1061 4640 1152 4700 Ooae.
1183 4640 1221 4698 T.
1239 4637 1269 4700 8.
1288 4660 1313 4700 e.
1332 4635 1405 4700 715.
1428 4637 1523 4720 -·⁸)

343 4726 441 4799 Ball,
468 4726 550 4788 Sum.
570 4729 659 4793 Oeno.
675 4730 745 4791 Per.
764 4726 859 4791 1659.
877 4730 915 4789 T.
934 4728 963 4792 1.
979 4751 1008 4809 p.
1024 4726 1100 4792 473.
1132 4765 1175 4774 -
1207 4726 1234 4815 ⁹)
1250 4728 1296 4791 cf.
1312 4730 1435 4811 insuper
1452 4730 1524 4812 Sap.

345 4815 376 4895 3,
392 4815 423 4880 5.
439 4819 513 4880 Lue.
530 4814 583 4890 20,
601 4815 653 4882 35.
670 4816 702 4881 2.
719 4819 827 4882 Thess.
855 4818 883 4897 1,
898 4817 930 4885 5.
945 4819 1042 4902 Apoe.
1060 4819 1091 4897 3,
1107 4817 1137 4882 4.
