3775 5625
384 430 405 514 i

494 614 530 678 C.
546 613 634 678 lllam
650 611 753 697 ipsam
770 610 949 677 doctrinam
965 614 1094 677 tandem
1110 612 1296 677 Ecclesia
1313 635 1437 700 quoque
1455 616 1579 680 solenni

377 724 502 812 judicio
520 734 679 809 tamquam
696 721 846 787 divinitus
862 723 1053 797 revelatam,
1075 735 1107 786 et
1124 743 1183 787 ceu
1200 724 1294 787 talem
1311 743 1330 787 a
1345 722 1491 790 fidelihus
1510 746 1578 790 cre·

383 836 519 900 dendam
535 832 721 921 proposuit,
739 845 770 896 et
787 831 912 918 quidem
923 833 993 915 Jam
1008 831 1160 917 implicite
1181 831 1213 896 in
1237 832 1419 898 Concilio
1442 834 1578 900 Nicae-

384 968 431 1016 no
464 958 500 1009 et
532 940 985 1026 Constantinopolitano
1011 942 1050 1016 l.,
1075 940 1108 1004 in
1132 963 1194 1027 quo
1210 941 1347 1026 primum
1364 943 1532 1008 articulum
1547 945 1580 1010 in

384 1055 539 1142 Symbola
564 1050 686 1138 posuit:
715 1054 820 1115 Credo
846 1057 881 1114 iu
909 1074 1010 1115 uuum
1033 1054 1169 1137 Deum,
1191 1058 1394 1128 factorem
1420 1062 1522 1118 coeli
1544 1070 1582 1120 et

384 1180 535 1247 terrae,
553 1168 775 1226 visibilium
791 1174 828 1225 et
842 1167 1128 1240 invisibilium·
1146 1160 1296 1246 explicite
1313 1174 1418 1229 autem
1433 1163 1466 1227 in
1484 1165 1579 1230 Con·

384 1273 479 1340 cilio
496 1274 678 1338 Lateran.
694 1271 757 1345 lv,
773 1270 807 1333 in
823 1291 886 1357 quo
905 1293 932 1336 e.
956 1273 1130 1353 Firmiter,
1150 1270 1278 1355 saepius
1290 1272 1359 1356 jam
1375 1271 1490 1349 citato,
1516 1287 1579 1339 sta·

383 1383 459 1449 tuit:
487 1384 596 1447 Unum
611 1386 891 1445 universorum
904 1386 1166 1461 principium,
1194 1394 1351 1445 creator
1368 1388 1510 1446 omnium
1526 1390 1580 1447 in-

384 1498 562 1557 visibilium
585 1504 618 1555 et
643 1495 882 1571 visibilium,
919 1496 1195 1570 spiritualium
1227 1504 1265 1555 et
1294 1499 1580 1576 corporalium,

384 1609 450 1685 qui
465 1624 536 1667 suo
552 1606 809 1681 omnipotenti
825 1605 976 1663 uirtute
991 1606 1108 1663 simul
1123 1607 1161 1663 ab
1178 1606 1273 1663 initio
1290 1608 1444 1681 temporis
1453 1615 1582 1667 utram·

384 1735 446 1794 que
469 1720 513 1774 de
534 1714 669 1775 uibilo
693 1715 870 1773 condidit
900 1723 1098 1791 creaturum,
1126 1716 1330 1790 spiritualem
1360 1724 1393 1775 et
1421 1733 1582 1792 corpora·

384 1830 458 1905 lem,
484 1826 664 1901 supelivvm
687 1824 838 1882 videlicet
868 1827 1121 1901 clarundonam,
1155 1841 1193 1882 ae
1221 1825 1335 1882 deinde
1356 1824 1580 1904 humanum,

386 1937 481 2013 quusi
496 1950 707 2011 communem,
732 1950 782 1991 eu
806 1934 956 2008 spiritu
980 1940 1018 1991 et
1039 1949 1207 2008 corpore
1230 1932 1538 2012 constitutam).

492 2041 534 2107 D.
553 2038 644 2117 Quod
661 2050 766 2102 autem
783 2038 822 2101 ad
837 2037 996 2102 rationem
1014 2036 1143 2101 attinet:
1160 2036 1231 2122 ipsa
1248 2038 1413 2103 doctrinae
1430 2040 1581 2110 ecelesia-

385 2150 501 2225 sticae,
524 2148 599 2213 licet
623 2168 693 2212 eam
718 2167 760 2211 ex
784 2168 843 2211 sua
858 2168 957 2232 penu,
981 2159 1093 2232 utpote
1111 2148 1149 2210 ad
1166 2147 1286 2213 lactum
1302 2148 1493 2214 historicum
1511 2172 1582 2236 spe·

350 2272 355 2282 ’
386 2273 540 2334 stantem,
557 2260 748 2343 depromere
764 2257 847 2319 haud
862 2256 1017 2342 potuerit,
1039 2269 1145 2321 tamen
1164 2278 1202 2321 eo
1219 2258 1378 2322 lubentius
1395 2259 1584 2336 adsentitur,

385 2392 448 2458 quo
464 2368 570 2457 magis
586 2365 749 2454 intelligit,
766 2366 851 2431 illam
868 2368 971 2431 solam
986 2366 1099 2451 primis
1115 2366 1281 2452 principiis
1297 2367 1366 2432 veri
1384 2367 1583 2445 satisfacere,

386 2500 468 2568 quae
484 2478 635 2567 exigunt,
653 2489 687 2541 ut
702 2477 811 2563 prouti
827 2477 933 2542 omnia
947 2476 1032 2541 entia
1048 2476 1282 2566 contingentia,
1299 2478 1343 2542 ita
1360 2478 1455 2543 etiam
1471 2479 1581 2554 homo,

384 2589 476 2676 isque
498 2608 562 2651 non
584 2599 706 2651 tantum
728 2588 833 2674 quoad
856 2586 1010 2662 animam,
1032 2588 1090 2651 sed
1113 2599 1145 2651 et
1161 2589 1265 2673 quoad
1283 2611 1402 2673 corpus
1419 2589 1458 2652 ad
1476 2601 1584 2653 actum

386 2697 511 2763 divinae
527 2696 777 2781 omnipotentiae
792 2697 966 2770 reseratum
988 2709 1083 2782 atque
1105 2697 1317 2761 moralitatem
1334 2719 1428 2784 qnam
1444 2698 1584 2762 maxime

384 2828 595 2895 promovere,
622 2828 718 2892 quum
733 2806 845 2882 nobis,
871 2806 916 2871 uti
933 2806 1083 2892 corporis
1099 2805 1318 2894 fragilitatem,
1336 2807 1380 2872 ita
1395 2807 1520 2872 animae
1536 2806 1583 2872 in·

388 2916 643 3003 corruptionem,
663 2928 808 2981 nostram
834 2938 931 3002 super
955 2938 1067 2982 omnes
1088 2936 1142 2980 res
1165 2927 1290 2980 creatas
1308 2917 1529 2981 excellentiam
1546 2939 1586 2982 ac

388 3027 586 3116 dignitatem,
603 3037 727 3091 arctum
743 3026 910 3091 societatis
928 3025 1110 3114 conjugalis
1125 3023 1297 3099 vinculum,
1313 3026 1469 3111 hujusque
1485 3025 1583 3091 tirmi-

387 3149 485 3202 tatem
501 3157 539 3200 ac
556 3134 768 3209 sanctitatem,
785 3147 877 3222 atque
893 3134 1006 3200 uxoris
1024 3133 1221 3221 dignitatem,
1233 3154 1343 3198 verum
1360 3133 1453 3199 simul
1463 3119 1586 3219 justam

388 3248 448 3315 suli
469 3245 531 3310 viri
546 3257 706 3332 potestate
728 3245 961 3330 subjectionem
985 3246 1025 3309 ob
1048 3245 1161 3308 oculos
1181 3255 1293 3329 ponat,
1315 3256 1347 3309 et
1368 3265 1428 3309 nos
1449 3244 1586 3330 proinde

387 3358 428 3423 ad
451 3356 640 3422 Creatorem
663 3353 930 3442 benignissimum
951 3367 1046 3442 grato
1071 3352 1177 3417 animo
1195 3355 1423 3429 reverendum,
1447 3353 1587 3419 animum

388 3463 546 3550 imprimis
562 3464 784 3538 excolendum,
799 3475 893 3549 atque
915 3464 1072 3550 conjuges
1089 3464 1128 3527 ad
1141 3483 1177 3527 se
1192 3462 1330 3527 invicem
1346 3482 1456 3527 amore
1473 3461 1586 3527 intimo

384 3573 635 3661 prosequendos
652 3571 780 3637 excitet.
1097 3581 1100 3586 '

401 3739 406 3753 ,
499 3685 628 3744 Adnot.
647 3686 682 3744 S.
698 3685 956 3764 Augustinus,
973 3695 1007 3743 ut
1023 3694 1207 3745 occurreret
1224 3685 1458 3760 objectionibus,
1477 3685 1587 3762 quibus

390 3795 542 3855 increduli
557 3794 719 3854 historiam
736 3795 905 3855 creationis
922 3813 940 3853 a
957 3796 1064 3871 Moyse
1088 3793 1275 3870 descriptam
1300 3788 1475 3865 lacessire,
1500 3804 1587 3872 puta-

391 3905 454 3977 vit,
471 3905 675 3963 deserendum
692 3923 764 3964 esse
781 3923 906 3963 sensum
926 3905 1109 3975 litteralem,
1127 3905 1309 3982 statuitque,
1342 3904 1442 3962 omnia
1466 3904 1590 3964 condita

392 4032 464 4073 esse
482 4032 500 4073 a
515 4015 584 4072 Deo
600 4013 692 4073 simul
708 4023 740 4073 et
756 4016 868 4096 semel,
884 4015 975 4074 unico
994 4024 1157 4075 momento.
1183 4015 1285 4090 Quare
1303 4033 1354 4084 ea,
1376 4033 1452 4091 quae
1470 4015 1507 4073 de
1524 4015 1588 4074 lor·

392 4124 527 4200 mationa
551 4123 660 4182 Adami
677 4134 708 4182 et
722 4127 807 4182 Evae
824 4126 1006 4184 referuntur
1023 4125 1053 4183 in
1072 4125 1204 4195 Genesi,
1231 4125 1267 4183 ad
1293 4124 1455 4184 distinctas
1488 4126 1588 4184 solum

392 4232 501 4292 retulit
526 4232 723 4311 cognitiones
746 4234 916 4312 angelieas.
940 4235 1123 4294 Recentiori
1151 4245 1287 4310 tempore
1305 4254 1343 4292 ex
1360 4235 1453 4294 simili
1469 4235 1590 4296 ratione

393 4343 499 4420 plures
526 4340 679 4420 Theologi
701 4342 864 4402 historiam
887 4344 971 4402 illam
988 4345 1155 4419 symbolice
1173 4363 1229 4402 seu
1246 4344 1417 4422 allegorice
1434 4344 1590 4420 interpre-

394 4452 606 4511 tandamesse
630 4462 835 4522 censuerunt3
867 4472 975 4512 verum
993 4472 1087 4529 supra
1106 4453 1172 4528 jam
1198 4453 1383 4523 monuimus,
1411 4472 1506 4530 quare
1537 4454 1591 4516 hie

393 4560 456 4620 loci
473 4579 491 4619 a
507 4577 601 4619 sensu
617 4560 746 4621 litterali
762 4562 841 4621 haud
857 4563 1074 4622 discedendum
1092 4580 1163 4621 esse
1180 4562 1377 4621 arbitremur.
1393 4565 1460 4621 lllon
1478 4572 1527 4621 est
1543 4572 1591 4624 ta-

395 4686 463 4730 men
480 4670 696 4746 interpretatio
724 4673 896 4752 allegorica
913 4681 966 4731 aut
982 4672 1151 4748 symbolica
1167 4673 1204 4732 ab
1221 4672 1366 4734 Ecclesia
1384 4682 1490 4750 aperte
1507 4674 1591 4748 reje-

509 4907 532 4990 ¹)
549 4909 690 4980 Menai,
710 4909 788 4972 uoti.
807 4908 923 4973 Oouvil.
940 4909 980 4971 Τ.
997 4905 1050 4972 22.
1069 4929 1095 4971 e.
1113 4904 1303 4974 981-982.
