3775 5625
1423 437 1490 513 491

301 606 422 672 tionem
440 608 582 692 ejusdem
599 607 629 670 in
648 608 715 671 snis
731 605 822 671 tibris
840 618 871 670 et
888 606 1091 672 sermonibus
1102 608 1224 673 tacere.
1243 602 1329 688 Quae
1345 609 1493 677 Ecclesia

302 720 341 782 dc
359 718 551 783 necessitate
570 718 823 802 praeparationis
841 739 897 781 sen
916 719 1137 802 dispositionis
1169 722 1206 781 ad
1220 719 1492 803 justificationem,

302 842 396 913 atque
429 830 498 912 ejus
525 828 630 890 indole
652 849 708 890 scu
729 828 825 890 modo
850 840 956 890 teneat
980 849 1017 891 ac
1034 830 1158 902 doceat,
1177 829 1393 893 Concilium
1412 830 1490 895 Tri·

301 938 499 1001 dentinnrn
518 939 667 1001 adcurate
690 936 829 999 delinivit
845 939 875 1001 in
895 960 954 1001 sno
973 943 1101 1000 decreto
1120 944 1416 1019 dejustifientione.
1450 942 1492 1007 Et

301 1047 429 1133 quidem
454 1048 536 1131 qnod
561 1049 598 1109 all
622 1047 847 1109 necessitatem
869 1047 951 1109 illins
970 1048 1222 1131 praeparationis
1240 1048 1363 1123 attinet,
1381 1051 1490 1114 decer·

300 1157 363 1222 nit:
389 1142 551 1218 Declarut
562 1166 737 1237 praeterea
755 1161 896 1235 (saneta
913 1158 1103 1236 Synodus),
1122 1165 1227 1238 ipsius
1239 1164 1493 1239 J'ustifientionis

300 1271 477 1329 enordium
497 1275 530 1327 in
553 1269 676 1327 adtollis
693 1288 713 1327 o
730 1268 792 1327 Dei
804 1289 864 1346 per
885 1268 1052 1329 Christum
1071 1269 1189 1329 Jesum
1207 1278 1492 1348 praeveniente

298 1384 434 1454 pretio
451 1380 641 1437 sumendum
659 1398 746 1446 esse,
770 1384 909 1448 horest,
932 1381 972 1438 ul
991 1384 1062 1455 ejus
1078 1386 1265 1451 vectatione,
1288 1402 1365 1461 pren,
1390 1382 1491 1441 nullis

300 1509 416 1548 eorum
434 1489 668 1547 exsistentibus
680 1493 815 1557 meritis,
831 1494 1008 1560 vocuntur,·
1026 1494 1071 1559 ut,
1090 1494 1145 1567 qul
1158 1509 1218 1566 per
1231 1498 1368 1568 peecata
1386 1512 1405 1550 a
1421 1492 1490 1551 Deo

301 1604 412 1659 auersi
429 1604 539 1668 erent,
561 1618 621 1676 per·
644 1601 717 1672 ipris
737 1604 932 1657 emcituntem
958 1605 1053 1677 utque
1070 1600 1275 1672 deprecantem
1290 1607 1432 1675 pretinm
1449 1604 1495 1662 nd

301 1709 552 1770 convertendum
569 1728 605 1766 se
622 1709 666 1766 nd
680 1727 774 1766 seram
791 1714 937 1786 ipsorum
944 1712 1217 1786 justificationem
1241 1712 1342 1770 eidem
1362 1716 1492 1785 protiue

301 1821 403 1879 libere
420 1819 641 1893 assentiendo,
661 1824 694 1875 et
708 1820 927 1896 cooperando,
948 1820 1182 1896 disponuntur:
1206 1825 1252 1878 itu
1270 1827 1320 1891 ut,
1343 1827 1492 1896 tnnpente

300 1931 372 1988 Deo
400 1949 456 1986 cor
482 1932 621 1986 dominis
642 1947 702 2005 per
729 1926 875 2005 Spiritus
900 1927 1243 2006 metropolitanum,
1277 1950 1380 2010 neque
1395 1935 1490 1989 homo

300 2046 371 2117 ipse
387 2038 469 2096 nillil
483 2042 610 2095 ommno
629 2044 716 2113 opat,
736 2043 984 2115 inspirationem
1000 2039 1093 2097 illum
1111 2044 1286 2116 recipiens,
1306 2046 1421 2119 quippe
1436 2044 1492 2119 qui

301 2148 394 2207 illum
418 2154 451 2205 et
469 2146 610 2221 abjicere
629 2152 750 2224 potest,
774 2167 876 2226 neque
893 2154 1000 2206 tomen.
1017 2153 1087 2207 sine
1102 2153 1213 2222 pratia
1231 2149 1292 2208 Dei
1307 2169 1437 2209 rnooere
1453 2169 1490 2208 se

302 2259 522 2332 adjustitiam
540 2275 650 2313 eorum
668 2255 723 2312 illo
742 2255 847 2314 libera
863 2276 927 2314 secu
942 2257 1110 2315 voluntate
1122 2260 1275 2335 possit1).
1318 2256 1427 2332 Quoad
1444 2255 1488 2317 ul·

302 2362 455 2426 teriorcrn
471 2362 599 2424 rnodrnn
616 2360 870 2444 praeparationis
887 2374 992 2424 antem
1010 2362 1120 2426 tradit:
1138 2366 1367 2445 Disponuntur
1384 2374 1491 2426 uectem

304 2477 350 2534 ud
364 2456 468 2552 ipsum
490 2477 677 2549 justitiam,
704 2475 779 2531 dum
796 2480 967 2534 eseitnti
989 2477 1119 2535 divina
1134 2482 1271 2550 platin
1289 2483 1325 2536 et
1340 2479 1488 2554 edwii,

298 2586 422 2662 fidem
453 2604 497 2642 es
522 2584 638 2641 creditu
664 2589 900 2661 concipientes,
920 2585 1021 2644 libere
1037 2593 1206 2645 eleventur
1221 2591 1256 2645 in
1271 2587 1387 2657 Deum,
1406 2605 1490 2644 cre-

302 2696 439 2751 dentes
459 2712 554 2751 vero
576 2712 681 2768 esse,
704 2714 803 2772 ptrue
826 2696 1024 2754 divinitus
1045 2696 1224 2755 reoelutu
1241 2702 1491 2774 etpromissa

301 2809 411 2877 sunt;
430 2808 526 2882 utque
541 2802 627 2861 illud
639 2808 673 2862 in
686 2808 845 2881 primis,
864 2825 884 2863 a
900 2804 1233 2880 Deojustificnri
1249 2809 1405 2883 impium
1420 2825 1491 2883 per

300 2917 467 2988 pretione
498 2915 600 2986 eJ'us,
620 2932 692 2990 per
723 2914 1015 2984 redemtionem,
1048 2934 1147 2992 quoe
1173 2920 1296 2973 estin
1322 2913 1490 2973 Christo

302 3021 333 3080 J
337 3041 421 3080 esu:
438 3027 471 3078 et
485 3022 560 3080 dum
573 3028 765 3098 peccatores
781 3041 816 3079 se
834 3022 1142 3095 esseintellipeules,
1163 3043 1182 3080 u
1200 3024 1359 3080 divinoe
1367 3025 1389 3096 j
1397 3029 1490 3082 usli-

303 3138 381 3190 tine
403 3135 555 3198 timore,
576 3151 638 3210 pue
657 3132 781 3190 utiliter
799 3137 1050 3206 concretiuntur,
1078 3134 1123 3190 ud
1137 3133 1413 3190 considerandam
1430 3133 1491 3191 Dei

301 3243 562 3299 misericordiam
577 3261 613 3298 se
629 3243 855 3317 convertendo,
874 3246 908 3300 in
924 3262 1028 3319 spem
1045 3248 1227 3317 eripiuntur,
1239 3242 1375 3318 sidentes
1385 3242 1491 3300 Deum

302 3352 366 3408 sibi
389 3357 523 3427 propter
551 3351 717 3409 Christum
731 3357 909 3429 propitium
927 3355 1026 3430 sore;
1059 3352 1266 3430 illumque,
1296 3357 1492 3430 tamquam

303 3464 632 3534 orunisjustitiue
645 3463 814 3538 sontem,
835 3463 1008 3537 dilipere
1025 3466 1244 3540 incipiunt,·
1264 3481 1302 3519 nc
1315 3469 1492 3539 propterea

302 3577 470 3629 mouentur
503 3571 662 3628 adversus
681 3578 818 3648 peccatu
831 3592 892 3648 per
909 3574 1041 3630 odium
1064 3571 1234 3650 aliquod
1252 3577 1291 3629 et
1312 3572 1491 3631 detesta-

303 3687 466 3755 tionem,
491 3684 551 3737 troc
573 3685 637 3754 est,
653 3699 713 3756 per
730 3700 802 3737 enm
814 3685 1116 3757 poenitentium,
1151 3701 1248 3759 quum
1265 3688 1348 3742 'unte
1369 3681 1491 3759 Bapti-

301 3811 408 3849 smum
426 3794 477 3863 appi
494 3795 638 3866 oportet:
667 3790 804 3868 denique
830 3790 905 3847 diem
918 3796 1172 3867 proponunt,
1191 3797 1405 3869 suscipere
1421 3791 1492 3848 aa·

300 3907 502 3979 ptisrnum,
537 3902 728 3957 inclinare
759 3919 895 3958 novum
926 3905 1062 3975 eitam,
1097 3906 1133 3958 et
1163 3920 1327 3958 servare
1359 3901 1493 3958 diviua

303 4011 530 4082 rrrnndutff).
571 4008 673 4088 Atque
698 4008 800 4088 quoad
828 4019 992 4091 utrnrnqnc
1020 4007 1214 4069 contrariam
1239 4005 1415 4069 doctrinam
1441 4006 1493 4068 da·

304 4117 456 4178 rnnando:
483 4115 522 4176 St
538 4122 611 4196 quis
628 4119 763 4193 disserit,
783 4137 882 4195 opero
899 4125 1020 4195 ornniu,
1040 4139 1123 4198 pune
1140 4121 1494 4195 antejustifieutionem

301 4232 403 4308 fiunt,
422 4247 613 4306 quacunque
635 4232 762 4285 rutinae
776 4231 871 4304 foeta
882 4233 960 4304 sint,
979 4249 1053 4287 vere
1070 4249 1142 4287 esse
1150 4233 1299 4306 peecata,
1318 4228 1370 4286 vel
1385 4229 1495 4287 odium

304 4339 366 4396 Dei
381 4342 516 4408 mereri,·
549 4343 609 4396 uret
623 4342 743 4416 quanto
760 4341 978 4413 vehementius
994 4342 1067 4415 qius
1085 4342 1200 4396 nititur
1223 4356 1258 4395 se
1280 4339 1495 4415 disponere

306 4448 354 4506 ad
365 4452 550 4521 pralium,
568 4453 660 4505 tunto
672 4467 744 4505 eum
753 4452 888 4521 pravius
900 4467 1055 4525 peecare:
1075 4467 1103 4506 a.
1115 4467 1142 4505 s.
1152 4448 1189 4521 3).
1207 4442 1345 4506 Deinde:
1365 4445 1405 4506 St
1420 4452 1495 4527 quis

305 4559 447 4631 dicerit,
466 4556 540 4614 solu
554 4558 618 4634 side
634 4560 766 4634 impium
777 4559 978 4633 justificari,
998 4561 1043 4614 itu
1061 4562 1097 4614 ut
1112 4555 1285 4630 intelliput,
1303 4556 1387 4615 ntttt
1402 4557 1497 4616 uliud

306 4763 522 4774 ——-

418 4882 440 4960 ¹)
459 4882 539 4944 Sess.
558 4888 586 4945 6.
604 4905 628 4945 c.
645 4886 674 4947 5.
692 4919 733 4928 —
753 4888 779 4960 ²)
797 4883 878 4947 Sess.
897 4886 924 4942 6.
943 4903 967 4942 c.
987 4887 1014 4941 o.
1034 4917 1074 4926 -
1094 4884 1120 4958 ³)
1141 4880 1215 4941 can.
1235 4884 1263 4941 7.
