3775 5625
1503 440 1545 506 97

350 597 512 663 Christum
531 611 635 664 autern
661 599 850 683 recipimus,
867 601 951 685 quod
968 599 999 663 iu
1019 602 1140 663 Adamo
1163 599 1388 677 arniseramus;
1415 606 1545 670 undeet

343 706 468 791 justitia
485 706 652 794 originalis
670 707 923 792 supernaturalis
942 729 980 773 ac
998 708 1136 773 indebita
1152 709 1248 773 suerit
1264 732 1400 777 necesse
1418 727 1477 779 est.

417 866 422 873 .
453 816 485 880 3.
504 819 567 881 SS.
583 818 719 882 Patres
737 817 876 881 unanimi
894 839 1058 882 consensu
1076 819 1204 892 docent,
1221 820 1423 886 sanctitatem
1440 834 1473 887 et
1488 823 1544 888 im·

348 924 573 990 mortalitatem
596 939 689 1011 atque
713 926 851 1011 reliquas
872 927 1024 1001 virtutes,
1048 948 1089 991 ex
1110 926 1159 990 his
1181 927 1355 1003 derivatas,
1375 930 1476 997 luisse
1492 955 1544 998 su-

347 1036 587 1119 pernaturalem
612 1057 707 1121 quum
718 1035 877 1121 justitiam
895 1036 1083 1123 originalem
1106 1036 1241 1122 gloriam
1259 1059 1332 1102 esso
1350 1038 1469 1115 dicant,
1486 1064 1547 1128 qua

346 1164 486 1229 superne
503 1146 621 1211 donata
636 1158 884 1231 protoparentes
900 1145 1007 1211 vestiti
1025 1158 1126 1220 eraut,
1143 1159 1176 1210 ut
1193 1146 1545 1231 Chrysostomus¹);

346 1252 505 1337 perillam
522 1267 716 1329 creaturam,
733 1277 813 1340 quac
830 1269 944 1321 natura
960 1268 1011 1320 est
1028 1276 1126 1340 parva
1142 1268 1174 1321 et
1190 1256 1324 1340 abjecta,
1342 1258 1482 1325 bonitate
1500 1260 1544 1326 ti-

347 1361 416 1427 rina
433 1362 612 1429 mirabilem
637 1385 711 1429 esse
728 1362 875 1429 effectam
893 1363 1062 1438 affirment,
1080 1377 1112 1429 et
1128 1386 1145 1428 a
1161 1364 1256 1439 Filio,
1273 1367 1344 1430 luce
1367 1388 1456 1442 vera,
1477 1369 1544 1433 illu·

347 1470 496 1537 minatam
511 1486 543 1538 et
559 1476 599 1538 ad
615 1496 669 1540 res
686 1476 946 1560 supernaturales
968 1486 1127 1549 evectam,
1145 1486 1179 1538 ut
1196 1474 1367 1559 Cyrillus
1385 1478 1489 1543 Alex.
1500 1479 1544 1559 ²);

346 1581 427 1647 illam
450 1582 686 1657 indumentum,
703 1585 789 1668 quod
812 1605 853 1649 ex
874 1604 933 1647 sua
957 1596 1070 1648 natura
1092 1595 1143 1647 est
1165 1582 1280 1669 aliquid
1302 1584 1468 1663 accidens,
1491 1589 1544 1652 ad·

346 1692 475 1775 pellent,
493 1705 526 1756 ut
542 1692 823 1773 Ambrosius³);
848 1693 1076 1758 beatitudinem
1098 1705 1130 1756 et
1152 1692 1304 1780 gratiam,
1330 1695 1368 1758 de
1385 1716 1445 1781 qua
1461 1697 1544 1761 Ada-

346 1820 414 1864 mus
433 1800 605 1876 deciderit,
626 1815 759 1877 vocent,
779 1803 943 1867 utiterum
962 1802 1244 1883 Ambrosius*);
1279 1816 1372 1888 atque
1404 1804 1542 1891 gratiam

346 1930 446 1974 sensu
462 1909 671 1997 strictissimo
690 1925 856 1997 acceptam
872 1933 946 1978 esse
964 1913 1105 1985 tradant,
1127 1924 1161 1975 ut
1177 1912 1466 1999 Augustinus⁶).
1485 1914 1545 1993 Qui

344 2018 490 2103 insuper,
515 2021 553 2084 de
576 2019 679 2104 primo
702 2020 847 2095 bomine,
865 2023 949 2106 quod
966 2021 1005 2084 ad
1023 2042 1141 2104 corpus
1160 2019 1287 2095 attinet,
1312 2020 1370 2085 ait:
1387 2024 1546 2087 Mortalis

344 2149 421 2208 erqo
440 2142 516 2192 erat
531 2134 762 2194 conditione
789 2136 973 2209 eorporis
996 2136 1209 2211 animalis,
1227 2134 1423 2195 immortalis
1439 2143 1545 2217 autem

345 2242 546 2312 beneficio
567 2239 853 2317 Conditorist).
878 2241 981 2323 Atque
998 2238 1131 2303 iterum:
1151 2240 1193 2303 Si
1207 2242 1299 2302 Deus
1315 2243 1545 2306 Israititarum

344 2350 541 2409 vestimentis
556 2359 589 2409 et
603 2353 827 2411 calceamentis
836 2353 1014 2429 praestitit,
1027 2356 1114 2427 qaod
1125 2370 1185 2428 per
1202 2360 1249 2411 tot
1264 2370 1370 2412 annos
1386 2371 1454 2413 non
1469 2362 1546 2413 sant

345 2460 484 2535 obtrita,
509 2462 589 2533 auid
603 2462 739 2537 miram,
758 2462 788 2520 si
804 2462 963 2521 obedienti
980 2461 1104 2520 bomini
1120 2462 1260 2537 quadem
1279 2464 1424 2536 potentia
1441 2480 1543 2539 prae·

343 2574 501 2644 staretur,
521 2576 557 2627 nt
580 2570 755 2627 animate
781 2587 824 2627 aa
846 2573 1017 2629 mortale
1033 2570 1180 2628 babens
1201 2586 1362 2646 corpas,
1379 2570 1546 2631 traderet

390 2808 392 2814 .
455 2763 481 2844 ¹)
500 2766 588 2826 Hom.
608 2769 656 2828 15.
675 2766 709 2826 in
726 2766 800 2828 Gen.
818 2787 848 2827 n.
866 2771 895 2828 4.
916 2766 997 2849 Opp.
1011 2721 1053 2830 T.
1072 2764 1102 2829 4.
1120 2788 1150 2848 p.
1166 2764 1239 2830 120.
1258 2768 1377 2840 Gloria,
1394 2789 1471 2846 qaae
1486 2788 1540 2830 sa-

342 2875 456 2934 perne
470 2864 633 2928 venerat,
651 2858 922 2939 (Adamasetttva)
942 2858 1078 2919 vestiti
1093 2866 1206 2919 erant.
1220 2857 1299 2945 Δ)
1308 2863 1348 2919 In
1364 2861 1456 2926 Joan.
1473 2862 1492 2922 7.
1511 2864 1538 2922 1.

342 2966 365 3008 c.
383 2949 433 3007 19.
453 2945 535 3028 Opp.
552 2949 590 3010 T.
607 2946 640 3013 4.
657 2971 686 3028 p.
705 2946 757 3010 75.
776 2950 927 3011 Orestara
943 2957 1041 3010 antem
1052 2944 1291 3025 participatione
1308 2971 1375 3011 cnm
1391 2953 1455 3011 lace
1470 2951 1540 3011 illa-

340 3037 484 3112 minatar,
502 3038 660 3099 etidcirco
676 3042 730 3102 tus
746 3040 861 3100 dicitur
875 3048 903 3100 et
917 3048 970 3114 est,
993 3044 1034 3101 ad
1049 3060 1097 3101 res
1120 3044 1441 3116 supernaturales
1468 3062 1540 3102 eae.-

340 3135 413 3199 eta,
434 3128 637 3205 pionflcantis
652 3133 720 3205 Dei,
743 3139 772 3191 et
785 3132 882 3192 variis
899 3132 1000 3208 ipsarn
1017 3131 1190 3192 coronantis
1213 3132 1381 3193 bonoribus
1406 3132 1539 3208 pratili.

340 3254 383 3264 -
399 3220 492 3278 Facit
512 3220 741 3282 misericordias
767 3223 931 3297 Dominus,
956 3223 1009 3299 qai
1025 3242 1073 3282 res
1087 3242 1233 3298 parvas
1250 3230 1337 3299 atqne
1355 3225 1537 3302 abjectas,

340 3309 370 3368 si
383 3317 546 3370 naturae
563 3313 707 3390 cajasqne
728 3320 921 3388 spectetur
942 3313 1058 3384 ratio,
1081 3332 1209 3389 rnapnas
1231 3319 1320 3389 atque
1339 3312 1538 3394 mirabiles

342 3399 436 3480 efficit
449 3420 516 3460 sna
533 3421 604 3479 erpa
619 3403 706 3478 ipsas
722 3403 939 3483 bonitate).
949 3407 1047 3463 —De
1056 3403 1129 3463 Elia
1138 3404 1287 3482 etjejanio
1296 3424 1319 3465 c.
1331 3407 1360 3466 4.
1371 3424 1401 3465 n.
1414 3406 1442 3466 9.
1457 3402 1537 3484 Opp.

342 3490 381 3551 T.
392 3492 421 3557 1.
433 3512 459 3556 c.
467 3488 533 3554 538
543 3514 567 3554 s.
586 3494 715 3568 Opertae
731 3501 797 3554 erat
810 3497 909 3555 Adam
923 3495 1070 3554 virtatem
1084 3493 1237 3564 velamine,
1251 3493 1436 3570 prinsquam
1447 3513 1537 3569 prae-

339 3586 542 3654 varicaretur,
565 3587 619 3644 sed
639 3596 793 3662 tamquam
816 3593 924 3647 enatus
941 3585 1231 3661 praevaricatione,
1244 3585 1323 3645 uidit
1347 3605 1379 3644 se
1401 3604 1464 3645 esse
1483 3605 1537 3662 na·

344 3673 429 3747 dam;
446 3674 520 3750 qaia
535 3674 802 3748 indumentum,
820 3680 900 3754 quod
916 3679 1049 3748 babebat,
1061 3677 1214 3739 amiserat.
1224 3680 1303 3756 -⁴)
1320 3679 1367 3736 De
1375 3676 1537 3752 paradiso.

345 3779 373 3822 c.
386 3767 431 3827 14.
448 3785 479 3827 n.
498 3769 546 3840 70.
564 3765 644 3847 Opp.
662 3769 700 3830 T.
715 3765 743 3829 l.
761 3789 786 3830 c.
804 3765 878 3833 177.
897 3767 955 3828 Ubi
973 3770 1028 3828 ait:
1049 3767 1132 3838 Quid
1148 3775 1192 3828 est
1206 3787 1285 3845 erpa,
1302 3769 1401 3828 Adarn
1415 3767 1469 3827 nbi
1485 3766 1537 3827 esi

349 3851 385 3910 ta
397 3861 453 3930 est,
470 3876 531 3916 non
552 3857 586 3917 in
609 3878 682 3934 qno,
710 3862 763 3919 sed
784 3858 818 3918 in
833 3857 942 3935 quibas
960 3859 1011 3918 es?
1026 3861 1097 3918 Non
1114 3878 1183 3935 erpo
1198 3858 1397 3935 interrogatio
1414 3865 1465 3933 est,
1483 3859 1537 3917 sed

349 3938 521 4022 intrepido,
546 3949 721 4024 dequibus,
738 3950 854 4026 inquit,
871 3950 973 4021 bonis,
997 3952 1032 4010 de
1055 3970 1116 4026 qua
1131 3949 1382 4020 beatitudine,
1407 3952 1443 4009 de
1467 3961 1537 4024 'qna

350 4037 463 4104 statie
477 4038 513 4097 in
528 4059 618 4115 qaam
632 4040 791 4102 iniseriam
806 4040 967 4101 recidisti?
983 4041 1029 4101 (if.
1046 4044 1088 4100 In
1102 4042 1176 4100 Dae.
1194 4043 1214 4104 7.
1233 4045 1260 4102 7.
1278 4061 1302 4102 a.
1314 4044 1361 4102 73.
1375 4061 1400 4100 c.
1414 4036 1499 4103 1427
1511 4061 1534 4103 t.

351 4121 390 4182 De
402 4131 493 4189 Isaac
508 4138 537 4191 et
550 4131 662 4202 anima,
680 4152 705 4191 c.
723 4135 752 4196 5.
769 4153 799 4192 n.
816 4135 866 4192 43.
884 4151 909 4192 e.
928 4129 993 4196 368
1011 4152 1089 4193 s.-
1101 4133 1127 4212 ⁶)
1144 4133 1192 4190 De
1208 4131 1265 4192 aia.
1281 4133 1323 4194 D.
1340 4132 1427 4202 7.,14.
1444 4151 1468 4194 a.
1485 4134 1534 4193 17.

352 4205 421 4296 Opp.
438 4221 475 4281 T.
495 4219 524 4283 7.
547 4243 575 4286 c.
592 4220 668 4285 369.
695 4223 765 4293 Qaa
784 4223 914 4299 pratia
934 4229 1062 4293 remota,
1084 4227 1119 4281 at
1136 4225 1234 4300 poena
1256 4221 1413 4297 reciproci
1436 4221 1534 4282 inobe-

352 4299 452 4369 tisana
467 4314 660 4387 plecteretur,
684 4313 799 4374 exstitit
814 4313 848 4373 in
863 4321 945 4373 rnota
961 4316 1109 4390 quaedam
1131 4312 1290 4389 irnpadens
1305 4312 1440 4388 novitas,
1456 4315 1535 4372 ande

346 4404 416 4480 'ditet
434 4402 574 4464 indecens
594 4405 719 4465 nuditas
724 4425 736 4477 ,·
761 4412 789 4464 et
800 4405 882 4484 fecit
896 4411 1031 4476 attentos,
1057 4403 1248 4479 reddiditque
1279 4403 1433 4481 confusos.
1468 4401 1531 4462 Sub

348 4492 642 4574 tratiaAugustinum
653 4495 981 4575 donasnpernaturalia
992 4495 1172 4574 intelligere,
1190 4496 1228 4554 ab
1247 4496 1384 4555 omnibus
1401 4503 1448 4554 est
1463 4513 1533 4553 con·

347 4583 463 4666 eorisum,
480 4598 512 4645 et
524 4586 589 4665 jam
606 4588 836 4648 luculentissime
853 4608 891 4647 ex
906 4588 942 4646 iis
964 4587 1125 4665 colligitur,
1142 4607 1219 4666 quae
1235 4587 1324 4665 paulo
1342 4596 1413 4645 ante
1431 4586 1533 4665 (7.12.

347 4673 366 4721 ⁰·
381 4671 409 4737 9.
425 4694 452 4738 c.
469 4673 534 4740 307
552 4677 592 4756 s.)
619 4678 657 4738 de
676 4679 805 4758 Angelis
827 4677 931 4749 habet,
957 4699 1082 4760 quorum
1100 4686 1130 4736 et
1145 4678 1300 4737 hominum
1323 4675 1449 4737 eandem
1466 4695 1533 4737 esse
1607 4715 1609 4720 -

345 4761 479 4833 rati<tuem
502 4767 590 4830 docet
621 4771 682 4849 (De
697 4777 824 4845 corrept.
842 4777 870 4829 et
881 4776 961 4846 prat.
983 4789 1007 4830 c.
1025 4772 1073 4831 10.
1092 4770 1142 4832 ll.
1164 4768 1202 4831 T.
1222 4764 1274 4830 10.
1293 4789 1318 4829 e.
1336 4763 1403 4828 764
1419 4767 1468 4848 a).
1489 4800 1530 4813 -

347 4831 685 4930 insatietatis.
702 4863 721 4922 t.
740 4862 767 4923 a.
786 4881 811 4924 a.
823 4863 878 4935 aa
895 4881 925 4924 a.
942 4862 993 4925 ss.
1013 4861 1051 4923 r.
1069 4856 1101 4923 3.
1118 4859 1155 4920 P.
1174 4857 1203 4924 1.
1221 4879 1247 4920 ο.
1264 4855 1341 4922 210.

1296 4963 1314 5032 t
