3775 5625
1529 424 1572 501 dl

368 618 487 662 versus
508 600 661 679 spiritum,
688 610 720 661 et
750 601 879 678 spiritus
897 600 1048 661 adversus
1059 620 1185 663 carnem
1194 624 1204 674 3
1222 620 1275 662 res
1292 610 1441 663 externae
1458 614 1571 674 autem,

369 712 529 788 primitivo
546 712 653 770 ordine
670 712 802 781 sublato,
826 730 897 787 spes
922 722 1047 771 nostras
1070 730 1163 789 saepe
1187 713 1306 781 fallunt,
1322 716 1373 772 vel
1390 714 1481 773 etiam
1500 733 1572 774 con·

371 822 452 879 siliis
475 822 593 879 uostris
618 822 736 880 directe
758 822 948 890 obnituntur,
972 831 1003 880 et
1025 821 1164 880 homines
1187 823 1262 900 ipsi,
1285 824 1337 900 qui
1360 825 1420 882 sibi
1439 824 1572 884 invicem

370 930 485 989 auxilio
503 940 535 988 et
551 931 662 988 solatio
686 948 756 987 esse
774 930 933 999 deberent,
957 940 1056 989 semet
1074 942 1178 990 mutuo
1204 932 1349 1009 affligunt
1366 942 1397 991 et
1413 933 1573 995 infestant.

483 1041 570 1098 Deos
586 1058 662 1097 vero
679 1058 739 1097 non
755 1038 864 1112 rejecit
887 1038 1050 1118 homiuem,
1074 1039 1326 1115 quemadmodum
1347 1052 1573 1116 promeruerat,

373 1150 429 1207 sed
450 1149 595 1207 misereri
618 1149 684 1223 ejus
706 1148 814 1217 voluit,
836 1149 867 1206 in
889 1149 957 1225 ipso
979 1151 1067 1224 lapsu
1083 1149 1129 1206 illi
1144 1150 1229 1207 velut
1250 1168 1371 1208 manum
1388 1169 1573 1228 supponens,

372 1276 411 1315 ne
429 1260 552 1335 penitus
571 1259 780 1320 collideretur.
810 1257 1006 1334 Quapropter
1028 1276 1119 1334 quum
1142 1258 1265 1317 advenit
1286 1260 1441 1335 plenitudo
1459 1270 1574 1336 tempo·

372 1368 431 1440 ris,
447 1367 541 1437 misit,
558 1368 604 1426 uti
614 1368 679 1441 jam
695 1367 967 1443 protoparentibus
984 1368 1181 1444 promiserat,
1207 1377 1238 1426 et
1258 1368 1366 1427 deinde
1387 1368 1500 1427 iterum
1518 1370 1575 1428 ite·

373 1495 505 1553 rumque
521 1478 631 1553 populo
648 1476 823 1535 Israelitico
840 1495 895 1552 per
911 1477 1096 1553 Prophetas,
1119 1475 1245 1536 nectem
1271 1494 1366 1536 snum
1384 1478 1511 1549 sactum
1532 1496 1576 1538 ea>

373 1589 512 1646 muliere
522 1584 555 1665 ¹),
574 1587 623 1663 qui
640 1586 726 1644 nobis
744 1603 804 1643 non
822 1595 939 1645 tantum
958 1588 1124 1646 coelestem
1146 1587 1318 1645 doctrinam
1335 1587 1448 1656 attulit,
1470 1588 1524 1646 sed
1546 1597 1577 1646 et

374 1714 431 1772 per
449 1696 685 1754 acerbissimam
703 1714 738 1753 ac
755 1694 1084 1772 ignominiosissimam
1098 1706 1228 1754 mortem
1246 1715 1332 1754 suam
1350 1697 1471 1756 divinae
1483 1697 1576 1770 justi·

375 1806 438 1864 tiae
456 1806 621 1877 satisfecit,
643 1806 686 1863 ita
707 1813 741 1862 ut
766 1805 802 1862 ob
830 1806 896 1879 ejus
914 1807 1025 1865 merita
1046 1825 1101 1881 per
1120 1806 1270 1881 Spiritum
1289 1806 1324 1866 S.
1342 1806 1528 1865 sanctificati
1546 1815 1577 1863 et

376 1914 485 1988 adjuti,
513 1924 604 1991 atque
628 1917 666 1974 ab
691 1918 758 1992 ipso
777 1916 937 1992 aliquando
955 1935 1074 1993 quoque
1092 1934 1224 1991 corpore
1241 1916 1271 1973 in
1288 1916 1382 1974 vitam
1399 1916 1577 1985 revocandi,

376 2041 613 2098 recuperemus,
631 2026 709 2101 quod
726 2026 757 2083 in
774 2027 889 2084 Adamo
907 2025 1106 2100 perdidimus.

486 2128 577 2192 Unde
606 2130 720 2193 merito
747 2151 766 2194 a
788 2130 966 2217 Theologis
992 2130 1111 2214 triplex
1132 2142 1235 2194 status
1262 2128 1350 2204 viae,
1378 2151 1436 2194 seu
1462 2129 1579 2216 triplex

378 2236 520 2301 conditio
542 2238 593 2302 vel
613 2240 729 2303 modus
752 2261 788 2303 se
811 2238 949 2303 habendi
964 2251 1097 2302 naturae
1119 2238 1275 2303 humanae
1296 2251 1449 2322 respectu
1470 2239 1578 2303 habito

379 2345 534 2409 adfinem
551 2367 644 2410 suum
656 2347 800 2412 ultimum
813 2346 1030 2434 distinguitur,
1047 2346 1381 2432 statusjustitiae
1399 2348 1577 2435 origina-

377 2455 441 2529 lis,
462 2457 530 2530 vel,
552 2468 587 2519 ut
610 2457 822 2521 communiter
847 2456 979 2532 dicitur,
1007 2470 1137 2521 status
1159 2469 1323 2521 naturae
1346 2456 1578 2522 innocentis

377 2586 449 2629 seu
465 2566 668 2641 elevatae,
689 2589 789 2653 porro
814 2580 942 2631 status
966 2580 1132 2631 naturae
1154 2569 1307 2653 lapsae,
1329 2579 1422 2652 atque
1447 2580 1578 2632 status

372 2687 549 2739 naturae
569 2690 791 2762 reparatae.
824 2682 961 2742 Status
987 2690 1153 2743 naturae
1181 2677 1411 2742 innocentis
1439 2689 1490 2741 est
1516 2676 1578 2750 ille,

372 2784 407 2848 in
431 2805 497 2870 quo
520 2783 578 2848 fuit
596 2785 695 2850 homo
718 2798 791 2851 ante
813 2800 981 2873 peccatum
1004 2786 1222 2851 commissum.
1259 2789 1393 2851 Status
1415 2798 1578 2850 naturae

365 2897 530 2980 lapsae,
558 2895 590 2958 in
614 2918 676 2980 quo
699 2908 750 2961 cst
772 2910 848 2983 post
868 2898 956 2962 Adae
978 2910 1149 2982 peccatum
1176 2918 1233 2981 per
1255 2895 1417 2961 Christum
1440 2897 1579 2959 nondum

363 3005 563 3077 redemtum
592 3017 686 3091 atque
709 3019 842 3070 status
864 3018 1030 3071 naturae
1052 3019 1284 3092 reparatae,
1308 3005 1340 3069 iu
1363 3027 1425 3090 quo
1449 3017 1500 3070 est
1520 3026 1580 3090 per

357 3111 496 3176 merita
512 3111 632 3177 Christi
648 3113 877 3179 sanctificatus.

487 3222 541 3284 Ex
566 3223 627 3286 hac
654 3236 761 3288 autem
789 3223 907 3309 triplici
935 3235 1039 3287 status
1063 3236 1195 3287 naturae
1218 3234 1350 3287 nostrae
1374 3222 1578 3286 distinctione

347 3343 496 3416 sponte
518 3352 577 3395 sua
598 3333 806 3419 consequitur
829 3332 985 3397 sectionis
1007 3333 1101 3417 hujus
1125 3333 1157 3395 in
1179 3333 1242 3396 tria
1264 3332 1369 3417 capita
1392 3331 1522 3405 divisio,
1548 3331 1580 3394 in

347 3461 517 3525 quorum

493 3549 522 3612 1.
539 3548 709 3614 disseritur
732 3552 775 3616 de
799 3563 905 3616 statu
928 3562 1094 3614 naturae
1115 3548 1349 3614 innocentis
1367 3570 1424 3613 seu
1449 3550 1580 3613 eleva·

335 3664 458 3733 tae,
474 3656 496 3721 i.
514 3679 541 3722 e.
560 3660 705 3734 elatae3
728 3661 760 3724 in

490 3765 522 3829 2.
540 3767 584 3830 de
602 3779 709 3832 statu
725 3781 891 3834 naturae
908 3771 1060 3854 lapsae3
1082 3783 1176 3856 atque
1192 3767 1225 3832 in

490 3875 522 3939 3.
540 3875 584 3939 de
602 3890 711 3941 statu
728 3891 896 3944 staturae
912 3901 982 3964 per
1000 3879 1204 3945 Christum
1219 3891 1444 3962 reparatae,

335 4063 340 4067 -
489 3990 619 4052 Adnot.
649 3991 908 4065 Quemadmodum
930 3993 1047 4068 triplcx
1071 4003 1171 4052 status
1193 4001 1321 4050 naturae
1344 3993 1510 4061 humanae,
1532 3991 1583 4068 qui

338 4095 420 4155 de
436 4099 518 4158 iacto
540 4098 598 4157 fuit
622 4108 653 4157 et
670 4099 768 4159 adhuc
790 4112 932 4177 exparte
951 4102 1085 4174 exsistit,
1097 4099 1310 4177 distinguitur,
1327 4101 1371 4159 ita
1388 4100 1502 4176 triplex
1519 4109 1583 4158 sta·

340 4211 434 4264 tuus
448 4217 578 4266 naturae
596 4217 733 4290 nostrae,
752 4211 803 4287 qui
821 4229 970 4289 nusquam
987 4211 1055 4280 tuit,
1073 4211 1127 4269 sed
1144 4210 1266 4270 videtur
1282 4210 1450 4288 possibilis,
1466 4208 1583 4268 discer-

347 4315 476 4379 nitur.
500 4317 625 4376 Primus
643 4328 691 4376 est
708 4329 866 4379 naturae
891 4339 1008 4397 purae
1035 4319 1103 4397 (bct
1126 4318 1236 4396 tritten,
1262 4321 1374 4381 aetiten
1399 4316 1529 4395 notar),
1554 4318 1584 4375 in

358 4442 446 4500 quo
458 4427 546 4485 homo
564 4428 678 4488 luisset
694 4432 761 4489 sine
782 4441 911 4507 peccato
933 4441 964 4490 et
981 4430 1095 4508 gratia,
1113 4430 1262 4487 obnoxius
1287 4439 1388 4487 tamen
1411 4428 1519 4486 iisdem
1537 4427 1582 4484 in·

371 4537 589 4613 firmitatibus,
607 4542 716 4617 quibus
734 4559 814 4600 nunc
832 4541 994 4619 premitur.
1025 4539 1188 4598 Secundus
1210 4548 1371 4598 naturae
1393 4540 1585 4616 integrae,

381 4648 425 4704 in
441 4664 492 4722 quo
506 4650 596 4707 homo
618 4661 704 4709 esset
727 4653 793 4709 sine
810 4661 940 4727 peccato
966 4660 997 4709 et
1013 4649 1128 4729 gratia,
1145 4650 1256 4706 saltem
1272 4648 1421 4707 habituali
1438 4666 1494 4705 seu
1512 4665 1583 4705 san·

400 4796 606 4814 ’Ἣ

500 4866 525 4940 'l
544 4869 613 4930 Gal.
635 4865 667 4944 4,
686 4864 717 4931 4.
