3775 5625
1418 444 1484 512 233
1598 434 1603 444 ’

304 621 459 691 expresse
480 607 636 673 declarat:
670 608 783 672 Omnis
802 615 955 690 spiritns,
979 615 1035 689 nni
1051 615 1234 691 confitetur,
1252 613 1366 674 lesum
1386 612 1488 674 Chri·

304 725 388 781 stasnr
408 723 448 783 in
469 739 584 781 earne
606 725 748 799 uertisse,
771 741 814 780 en.-
830 724 899 783 Deo
916 732 980 782 est:
1001 733 1032 784 et
1049 726 1151 783 omnis
1166 725 1315 800 spiritns,
1333 727 1390 800 qui
1406 743 1446 784 so
1457 729 1488 783 t·

301 828 501 908 sitierunt,
519 848 563 888 en
580 830 649 890 Deo
666 850 731 890 non
747 842 807 909 est,
825 843 857 892 et
872 834 924 891 isio
939 842 987 892 est
1003 833 1224 893 Antichristus
1239 832 1272 908 ¹).

409 936 439 1015 β.
462 936 595 1000 Anima
625 938 800 1011 humana,
832 938 982 1002 limitibus
1015 938 1267 1022 circumscripta.
1292 938 1490 1004 Praedicilur

244 1043 248 1050 ’
297 1040 387 1111 enim
403 1046 442 1108 de
459 1044 603 1117 Christo,
620 1053 840 1126 requieturum
858 1069 956 1126 super
971 1070 1042 1110 eum
1059 1054 1209 1127 spiritum
1225 1052 1369 1130 Domini,
1388 1055 1489 1128 spiri-

293 1169 373 1221 tum
386 1160 515 1217 consilii
530 1156 570 1232 ³),
593 1168 685 1240 atque
707 1158 921 1239 Apostolus
943 1157 1052 1229 tradit,
1070 1163 1190 1237 inipso
1207 1180 1276 1221 esse
1293 1179 1400 1220 omnes
1416 1162 1489 1221 rtie-

291 1283 421 1327 sauros
436 1270 616 1343 sapientiae
630 1278 662 1329 et
676 1270 831 1329 scientiae
852 1272 1055 1329 absconditos
1068 1271 1111 1344 ³),
1135 1288 1214 1352 quae
1231 1257 1433 1330 solummodo
1451 1269 1491 1332 de

290 1385 408 1437 mente
430 1372 461 1435 in
486 1373 614 1437 Christo
635 1376 770 1438 humana
793 1374 925 1462 intelligi
942 1388 1095 1459 possunt:
1118 1389 1209 1461 atque
1227 1377 1377 1448 docetur,
1394 1375 1490 1448 illum,

286 1494 399 1568 prout
414 1494 517 1546 aetate
533 1494 565 1545 et
580 1483 684 1569 gratia
700 1485 781 1567 apud
799 1485 900 1547 Deum
917 1496 949 1547 et
963 1482 1120 1557 homines,
1137 1483 1181 1547 ita
1197 1497 1228 1547 et
1245 1482 1400 1568 sapientia
1415 1506 1489 1568 pro·

285 1590 421 1657 secisse
435 1590 479 1665 ⁴),
495 1612 534 1656 ae
549 1592 587 1655 de
605 1592 655 1655 dio
672 1613 710 1656 ae
726 1593 806 1656 hora
821 1594 951 1656 alterins
968 1595 1016 1656 sui
1034 1594 1188 1656 adventus
1205 1592 1331 1658 nescire
1345 1597 1389 1669 ⁵),
1410 1614 1490 1677 quae

283 1700 422 1783 pariter
453 1699 581 1764 nonnisi
612 1702 650 1763 de
681 1701 840 1764 intellectu
873 1701 963 1765 linito
996 1701 1173 1786 praedicari
1204 1714 1349 1787 possunt.
1389 1701 1491 1765 Simili

282 1812 400 1873 modo
431 1812 511 1874 Jesu
543 1810 671 1874 Christo
704 1811 850 1873 volumtas
883 1810 982 1874 aliua
1009 1812 1168 1874 voluntate
1199 1810 1318 1884 Patris,
1340 1823 1491 1896 quaeest

282 1918 413 1981 eadem
434 1918 465 1981 in
487 1917 634 1983 omnihus
652 1919 751 1982 tribus
769 1920 933 2002 personis,
957 1919 1119 1993 tribuitur,
1136 1941 1276 2005 quaeque
1293 1942 1352 2005 pro
1369 1941 1427 1984 sua
1443 1919 1489 1984 in·

281 2025 367 2089 dole
398 2028 492 2092 etiam
513 2027 610 2101 alind,
633 2048 725 2112 quam
747 2029 894 2092 vtrluntas
916 2028 1021 2092 diuina
1044 2041 1194 2113 appetere
1216 2029 1330 2113 possit.
1355 2029 1388 2092 ld
1406 2030 1490 2093 olare

281 2132 401 2201 edicit
428 2136 623 2210 Christus,
646 2136 677 2200 in
698 2139 793 2201 horto
826 2158 939 2201 orans:
978 2140 1081 2201 Pater
1116 2145 1173 2219 mi,
1198 2145 1226 2200 si
1244 2144 1398 2218 possibile
1429 2152 1488 2219 est,

282 2253 489 2311 transeatis
508 2270 558 2310 nse
579 2254 671 2312 eatis
692 2254 762 2311 iste.
796 2252 1019 2310 Verumtamen
1039 2270 1106 2310 non
1122 2254 1208 2311 sieut
1220 2271 1286 2328 eqo
1310 2256 1418 2328 uoto,
1437 2256 1494 2309 sed

281 2354 389 2419 sinan
406 2363 494 2436 in⁶).
517 2359 589 2431 Vel,
612 2370 645 2421 ut
660 2358 756 2421 habet
772 2358 891 2421 Lucas:
913 2359 1002 2419 Non
1023 2380 1102 2419 ntea
1125 2362 1324 2431 noluntas,
1348 2366 1403 2420 sed
1426 2369 1491 2420 tua

279 2460 384 2533 fiat
401 2470 435 2547 ⁷).
460 2468 548 2531 Unde
570 2480 603 2531 et
624 2488 721 2551 porro
745 2466 892 2531 Clnistns
913 2465 1042 2530 tristitia
1058 2466 1194 2530 allicitur
1209 2466 1249 2539 Β),
1278 2466 1395 2552 gaudio
1420 2486 1489 2549 per·
1545 2524 1549 2533 ,

263 2603 266 2607 ⁴
283 2564 445 2638 funditur
460 2581 502 2654 ⁹),
523 2574 683 2640 desiderio
707 2588 831 2639 tenetur
843 2582 900 2654 ¹⁰),
922 2598 960 2641 ae
976 2576 1023 2639 ira
1044 2588 1189 2639 movetur
1208 2577 1256 2653 ¹¹).
1280 2577 1396 2639 Paulus
1412 2596 1491 2638 vero

284 2672 416 2757 uoces,
440 2707 498 2749 nos
521 2708 584 2748 non
605 2686 723 2749 hahere
745 2685 947 2759 Pontificem,
968 2692 1024 2765 pui
1039 2691 1224 2763 non'posrit
1242 2691 1380 2764 compati
1396 2687 1492 2760 infir·

283 2789 469 2858 mitatidus
499 2801 639 2858 nostris:
671 2807 826 2859 tentatum
856 2808 962 2859 antem
984 2819 1043 2874 per
1066 2801 1173 2858 omnin
1201 2817 1262 2874 pro
1285 2798 1494 2857 similitudine

284 2897 424 2976 “mque
442 2918 585 2985 perroto,
610 2904 630 2968 i.
647 2927 674 2968 e.
692 2926 786 2969 omno
808 2925 911 2990 genus
935 2906 1089 2968 malorum
1111 2916 1294 2987 expertum,
1317 2902 1400 2997 sieut
1421 2890 1492 2974 nos,

284 3019 438 3081 peccam
455 3027 560 3078 tannen
578 3025 714 3098 excepto
731 3016 779 3092 ¹²).
804 3016 946 3078 Petrus
965 3012 1072 3086 tradit,
1090 3011 1252 3077 Christum
1269 3011 1417 3095 patiendo
1436 3032 1491 3073 no-

284 3105 340 3172 his
370 3121 543 3207 reliquisse
565 3124 761 3207 exemplum,
784 3135 817 3186 ut
839 3143 1010 3207 sequanum
1033 3121 1170 3208 vestigia
1192 3122 1278 3205 ejus,
1303 3133 1412 3204 utpote
1429 3118 1492 3205 qui,

282 3211 374 3304 lieet
394 3231 690 3304 innocentissimus,
714 3231 913 3296 inimieorum
936 3230 1088 3305 convitia,
1112 3215 1241 3293 dolores
1263 3227 1492 3293 acerbissimos

282 3340 329 3385 ⁸⁰
345 3333 473 3414 judicis
495 3338 678 3424 injustitiam
703 3339 933 3424 patientissimo
958 3339 1126 3417 tulerit¹³).
1160 3338 1301 3401 Tandem
1322 3339 1491 3423 Evange-

278 3427 394 3512 lissla
416 3449 536 3513 diserte
553 3449 666 3522 refert,
682 3451 793 3513 desum
811 3456 845 3511 in
862 3471 970 3530 eruce,
995 3471 1065 3512 cum
1083 3446 1262 3531 accepisset
1278 3459 1418 3520 acetum,
1437 3453 1491 3509 in-

275 3544 425 3622 elium
442 3564 557 3637 eapite,
568 3564 741 3620 traditorie
757 3564 941 3637 spiritum
952 3562 1010 3635 14);
1028 3558 1087 3620 sub
1104 3575 1165 3641 quo
1183 3554 1311 3618 normisi
1328 3555 1430 3618 anima
1446 3553 1491 3616 in·

272 3648 402 3762 ‘telligi
419 3679 540 3750 potest,
567 3666 639 3751 quia
655 3666 816 3741 divinitas,
833 3680 866 3731 ut
882 3667 1033 3740 eitimam,
1049 3665 1093 3729 ito
1109 3678 1141 3728 et
1157 3686 1276 3748 corpus
1293 3663 1412 3737 triduo,
1430 3685 1492 3748 quo

269 3769 315 3814 ¹¹¹
350 3777 522 3860 sepulchro
534 3777 677 3860 jacebat,
695 3797 757 3840 non
775 3776 958 3861 dereliquit,
974 3796 1077 3860 neque
1094 3772 1313 3858 derelinquere
1331 3773 1492 3856 potuit¹⁶).

267 3873 586 3918 χ...-

411 3957 437 4042 ¹)
456 3960 483 4021 1.
501 3960 593 4020 Josn.
611 3956 641 4031 4,
659 3958 689 4022 2.
707 3959 736 4023 3.
756 3961 799 4021 Gt.
817 3961 848 4025 2.
865 3961 959 4024 Joan.
978 3957 1006 4021 7.
1024 3959 1133 4020 Matth.
1151 3955 1209 4032 26,
1226 3955 1280 4020 28.
1298 3955 1350 4037 27,
1368 3955 1420 4018 29.
1439 3956 1493 4019 30.

263 4019 380 4110 Lus.
395 4049 449 4123 24,
466 4050 519 4114 39.
536 4049 589 4113 40,
607 4049 660 4123 22,
676 4049 729 4116 41.
748 4051 777 4125 Ἰ,
794 4050 846 4114 38.
864 4049 1108 4114 44-46.J0an.
1121 4046 1150 4122 6,
1162 4045 1215 4110 51.
1227 4046 1279 4109 54.
1300 4045 1350 4117 19,
1368 4046 1421 4110 30.
1440 4046 1492 4110 33.

261 4107 363 4216 20,
379 4141 427 4204 12.
445 4138 499 4204 21.
517 4139 547 4214 s,
564 4141 594 4203 s.
623 4142 691 4201 Aet.
716 4140 769 4214 2ο,
786 4140 839 4205 22.
861 4145 948 4203 nom.
968 4140 995 4214 1,
1013 4140 1044 4203 3.
1061 4142 1174 4220 Ephes.
1192 4136 1222 4210 2,
1242 4136 1292 4201 14.
1310 4139 1374 4200 ou.
1395 4138 1422 4209 1,
1439 4136 1492 4200 22.

261 4232 342 4264 ’χ
368 4229 392 4314 ²)
407 4235 450 4294 Is.
469 4231 520 4305 11,
537 4231 617 4297 2.-
627 4233 651 4313 ³)
670 4233 736 4298 001.
754 4231 784 4303 2,
800 4233 830 4296 3.
850 4269 891 4278 —-
909 4235 935 4312 ⁴)
951 4235 1026 4294 Luc.
1046 4230 1076 4314 2,
1092 4229 1145 4293 52.
1164 4265 1206 4275 -
1224 4225 1251 4311 ⁵)
1262 4231 1355 4290 Maro.
1370 4227 1420 4303 13,
1438 4227 1492 4291 32.

260 4289 304 4365 ⁶)
349 4318 454 4385 1....
481 4321 537 4394 ns,
562 4322 616 4387 so.
637 4360 676 4369 -
693 4327 718 4398 ’t
736 4326 809 4386 1...
833 4323 891 4394 22,
908 4321 962 4384 44.
981 4359 1022 4368 -
1042 4318 1176 4407 8111...
1194 4318 1228 4390 3,
1250 4316 1280 4381 5.
1312 4318 1493 4390 1211126,

259 4374 342 4454 37
355 4412 448 4476 -38,
465 4417 540 4476 Luc.
560 4413 610 4493 19,
627 4412 680 4475 41.
698 4413 751 4496 22,
767 4411 912 4476 43-44.
931 4414 1023 4474 Joan.
1043 4411 1094 4485 11,
1111 4410 1164 4473 33.
1182 4446 1226 4456 -
1245 4409 1373 4486 9).Ιο11.11.
1385 4408 1493 4483 11,15.

262 4502 344 4536 χ
373 4501 405 4585 ¹⁰)
421 4507 495 4567 Luc.
521 4503 574 4575 22,
593 4502 643 4565 15.
663 4542 703 4550 —
723 4506 763 4584 ¹¹)
782 4507 872 4569 Joan.
895 4504 925 4574 2,
945 4504 986 4567 13
1004 4525 1044 4565 ss.
1065 4505 1158 4563 Maro.
1177 4500 1206 4574 3,
1223 4498 1254 4564 5.
1273 4538 1316 4549 -
1339 4503 1375 4583 ¹²)
1396 4501 1492 4561 Hebr.

263 4554 320 4642 4»
361 4590 405 4657 15.
424 4595 468 4658 os
487 4594 587 4670 211.
606 4633 647 4639 -
668 4596 705 4675 ¹³)
725 4596 752 4658 1.
771 4599 854 4657 Ρ...
872 4596 902 4669 2,
919 4594 1064 4661 21-23.
1081 4631 1125 4640 -
1143 4590 1287 4678 14).1....
1308 4593 1359 4668 111,
1376 4591 1429 4654 30.
1448 4592 1493 4653 or.

265 4651 383 4744 Luc.
399 4685 457 4760 23,
474 4685 527 4750 so.
560 4688 668 4749 naith.
685 4686 744 4768 27,
761 4685 814 4750 50.
847 4688 937 4747 1....
959 4686 1016 4760 11,
1033 4685 1087 4748 ss.
1109 4685 1180 4744 1...
1198 4683 1233 4758 2,
1255 4682 1308 4747 21.
1328 4719 1368 4730 -
1387 4684 1428 4764 ¹⁶)
1447 4683 1493 4744 or.

275 4743 323 4815 Ᾰ
336 4773 481 4839 thanas.
502 4779 587 4839 eone.
605 4778 774 4855 apollinar.
791 4781 811 4838 ι.
828 4782 857 4841 1.
874 4800 904 4838 n.
924 4782 972 4840 rs.
992 4778 1071 4858 opp.
1090 4778 1128 4839 Τ.
1148 4774 1177 4836 1.
1194 4776 1230 4836 Ρ.
1248 4775 1278 4838 2.
1295 4772 1407 4839 eost.
1427 4776 1445 4838 1,
1463 4779 1493 4837 2.

280 4854 330 4918 ¹¹¹-
359 4867 401 4931 id.
417 4890 447 4950 p.
464 4866 540 4935 953.
558 4868 730 4951 Fulgent.
746 4870 797 4930 Ad
815 4869 946 4934 Trosim.
964 4872 983 4931 l.
1001 4873 1029 4931 3.
1049 4889 1072 4935 e.
1091 4870 1139 4937 16.
1157 4865 1237 4949 Opp.
1254 4889 1284 4947 p.
1305 4861 1379 4931 122.
