3775 5625
354 420 420 485 teo
512 397 515 403 ’

463 588 499 649 0.
526 586 668 652 Tandem
689 584 721 648 id
744 582 847 669 ipsum
859 586 927 669 jam
944 604 986 648 ex
1002 583 1108 648 indole
1125 584 1248 672 gratiae
1259 585 1474 670 justificantis
1490 609 1540 651 ne-

353 695 495 761 cessario
517 695 686 783 colligitur.
710 694 837 758 Etenim
852 693 1042 779 justificatio
1064 716 1261 780 nequaquam
1284 709 1335 759 est
1367 695 1454 760 actio
1486 697 1542 762 llei

352 807 505 890 quaedam
520 818 655 879 tantum,
678 824 758 889 quae
780 803 855 867 nihil
875 804 966 888 ponit
980 804 1012 867 in
1029 804 1172 878 homine,
1189 804 1395 869 immutabilis
1413 818 1446 870 et
1462 827 1539 871 sem·

351 914 490 999 piterna,
522 934 624 999 neque
643 912 768 997 justitia
791 912 910 977 Christi
931 914 1133 977 solummodo
1157 912 1219 977 lide
1244 916 1462 998 apprehensum
1488 917 1539 979 sed

351 1036 417 1096 est,
438 1035 472 1086 ut
493 1021 799 1095 demonstravimus,
820 1022 936 1085 donum
961 1023 1117 1107 quoddam
1141 1043 1159 1085 a
1185 1023 1254 1086 Deo
1279 1023 1374 1088 uobis
1395 1023 1538 1099 infusum,

351 1133 435 1217 quod
451 1154 514 1196 mm
532 1144 668 1205 tanturn,
691 1144 723 1195 ut
738 1130 889 1205 vidimuS,
911 1131 1053 1195 imminui
1071 1145 1103 1195 et
1118 1132 1209 1216 perdi
1231 1145 1353 1216 potest,
1371 1135 1431 1197 sed
1449 1147 1496 1208 et,
1510 1147 1537 1197 ut

350 1241 482 1305 iuferius
514 1240 801 1314 demonstrabitur,
833 1240 961 1303 nonnisi
981 1240 1021 1303 iis
1047 1241 1249 1315 conceditur,
1282 1241 1333 1326 qui
1355 1263 1414 1327 per
1437 1264 1536 1307 veram

349 1350 445 1416 fidem
470 1364 502 1415 et
523 1350 681 1415 sinceram
703 1349 932 1433 poenitentiam
956 1371 992 1413 se
1015 1352 1053 1413 ad
1075 1352 1175 1413 Deum
1200 1352 1435 1427 converterint,
1453 1365 1536 1437 atque

349 1461 453 1547 gratia
475 1458 580 1523 divina
600 1480 636 1523 se
658 1459 774 1546 dignos
807 1457 983 1523 effecerint.
1016 1462 1057 1522 At
1080 1480 1174 1522 nemo
1208 1473 1316 1524 certus
1338 1481 1413 1527 esse
1437 1474 1535 1546 potest

351 1568 540 1634 certitudine
557 1568 645 1642 fidei,
669 1590 704 1633 se
722 1590 796 1633 vere
814 1590 852 1632 ac
868 1581 937 1633 toto
956 1570 1054 1632 eorde
1072 1570 1111 1631 ad
1127 1569 1298 1633 Dominum
1315 1593 1391 1635 esse
1409 1593 1532 1636 conver·

349 1700 434 1752 sum,
451 1676 594 1742 etlidem
616 1699 653 1742 ac
669 1677 895 1762 poenitentiam
928 1677 1061 1751 babere,
1095 1678 1195 1762 qualis
1226 1679 1417 1765 requiritur,
1451 1702 1534 1766 quum

348 1798 434 1850 tanta
456 1786 498 1849 sit
518 1797 649 1850 naturae
672 1787 827 1850 humanae
844 1785 1061 1859 imbecillitas,
1078 1798 1113 1849 ut
1129 1787 1167 1849 ad
1184 1787 1360 1870 perfectam
1378 1809 1416 1851 ac
1434 1788 1532 1853 infalli-

348 1895 442 1959 bilem
462 1893 679 1981 cognitionem
701 1894 890 1958 interiorum
913 1907 1099 1959 nostrorum
1121 1917 1281 1980 nunquam
1302 1897 1532 1981 perveniamus

349 2016 381 2068 et
402 2002 476 2067 hinc
498 2003 593 2067 etiam
615 2025 709 2067 nemo
733 2016 841 2067 certus
865 2024 938 2068 esse
962 2016 1071 2088 potest
1092 2003 1280 2069 certitudine
1302 2004 1392 2081 fidei,
1417 2028 1455 2070 se
1472 2028 1532 2072 esse

343 2112 569 2197 justificatum,
591 2111 714 2197 sibique
736 2133 811 2176 esse
833 2111 972 2176 remissa
996 2125 1138 2197 peccata.
1170 2112 1319 2186 Accedit,
1353 2116 1531 2180 sententian

347 2219 602 2289 Lulheranorum
614 2224 682 2306 jam
699 2222 731 2285 in
749 2244 784 2286 se
803 2243 877 2285 esse
893 2221 1048 2287 insulsam
1065 2244 1103 2287 ac
1119 2224 1282 2288 absonam.
1305 2224 1387 2288 Nam
1404 2247 1478 2289 cum
1493 2245 1530 2289 se·

349 2333 486 2397 cundum
519 2333 653 2396 eandem
670 2331 733 2395 fide
749 2330 802 2396 illi
819 2330 907 2396 certi
933 2331 1123 2416 justificatio
1139 2331 1170 2395 in
1187 2331 1314 2396 homine
1348 2334 1530 2418 perficiatur,

349 2442 442 2505 debet
462 2440 529 2515 hic,
551 2454 583 2505 et
598 2440 723 2526 quidem
747 2443 892 2505 absolute
915 2453 1012 2505 certo.
1023 2462 1059 2505 se
1071 2442 1195 2525 justum
1212 2463 1286 2506 esse
1304 2455 1433 2519 tenere,
1450 2466 1530 2530 mrum

343 2552 450 2634 justus
472 2551 613 2614 nondum
635 2549 693 2623 sit,
716 2551 859 2635 adeoque
882 2549 997 2635 aliquid
1019 2570 1079 2634 pro
1096 2549 1241 2614 absolute
1257 2572 1337 2615 vero
1356 2573 1416 2616 seu
1434 2551 1528 2617 divini·

349 2672 399 2723 tus
415 2660 557 2724 revelato
573 2659 707 2733 habere,
724 2660 809 2744 quod
826 2657 993 2722 manifeste
1010 2657 1122 2721 falsum
1140 2670 1198 2722 est.

455 2770 573 2833 Verum
594 2767 736 2855 quamvis
759 2768 937 2833 absolutam
961 2788 1019 2870 seu
1042 2767 1266 2833 certitudinem
1281 2768 1357 2833 fidei
1374 2772 1415 2835 de
1432 2784 1530 2837 nostra

342 2878 572 2964 justificatione
596 2901 659 2943 nou
683 2880 870 2944 habeamus:
900 2879 1054 2941 moralem
1086 2890 1190 2941 tamen
1223 2879 1463 2956 certitudinem,
1483 2902 1528 2946 seu

347 2989 627 3053 certitudinem
652 2987 841 3061 fiduciae,
866 3007 946 3072 quae
972 2985 1080 3049 nititur
1101 2987 1187 3050 bono
1210 2987 1431 3055 conscientiae
1453 2988 1526 3055 testi·

346 3099 468 3173 monio,
484 3099 601 3163 habere
619 3119 802 3182 possumus,
835 3096 963 3160 Etenim
995 3097 1106 3161 eadem
1136 3096 1289 3161 revelatio
1315 3098 1438 3174 divina,
1462 3119 1526 3186 quae

344 3229 405 3272 nos
422 3207 489 3272 utili
506 3208 673 3272 formidine
695 3209 811 3292 replet,
829 3220 935 3270 tamen
954 3206 1047 3271 simul
1064 3206 1197 3281 excitat,
1214 3219 1262 3281 ut,
1280 3207 1307 3271 si
1325 3210 1435 3273 omnia
1449 3230 1524 3294 prae·
1561 3200 1569 3306 1

345 3316 534 3391 stiterimus,
551 3330 643 3401 atque
660 3314 792 3400 proprio
810 3336 919 3378 amore
934 3315 1017 3379 haud
1035 3315 1159 3400 decepti
1176 3316 1299 3380 fructus
1317 3338 1415 3382 verae
1431 3316 1523 3404 poeui-

345 3426 462 3490 tentiae
478 3426 509 3489 in
526 3426 620 3490 nobis
637 3424 957 3510 deprehenderimus,
974 3447 1064 3510 spem
1080 3425 1260 3500 foveamus,
1276 3428 1361 3511 quod
1372 3426 1525 3512 justificati

344 3557 385 3598 ex
401 3535 480 3610 lide,
502 3557 613 3619 pacem
636 3537 811 3599 habeamus
828 3537 867 3598 ad
883 3537 986 3599 Deum
1002 3556 1059 3619 per
1076 3534 1246 3599 Dominum
1264 3549 1413 3601 nostrum
1430 3540 1524 3602 desum

345 3643 506 3708 Christum
520 3649 556 3722 ¹).
584 3645 777 3724 Quicunque
802 3651 887 3707 euim
915 3651 1035 3725 spiritu
1061 3647 1125 3706 net
1158 3651 1271 3724 (sensu
1289 3645 1415 3727 divino)
1432 3668 1523 3728 wun-

345 3764 412 3833 ταν,
432 3759 457 3815 ii
473 3766 550 3815 sunt
562 3756 625 3829 filii
640 3757 753 3832 Dei2).
785 3754 875 3817 Unde
900 3757 932 3817 S.
956 3751 1151 3826 Hilariou,
1174 3766 1325 3819 narrante
1348 3756 1522 3839 Hierony·

282 3922 285 3934 ,
345 3867 457 3941 mo³)‚
489 3860 631 3926 moriens
655 3861 762 3926 dicere
785 3875 925 3947 poterat:
957 3865 1137 3943 Eur-edere,
1164 3869 1273 3926 auimo
1291 3885 1375 3945 mee,
1402 3873 1477 3946 quid
1488 3870 1523 3927 ti·

344 3970 435 4035 ntes?
458 3975 639 4054 ldqredere,
673 3979 782 4035 anima
813 3995 897 4048 mee,
922 3979 1002 4052 quid
1015 3971 1168 4036 dubites?
1192 3972 1411 4052 Septuaqtnta
1438 3995 1524 4056 prope

343 4089 439 4145 anuis
455 4088 584 4146 servisti
605 4085 754 4156 Christe,
771 4094 802 4145 et
816 4095 951 4145 mortem
967 4089 1058 4145 times
1069 4083 1121 4160 ³)?

344 4343 368 4380 c.
386 4318 461 4384 818.
481 4321 558 4390 Quis
570 4327 670 4397 potest
686 4320 800 4380 dicere:
825 4324 892 4396 qu
909 4323 944 4379 de
961 4320 1061 4379 electis
1078 4339 1157 4391 sum,
1176 4340 1228 4396 eqo
1246 4323 1281 4380 de
1294 4321 1521 4396 praedestinatis

344 4416 384 4472 od
399 4412 505 4486 uitam,
522 4432 574 4488 eqo
591 4416 627 4471 de
642 4432 767 4472 numero
777 4412 935 4488 filiorum?
962 4411 1039 4481 Quis
1055 4414 1142 4481 boec,
1160 4412 1297 4487 iuquam,
1317 4414 1420 4475 dicere
1433 4419 1520 4494 pehti,

346 4507 522 4563 reclamante
538 4503 717 4579 Scriptura:
746 4503 871 4578 „Nescit
885 4506 985 4573 bomo,
1002 4502 1031 4561 si
1047 4502 1158 4578 diyuus
1174 4503 1217 4562 sit
1232 4523 1349 4575 umore,
1367 4527 1409 4565 un
1425 4503 1521 4566 odiret

345 4594 632 4655 Certitudinem'
646 4594 749 4670 utique
773 4614 844 4653 uon
868 4596 1053 4667 habentus;
1071 4597 1124 4653 sed
1139 4593 1221 4669 spei
1231 4594 1397 4672 fiducia
1413 4615 1518 4657 conso·

345 4686 445 4743 latur
461 4706 540 4759 uos,
557 4706 593 4743 ue
609 4685 808 4745 dubitationis
823 4687 914 4764 hujus
930 4685 1081 4745 utouieieie
1092 4685 1216 4760 penitus
1233 4686 1413 4753 saucientur,

451 4772 476 4860 ¹)
492 4778 579 4836 Rom.
596 4770 628 4849 5,
648 4774 675 4838 1.
695 4813 736 4822 —
753 4779 780 4857 ²)
798 4777 884 4837 Rom.
904 4775 933 4850 8,
953 4774 1004 4840 14.
1027 4774 1071 4837 Of.
1110 4775 1137 4838 1.
1156 4775 1297 4860 Joan.3‚
1317 4775 1368 4840 14.
1386 4777 1417 4852 4,
1436 4773 1516 4844 lli·

347 4901 387 4911 -—
407 4861 431 4951 ³)
453 4867 520 4928 Vita
536 4867 567 4929 S.
585 4867 739 4932 Hilariou,
757 4871 859 4930 Eueni.
875 4890 904 4931 u.
921 4871 974 4935 45,
990 4866 1069 4951 Opp.
1087 4869 1126 4933 Τ.
1143 4865 1174 4932 2.
1193 4889 1217 4930 c.
1236 4865 1289 4933 39.
