3775 5625
1484 427 1550 493 389

344 598 487 672 lientes,
519 618 556 657 ac
577 617 631 675 per
656 553 775 676 gradus
800 596 1055 675 progredientes,
1088 595 1217 671 primunr
1242 596 1272 654 ln
1298 596 1548 676 semipelagiani·

343 727 469 777 amum,
483 709 589 767 deinde
606 708 636 765 in
653 706 926 782 pelagianismum,
945 715 1008 763 tum
1025 707 1054 762 in
1072 705 1314 764 rationalismum
1333 716 1385 764 aut
1402 708 1548 766 naturali·

346 836 456 878 smum
474 818 656 877 inciderunt.

466 928 541 986 Cum
563 927 770 985 Novatoribns
799 944 882 985 saec.
911 925 996 983 XVl.
1029 924 1167 982 sentiunt
1198 926 1467 994 dansenistae,
1500 927 1550 1003 qui

350 1037 495 1112 pariter„
519 1047 551 1095 ut
571 1037 631 1105 illi,
654 1036 793 1104 tradunt,
811 1035 988 1117 libertatem
1004 1033 1125 1091 arbitrii
1144 1052 1200 1090 uon
1220 1033 1392 1093 consistere
1409 1035 1439 1092 in
1456 1035 1549 1093 liber·

352 1155 419 1205 tate
437 1164 457 1204 a
474 1146 674 1213 necessitate,
693 1146 792 1203 sedin
810 1144 954 1202 libertate
978 1152 1093 1201 tantum
1112 1162 1129 1201 a
1147 1143 1320 1214 coactione,
1343 1145 1479 1223 adeoque
1498 1146 1548 1202 ho·

354 1256 469 1314 minem
491 1256 557 1313 sive
575 1256 644 1313 dum
661 1256 737 1313 bene
756 1254 840 1321 iacit,
857 1254 923 1311 sive
940 1253 1009 1311 dum
1027 1262 1155 1328 peccat,
1174 1253 1354 1310 necessario
1372 1271 1485 1331 agere,
1504 1264 1548 1311 at·

353 1384 413 1441 que
447 1365 561 1422 nullum
593 1382 669 1439 opus
701 1363 860 1421 moraliter
891 1364 1001 1420 honum
1033 1362 1187 1438 perlicere
1218 1380 1312 1438 posse
1344 1361 1411 1420 sine
1446 1362 1550 1440 gratia

354 1473 483 1541 actuali,
501 1483 596 1549 eaque
614 1473 754 1541 eilicaci,
777 1473 838 1529 imo
860 1490 956 1548 noque
980 1489 1072 1547 posse
1090 1470 1243 1528 hominem
1260 1480 1422 1546 praestare
1440 1472 1549 1529 bonum

352 1602 433 1659 opus
466 1585 675 1660 qualecunque
702 1582 767 1640 sine
794 1582 853 1639 lide
875 1590 906 1639 et
926 1580 1032 1659 gratia
1049 1580 1322 1657 sanctificantem,
1356 1599 1446 1657 quum
1469 1581 1551 1640 inter

353 1692 542 1752 charitatem
560 1693 682 1767 proprie
700 1692 812 1750 dictam
830 1710 885 1748 scu
903 1690 1108 1767 theologicam
1127 1699 1158 1747 et
1173 1690 1255 1747 inter
1270 1689 1549 1765 concupiscentiam

352 1800 430 1860 nihil
455 1801 497 1858 sit
520 1801 660 1859 modium.
700 1801 780 1858 Hinc
803 1810 833 1858 et
855 1800 1022 1860 secundum
1050 1799 1105 1857 hos
1125 1799 1200 1857 fides
1218 1799 1463 1874 supernaturalis
1483 1818 1549 1859 cum

351 1910 509 1970 charitate
528 1910 691 1983 conjuncta
709 1919 757 1967 est
773 1910 871 1983 prima
882 1909 1002 1988 gratia3
1021 1908 1121 1966 omnia
1138 1908 1304 1967 inlidelinm
1322 1917 1353 1966 et
1370 1909 1462 1966 etiarn
1479 1927 1549 1983 pec·

351 2029 497 2079 catorum
514 2038 609 2095 opera
625 2038 702 2077 vera
719 2028 790 2076 sunt
807 2028 837 2076 et
855 2018 979 2094 proprie
1005 2018 1087 2077 dicta
1111 2026 1255 2093 peccata,
1289 2035 1364 2094 quae
1391 2027 1549 2077 aeternam

349 2128 581 2188 damnationem
614 2137 791 2196 merentur3
825 2137 916 2204 atque
943 2127 1031 2186 horno
1054 2128 1119 2186 suis
1147 2127 1337 2186 naturalibus
1365 2127 1483 2186 viribus
1509 2129 1550 2185 nil

348 2238 428 2298 boui
444 2238 535 2296 etiam
554 2238 705 2296 naturalis
722 2236 839 2295 ordinis
855 2236 1019 2312 perficere,
1037 2237 1209 2313 nullamque
1227 2236 1318 2315 etiam
1336 2238 1434 2295 levem
1453 2246 1550 2296 tenta·

349 2348 470 2407 tionem
487 2348 614 2407 vincere
633 2350 784 2424 potest2).

466 2459 583 2517 Contra
599 2457 693 2515 hosce
712 2456 813 2533 itaque
832 2455 1120 2535 adversariosqui,
1139 2466 1170 2514 ut
1182 2455 1324 2524 diximus,
1343 2463 1395 2513 aut
1411 2456 1544 2515 necessi·

348 2578 452 2629 tatem
469 2567 591 2646 gratiae
609 2568 783 2634 destruunt,
801 2566 906 2626 crucis
923 2543 1109 2625 heneficium
1128 2568 1325 2634 evacuantes,
1343 2573 1395 2622 aut
1412 2582 1487 2622 vero
1504 2565 1548 2623 vi·

346 2696 408 2736 res
424 2676 515 2734 liberi
532 2676 653 2734 arbitrii
671 2684 834 2743 evertunt,
852 2675 902 2733 vel
920 2676 1026 2733 saltem
1045 2674 1239 2743 imminuunt,
1263 2674 1361 2751 primo
1379 2674 1548 2733 necessita·

345 2797 417 2847 tem
435 2786 557 2866 gratiae
575 2759 836 2862 supernaturalis,
858 2783 1024 2844 habitualis
1042 2794 1072 2843 et
1089 2784 1236 2853 actualis,
1253 2784 1547 2853 demonstrabimus,

347 2907 387 2958 et
403 2896 524 2965 deinde,
541 2895 690 2973 quaesint
701 2894 785 2953 vires
803 2903 931 2954 naturae
949 2895 1047 2954 adhuc
1063 2904 1133 2971 post
1149 2896 1267 2972 lapsum
1284 2894 1314 2953 in
1331 2894 1452 2954 homine
1469 2894 1548 2952 resi·

346 3008 445 3076 duae,
463 3023 660 3082 exponemus.

484 3277 509 3356 ξ.
528 3270 599 3342 st.
610 3239 889 3343 ¹Necessitas
905 3271 1086 3359 gratiae
1101 3271 1422 3354 jusrrncanns.

463 3471 544 3533 llum
560 3490 641 3555 ergo
658 3467 710 3532 alii
726 3469 888 3532 naturales
905 3466 1027 3531 arbitrii
1043 3466 1130 3532 vires
1146 3467 1252 3553 inique
1269 3470 1435 3543 extollunt,
1453 3481 1546 3555 atque
1615 3457 1617 3462 ⁵

345 3579 491 3670 gratiam
513 3578 650 3643 divinam
670 3577 886 3662 supprimunt,
910 3577 963 3642 alii
979 3599 1058 3641 vero
1076 3578 1182 3643 omnia
1198 3578 1339 3665 gratiae,
1361 3591 1393 3643 et
1415 3578 1546 3643 arbitrio

347 3710 491 3777 prorsus
516 3688 590 3752 nihil
607 3687 764 3762 tribuunt,
786 3687 936 3752 Ecclesia
960 3687 1125 3752 Catholica
1147 3687 1250 3752 media
1268 3687 1319 3752 nia
1335 3710 1433 3754 aurea
1449 3701 1481 3754 et
1497 3687 1547 3752 hic

347 3799 507 3866 incedens
524 3798 633 3871 docet,
665 3796 798 3861 arbitrio
820 3818 879 3881 per
901 3809 1068 3881 peccatum
1086 3797 1211 3883 quidem
1228 3787 1392 3864 adtenuata
1410 3811 1442 3863 et
1457 3798 1545 3864 incli-

349 3922 439 3983 nato,
458 3929 521 3971 non
539 3920 644 3972 tamen
660 3907 833 3980 exstincto,
850 3907 1008 3972 marraisse
1026 3907 1057 3970 in
1074 3907 1169 3972 nobis
1186 3907 1340 3972 scintillas
1356 3907 1484 3992 pristini
1500 3909 1544 3971 lu-

349 4017 458 4091 minis,
475 4017 617 4082 cleliam
636 4019 789 4102 quaedam
805 4016 985 4081 honestatis
1002 4029 1034 4080 ct
1052 4016 1203 4081 bonitatis
1219 4016 1356 4091 semina,
1377 4017 1422 4081 ita
1443 4028 1477 4081 ut
1492 4039 1544 4082 ve·

349 4148 425 4191 rum
441 4126 594 4190 naturalis
611 4125 733 4190 ordinis
750 4126 845 4189 homo
864 4126 1114 4209 apprehendere,
1131 4137 1163 4188 ct
1174 4127 1328 4211 quaedam
1346 4127 1430 4189 hona
1447 4146 1546 4210 opera

350 4235 509 4300 namralia
523 4235 682 4320 perficere
700 4247 807 4320 queat;
841 4247 873 4298 at
896 4234 1045 4322 quidquid
1065 4247 1115 4300 est
1136 4234 1390 4320 supernaturalis
1412 4234 1544 4308 ordinis,

350 4365 394 4411 ex
410 4344 530 4410 Christi
546 4345 661 4410 merito
679 4345 788 4418 liuere,
805 4357 898 4431 atque
915 4365 1017 4430 neque
1033 4343 1235 4431 regenerari,
1258 4364 1359 4430 neque
1377 4345 1544 4433 quidquam

350 4475 453 4543 agere
469 4467 523 4518 aust
537 4456 618 4519 velle
635 4475 695 4518 nos
713 4474 828 4538 posse,
846 4455 930 4539 quod
952 4457 992 4518 ad
1012 4453 1163 4538 pietatem
1178 4465 1210 4517 et
1226 4454 1361 4517 salutem
1378 4453 1550 4538 pertinent,¹

351 4563 423 4630 sine
440 4564 563 4651 gratiae
581 4563 704 4628 divinae
721 4562 848 4627 auxilio.

344 4703 576 4718 ffl—

344 4838 347 4849 ,
463 4763 487 4849 ¹)
503 4766 548 4828 Of.
565 4766 744 4830 Lieborm.
761 4766 863 4827 Inatit
882 4768 967 4828 theol.
985 4765 1032 4828 ed.
1051 4762 1080 4828 3.
1097 4729 1288 4846 Mog.1831.
1308 4768 1346 4827 T.
1364 4762 1395 4827 4,
1412 4788 1442 4848 p.
1452 4763 1543 4829 34ss.

352 4896 394 4910 -
414 4866 445 4935 ²)
460 4859 484 4920 J
490 4880 614 4921 ansau.
631 4858 790 4938 Aopoatin.
808 4859 1078 4925 l.4.c.17.Lov,
1097 4854 1192 4924 1640,
1210 4859 1249 4920 Τ.
1266 4857 1296 4926 2.
1314 4854 1340 4922 c,
1357 4853 1421 4926 627
1439 4879 1483 4929 ss,
