3775 5625
413 422 458 492 94

515 614 546 654 s.
576 591 604 655 l.
621 594 694 652 (lor.
713 587 766 662 15,
782 587 929 655 35-38.
945 592 1093 661 affirmet,
1124 610 1239 669 eorpus
1269 592 1339 661 lsoe,
1370 593 1422 653 eui
1453 538 1606 654 eoelestis

408 704 550 780 eorporis
581 704 699 762 semina
721 703 844 772 insunt,
868 704 1020 762 moriatur
1043 721 1175 763 neeesse
1199 719 1284 771 esse,
1309 701 1337 760 si
1359 703 1607 764 resurrectionis
1650 753 1658 785 ¹

407 812 577 889 participes
594 813 662 871 deri
679 813 827 883 velimus3

517 926 547 981 d.
570 941 661 1000 quum
687 941 838 1000 praesens
863 940 978 999 corpus
1006 913 1144 997 ψυχικὸν,
1165 910 1317 994 φθαρτὸν,
1338 911 1439 996 possis
1460 924 1606 998 appellet,

408 1032 487 1109 quod
504 1033 623 1091 eoelum
640 1033 760 1091 intrare
776 1041 925 1109 nequeat3
943 1050 1034 1108 quum

516 1159 543 1200 e.
560 1138 818 1210 2.cor.5,1-4.
836 1160 951 1218 corpus
968 1143 1102 1219 appellet
1117 1140 1225 1212 αἶνος
1238 1151 1409 1212 terrenum,
1425 1141 1517 1216 eujus
1533 1159 1606 1219 pon·

407 1252 483 1310 dere
500 1252 619 1310 animus
642 1252 845 1329 deprimatur,
877 1251 1027 1327 cujusque
1058 1252 1292 1310 dissolutionem
1312 1250 1499 1311 beneficium
1519 1246 1607 1310 daeit

407 1362 576 1438 Apostolus
593 1364 701 1435 (Rom
721 1357 751 1430 7,
769 1357 951 1437 21-23.);

517 1476 546 1531 ἀ
569 1489 660 1547 quum
684 1471 781 1532 liebr.
800 1467 853 1539 ll,
870 1468 914 1531 23
931 1490 957 1531 s.
981 1471 1267 1550 peregrinationem
1291 1472 1424 1547 appellet
1437 1471 1536 1529 vitam
1550 1469 1604 1530 ltu·

407 1599 540 1649 mnam,
563 1598 691 1657 eamque
709 1600 736 1640 c.
752 1577 784 1641 4.
801 1599 870 1640 cum
895 1581 1110 1639 israelitarum
1127 1600 1184 1657 per
1200 1581 1359 1640 desertum
1373 1580 1490 1639 itinere
1505 1580 1538 1639 in
1554 1597 1603 1657 pa·

408 1692 500 1749 triam
516 1690 641 1748 (lauaau
659 1700 831 1767 componat.
855 1694 903 1747 lix
928 1692 1039 1767 quibus
1061 1692 1244 1750 necessario
1260 1690 1360 1767 sequi,
1382 1690 1482 1749 vitam
1506 1699 1602 1749 terre·

407 1820 478 1859 uam
494 1800 577 1858 nullo
594 1801 683 1859 modo
699 1801 744 1859 ita
759 1819 832 1858 esse
848 1811 1072 1877 comparatam,
1088 1805 1124 1859 ut
1139 1801 1181 1859 sit
1198 1810 1337 1869 aeterna,
1347 1800 1404 1858 sed
1415 1800 1522 1876 potius
1539 1816 1603 1859 cor·

407 1928 465 1986 pus
481 1909 644 1968 humanum
660 1919 772 1968 natura
787 1929 845 1969 sua
860 1910 992 1968 mortale
1008 1928 1080 1968 esse
1093 1908 1133 1982 ¹).
1151 1910 1321 1968 —Verum
1335 1909 1367 1967 in
1384 1909 1529 1968 omnibns
1544 1907 1602 1965 llis·

408 2020 538 2080 celocis
554 2021 722 2095 Apostolus
739 2019 903 2091 hominem,
918 2020 965 2078 uti
980 2039 1061 2079 nuuc
1078 2030 1138 2089 est,
1162 2020 1193 2078 in
1209 2029 1293 2078 statu
1308 2028 1381 2096 post
1394 2019 1518 2095 lapsum
1535 2035 1603 2078 eon·

407 2130 540 2199 ¹sidernt;
565 2130 602 2188 de
619 2129 672 2187 illa
688 2148 765 2188 vero
785 2130 980 2205 quaestione,
1011 2148 1084 2188 num
1108 2148 1193 2188 mors
1223 2128 1380 2205 primitiva
1410 2126 1603 2186 institutione

408 2239 542 2308 eveniat,
560 2258 597 2298 au
615 2248 718 2297 antem
734 2258 834 2315 poeua
849 2240 973 2316 peccati
987 2239 1039 2308 sit,
1055 2258 1095 2298 ne
1109 2239 1272 2297 verbulum
1293 2237 1414 2315 quidem
1434 2237 1529 2306 dicit3
1552 2234 1604 2294 sed

407 2359 526 2408 tantum
543 2349 651 2420 tradit,
667 2349 807 2407 homines
824 2368 896 2407 esse
914 2350 1075 2421 mortales,
1098 2348 1191 2408 etuti
1208 2348 1296 2407 modo
1311 2357 1395 2418 sunt
1419 2344 1604 2406 necessario

408 2459 487 2518 mori
504 2459 628 2517 debere.
654 2459 687 2515 lu
705 2458 878 2532 objectione
894 2458 993 2536 igitur
1007 2459 1143 2534 ponitur,
1167 2458 1247 2535 quod
1270 2457 1391 2515 demum
1414 2454 1603 2533 probandum

408 2578 505 2637 esset,
521 2567 663 2626 homines
679 2568 802 2627 scilicet
817 2578 930 2627 natura
945 2569 1041 2627 morti
1056 2587 1129 2627 esse
1145 2568 1315 2642 subjectos.

517 2672 549 2737 6.
573 2677 709 2735 Tandem
734 2676 834 2751 ajunt:
857 2678 993 2737 Mundus
1016 2677 1177 2753 perlectus
1201 2685 1261 2747 est,
1284 2685 1453 2752 propterea
1467 2676 1501 2733 in
1516 2673 1603 2750 pejus

409 2805 504 2846 ruere
520 2804 580 2844 uon
596 2795 729 2863 poterat.
754 2787 884 2864 Insuper
901 2787 929 2845 si
945 2805 1054 2863 ponas,
1077 2787 1221 2846 muudum
1244 2785 1413 2863 primordio
1435 2783 1603 2860 perfectio·

409 2916 476 2955 rem
493 2896 603 2966 luisse,
619 2914 708 2972 quam
725 2915 805 2955 nuuc
824 2897 973 2972 temporis
990 2906 1053 2954 est:
1079 2897 1290 2972 consequitur,
1306 2895 1488 2953 universam
1503 2891 1605 2952 muudi

409 3006 561 3066 tetricam
585 3007 707 3064 minime
734 3007 794 3064 sibi
818 3015 965 3065 constare
975 3010 1017 3080 ²).
1035 3041 1078 3050 —
1094 3007 1240 3076 lluudus,
1264 3022 1355 3082 quum
1375 3023 1436 3062 uon
1452 3004 1497 3062 sit
1518 3005 1605 3061 Deus

408 3116 488 3192 ipse,
504 3125 540 3174 nt
554 3116 634 3174 falso
651 3117 785 3192 ponitur,
801 3115 856 3174 sed
874 3134 892 3173 a
907 3118 975 3174 Dec
992 3124 1129 3186 creatus,
1146 3116 1282 3193 adeoque
1299 3114 1420 3172 finitust
1443 3113 1605 3189 perfectus

409 3244 468 3284 nou
486 3235 546 3296 est,
562 3234 593 3283 et
609 3225 677 3283 ideo
694 3225 724 3282 in
742 3225 830 3300 pejus
853 3244 949 3284 ruere
974 3227 1096 3284 omnino
1119 3233 1252 3300 poterat.
1274 3225 1377 3281 Porro
1399 3222 1558 3293 mundum,
1580 3219 1607 3278 si

409 3336 577 3412 primordio
601 3336 772 3412 perfectior
795 3346 940 3412 ponatur,
964 3355 1054 3412 qnam
1078 3354 1159 3394 nunc
1184 3344 1244 3404 est,
1269 3333 1329 3391 sibi
1352 3333 1432 3392 haud
1449 3340 1607 3401 constare,

409 3447 528 3521 pariter
545 3447 666 3504 nonnisi
683 3447 723 3516 ei,
739 3446 791 3522 qui
808 3447 952 3504 muudum
968 3465 1038 3505 cum
1048 3448 1116 3503 llco
1134 3444 1304 3514 confundit,
1314 3424 1405 3520 atque
1417 3442 1511 3512 alias,
1519 3456 1607 3518 quam

410 3554 570 3612 absolutae
587 3554 787 3613 necessitatis
803 3553 894 3631 leges
910 3572 971 3612 non
988 3554 1132 3623 admittit,
1156 3552 1255 3612 videri
1278 3560 1393 3627 potest,
1417 3566 1607 3628 nequaquan

411 3671 513 3720 autern
529 3662 585 3732 illi,
610 3663 661 3738 qui
677 3681 861 3738 persuasum
878 3663 987 3733 habet,
1012 3664 1151 3721 ordinem
1167 3662 1272 3720 mundi
1286 3660 1447 3737 physicum
1466 3660 1608 3719 altiorem

411 3772 548 3830 ordinem
566 3773 714 3829 moralem
732 3773 788 3830 sul>
805 3772 933 3847 provido
948 3772 1010 3830 Dei
1025 3772 1180 3850 regimine
1196 3771 1294 3848 sequi.

441 4030 478 4122 ξ.
505 4030 572 4100 ts.
597 4032 761 4102 Status
785 4031 1033 4118 originalis
1055 4032 1445 4119 protoparentum
1471 4030 1577 4098 eret

811 4140 1204 4227 supernaturalis.

524 4370 715 4429 Lutherus
740 4386 809 4427 cum
827 4368 893 4426 suis
910 4369 1054 4438 asseclis,
1079 4379 1197 4444 etpost
1213 4387 1283 4427 eum
1308 4369 1512 4437 calvinus,
1537 4386 1611 4446 qnos

412 4481 520 4539 deinde
537 4480 639 4538 secuti
663 4487 736 4536 suut
760 4496 879 4555 quoque
903 4478 1038 4552 Bajus,
1061 4478 1277 4536 Jansenius
1302 4489 1334 4538 et
1359 4477 1611 4553 Quesnellus,

413 4636 416 4641 Ι
522 4674 547 4762 ¹)
566 4676 848 4756 fflretldpneiber,
873 4679 893 4736 l.
922 4701 951 4738 c.
975 4701 1005 4758 p.
1032 4675 1108 4741 820.
1125 4715 1170 4725 —
1189 4679 1214 4758 ²)
1232 4678 1547 4759 &dimersionem
1573 4676 1613 4739 bis

413 4769 512 4849 driltl.
536 4767 769 4846 sternuentes
794 4769 860 4848 nod>
882 4771 934 4831 len
956 4769 1147 4852 &resilisse
1170 4772 1218 4833 tot
1235 4788 1276 4832 eo.
1293 4769 1405 4850 llirelpe.
1425 4764 1454 4833 7.
1473 4768 1512 4831 ἦ.
1529 4767 1612 4832 sot.

415 4857 649 4923 1839-1841.
669 4857 697 4920 1.
716 4858 759 4924 stt.
779 4860 823 4924 Θ.
843 4857 919 4922 354.
