3775 5625
357 417 401 484 .
1411 369 1415 376 ⁸
1634 324 1667 542 t

356 582 530 657 evehimur,
547 602 689 647 necnon
706 582 849 667 perfecta
865 580 1025 667 appetitus
1043 580 1203 647 sensualis
1220 583 1279 648 sub
1297 581 1441 670 appetitu
1455 581 1550 650 ratio·

355 691 420 757 nali
441 691 599 778 subjectio
621 691 696 756 huic
717 691 866 777 profecto
888 689 1065 756 conditioni
1096 713 1162 756 non
1184 704 1236 758 est
1255 692 1460 769 necessaria,
1481 691 1552 779 quin
1664 749 1667 756 .

355 803 421 867 imo
441 802 567 866 indoles
588 822 648 865 seu
668 795 775 876 οὐσία,
797 800 954 877 essentia,
977 812 1109 866 naturae
1127 814 1258 868 nostrae
1274 824 1336 868 nec
1351 802 1554 870 vacationem

357 905 655 997 acoucupiscentia
676 909 787 998 exigit.
811 911 859 975 lta
883 931 1008 996 quoque
1030 932 1133 997 neque
1154 910 1304 997 eorporis
1319 910 1554 987 immortalitas,

356 1042 458 1107 neque
475 1019 658 1084 immunitas
675 1041 694 1083 a
709 1019 848 1095 morbis,
866 1020 1033 1085 doloribus
1055 1020 1187 1107 aliisque
1209 1021 1300 1086 malis
1323 1022 1363 1088 ad
1379 1015 1487 1081 otetur
1501 1041 1553 1086 na·

356 1142 447 1195 turae
462 1131 619 1195 humanae
635 1129 789 1215 pertinet;
808 1152 880 1195 nam
897 1152 993 1216 quum
1010 1152 1129 1216 corpus
1147 1152 1189 1196 ex
1203 1130 1370 1196 elementis
1382 1130 1555 1196 contrariis

357 1251 545 1305 concretum
568 1238 625 1314 sit,
649 1239 769 1314 dolori,
791 1238 914 1303 morbis
935 1252 1028 1325 atque
1051 1240 1203 1305 solutioni
1218 1261 1278 1325 pro
1295 1252 1409 1306 natura
1425 1260 1487 1306 sua
1502 1260 1554 1306 ue·

357 1348 503 1415 cessario
526 1348 702 1413 obnoxium
726 1361 785 1414 est.
818 1353 921 1434 Atque
937 1370 978 1413 eo
995 1349 1099 1415 minus
1121 1349 1218 1416 statui
1235 1362 1354 1437 potest,
1370 1348 1556 1415 felicitatem

357 1470 535 1534 externam,
552 1480 614 1544 qua
631 1471 880 1543 protoparentes
897 1471 971 1525 ante
987 1472 1155 1544 peccatum
1164 1460 1362 1536 fruebantur,
1379 1471 1413 1525 et
1429 1460 1557 1546 plenum

356 1566 432 1633 illud
448 1567 480 1631 in
497 1589 552 1633 res
570 1580 696 1632 creatas
718 1568 908 1643 dominium,
925 1568 966 1634 iis
984 1591 1195 1646 concessum,
1213 1571 1253 1635 ad
1269 1582 1402 1635 natiuae
1424 1581 1556 1634 noahae

357 1677 532 1744 essentiam
548 1678 719 1764 pertinere.
752 1679 842 1743 Unde
860 1678 889 1743 si
905 1680 986 1746 haec
1003 1680 1110 1745 omnia
1126 1679 1237 1765 primis
1253 1679 1439 1745 hominibus
1456 1676 1555 1743 couti·

356 1799 487 1876 gerant:
505 1800 633 1873 praeter
651 1800 784 1855 naturae
805 1789 963 1853 humanae
980 1789 1121 1853 debitum
1138 1800 1171 1853 et
1186 1788 1383 1877 exigentiam
1397 1787 1464 1853 illis
1482 1808 1555 1852 con·

358 1917 468 1972 cessa,
485 1908 578 1983 atque
595 1899 771 1963 donavere
790 1897 1045 1982 supernaturalia
1061 1911 1162 1963 erant.

470 2006 501 2071 2.
523 2008 611 2072 Idem
634 2028 759 2093 quoque
785 2008 915 2071 tradunt
948 2009 1007 2071 SS.
1028 2006 1221 2082 Litterae,
1252 2029 1348 2093 quum
1368 2029 1437 2073 non
1458 2007 1557 2072 semel
1620 2004 1666 2068 1

358 2116 535 2191 declarent,
552 2116 715 2181 hominem
746 2128 878 2182 naturae
900 2138 978 2181 suae
1007 2116 1237 2182 constitutione
1268 2118 1442 2182 mortalem
1473 2135 1555 2182 ease.
1624 2162 1664 2177 -

360 2228 448 2305 Ouia
465 2232 602 2308 pulvis
623 2247 681 2309 ea,
705 2225 749 2290 ait
768 2226 857 2290 Deus
878 2228 917 2291 ad
938 2227 1094 2291 Adamum
1116 2238 1190 2311 post
1206 2238 1428 2312 perpetratum
1443 2245 1556 2312 pecea-
1616 2257 1665 2271 -

358 2349 436 2413 tum,
453 2348 485 2401 et
500 2343 715 2417 inpuberem
732 2343 908 2400 reverteris
919 2341 959 2416 ¹),
974 2347 1010 2399 ut
1024 2334 1228 2423 intelligeret,
1245 2356 1281 2401 se
1298 2334 1446 2422 quamvis
1462 2335 1556 2400 bene·
1611 2364 1665 2381 -

358 2443 487 2512 licentia
508 2445 615 2511 divina
634 2445 872 2509 immortalitate
894 2446 1061 2520 donatum,
1078 2458 1192 2510 natura
1212 2457 1318 2511 tamen
1335 2445 1414 2509 nihil
1429 2456 1556 2532 praeter
1597 2458 1666 2501 τ’·

359 2555 539 2642 pulverem,
555 2555 575 2620 i.
593 2576 620 2620 e.
637 2553 734 2618 morti
757 2553 933 2618 obnoxium
956 2575 1047 2630 esse,
1064 2566 1096 2619 et
1112 2554 1199 2639 quia,
1216 2556 1343 2639 abjecta
1359 2575 1443 2642 erga
1457 2554 1559 2619 Deum
1571 2567 1667 2614 sa

360 2662 550 2739 obedientia,
566 2665 733 2748 praeclaro
750 2664 814 2726 hoc
830 2664 915 2726 dono
931 2662 1099 2751 indignum
1116 2683 1152 2727 se
1167 2662 1316 2738 reddidit,
1332 2661 1366 2726 iu
1383 2663 1624 2747 pulverem.²
1635 2681 1667 2726 Δ,

359 2772 426 2841 ie.
448 2786 567 2841 statum
589 2794 678 2838 mere
701 2774 893 2848 naturalem,
925 2794 999 2839 esse
1031 2793 1249 2839 reversurum.
1281 2771 1667 2839 Ecclesiastesu

360 2885 472 2950 habet:
496 2887 546 2949 Et
565 2897 793 2947 revertatur
812 2890 949 2963 pulvis
970 2890 1011 2947 in
1028 2896 1172 2948 terram
1187 2904 1312 2963 taam,
1337 2891 1441 2945 unde
1457 2893 1556 2963 erat,
1577 2917 1665 2953 ι,

359 3007 392 3059 et
422 2999 561 3073 spiritua
593 3002 706 3056 redeat
734 3001 777 3056 ad
805 2995 923 3074 Deum,
956 3000 1012 3073 qui
1042 2998 1129 3056 dedit
1159 2998 1252 3055 illum
1268 2993 1305 3071 ²).
1338 2989 1618 3055 Siracides:=
1658 3001 1666 3039 ³

364 3102 485 3167 Omnes
509 3105 657 3165 homines
689 3114 801 3165 terro
832 3114 870 3165 et
893 3105 1044 3181 einim).
1068 3104 1172 3185 Atque
1194 3100 1412 3185 Apostolus
1430 3098 1608 3164 scribitz
1659 3108 1666 3146 ²

360 3214 526 3275 Primus
556 3215 666 3275 homo
683 3215 858 3275 deterre
891 3224 1095 3274 terrenus:
1128 3218 1287 3274 secundus
1303 3214 1400 3273 homo
1416 3218 1457 3272 de
1472 3213 1666 3273 coelod

359 3327 509 3386 coelestia
517 3320 554 3399 ⁴).
572 3320 692 3398 Quibus
708 3319 790 3384 locis
807 3318 1138 3395 omnibus,h0minem
1149 3339 1210 3403 pro
1228 3317 1414 3383 conditione
1431 3321 1665 3383 natura&

360 3450 438 3495 suae
454 3430 623 3494 mortalem
640 3450 731 3504 esse,
748 3430 938 3494 declaratur.
962 3430 1067 3492 Porro
1084 3427 1116 3491 in
1133 3440 1219 3492 statu
1230 3427 1376 3513 justitiae
1393 3424 1664 3515 originali&

360 3551 474 3604 natura
488 3541 627 3603 humana
642 3539 818 3602 secundum
834 3541 868 3603 S.
887 3537 1087 3623 Scripturam
1104 3537 1177 3601 cibo
1195 3558 1233 3602 ac
1249 3549 1327 3622 potu
1342 3535 1610 3625 indigebam}
1653 3541 1662 3591 3

362 3659 394 3713 at
410 3667 546 3732 eorpus,
564 3647 648 3731 quod
666 3647 737 3709 cibo
754 3646 894 3733 indiget,
910 3659 947 3710 ut
962 3660 1184 3722 conservetur,
1202 3659 1235 3711 et
1250 3645 1360 3710 sinon
1376 3646 1494 3723 alatur,
1509 3661 1659 3731 pe‘·

363 3756 422 3832 rit,
447 3767 536 3821 certe
559 3768 673 3820 natura
697 3776 756 3820 sua
770 3757 906 3821 mortale
923 3777 998 3822 esse
1016 3756 1225 3822 convincitur.
1264 3755 1411 3842 Denique
1438 3751 1659 3841 justitia

361 3876 475 3930 nostra
490 3886 549 3950 per
566 3865 729 3930 Christum
746 3865 862 3950 ubique
878 3877 1039 3951 tamquam
1060 3864 1330 3951 supernaturalis,
1363 3875 1460 3952 atque
1491 3862 1623 3929 licat
1646 3854 1656 3908 ²

361 3987 495 4061 propter
520 3987 688 4060 peccatum
711 3974 913 4050 necessaria,
945 3987 1051 4040 tamen
1083 3987 1244 4061 tamquam
1274 3986 1408 4039 naturae
1424 3971 1650 4039 indebite

362 4083 686 4169 describitur,utpote
700 4104 761 4168 qua
770 4083 933 4148 reddimur
950 4097 1163 4150 consortes
1182 4083 1338 4149 divinae
1355 4085 1571 4162 naturae‘)-‚
1634 4110 1642 4138 ν

362 4192 542 4278 adoptivi
557 4193 629 4257 Dei
645 4192 727 4257 lilii
741 4195 783 4272 ⁷),
802 4204 895 4278 atque
911 4195 1106 4258 haeredes
1121 4193 1226 4258 vitae
1243 4193 1492 4274 aeternae'),
1514 4191 1635 4255 feae

362 4300 533 4367 licitatis
558 4301 891 4387 supernaturalis,
916 4303 1035 4367 Deum
1059 4301 1203 4378 visuri,
1228 4301 1334 4368 sieut
1356 4303 1471 4382 est’).
1502 4300 1629 4364 Pes

367 4469 629 4484 ψ

475 4572 924 4664 ¹)Gen.3,19.-²)Gen.
951 4569 1605 4660 3‚19.-³)l,12.0f.3,26.l,2-
1666 4564 1667 4569 ἵ

363 4668 415 4730 Pa.
433 4665 487 4742 88,
505 4665 535 4730 3.
553 4667 625 4748 Sap.
643 4664 673 4741 9,
693 4663 850 4752 15.-⁴)
872 4665 1098 4754 17,31.-⁵)
1117 4667 1146 4732 1.
1164 4666 1234 4729 cor.
1256 4665 1311 4740 15,
1329 4659 1599 4734 ductum
1666 4736 1667 4739 Ἴ

365 4760 453 4838 -‘)
471 4756 502 4825 2.
519 4758 605 4820 Pelr.
630 4754 812 4839 1,4.-')
829 4757 922 4820 Joan.
947 4757 975 4834 1,
993 4756 1046 4824 12.
1063 4760 1178 4839 Ephea.
1203 4757 1233 4832 1,
1250 4756 1281 4821 4.
1300 4758 1370 4823 Gal.
1393 4744 1591 4835 3,26.27·
1659 4794 1667 4843 ἱ

363 4850 452 4912 Rom.
469 4846 499 4922 8,
520 4846 572 4910 l'l.
590 4846 619 4910 1.
636 4847 730 4911 Joan.
747 4843 779 4922 4,
790 4844 906 4933 7.-⁸)
918 4850 1005 4910 Rom.
1015 4847 1045 4926 8,
1057 4837 1583 4938 17.Tit.3,t.-’)1.Jom.3,2·
1653 4870 1667 4941 q
