3775 5625
1379 397 1447 473 eti

334 577 369 627 st
390 567 530 636 sderari,
558 567 613 625 sed
639 573 754 626 tantum
778 584 847 627 cnm
867 568 944 627 uitio
966 570 1025 627 Dei
1042 571 1215 640 coadorari,
1231 572 1314 633 sicut
1330 576 1445 634 cultum

326 677 396 737 nisis
413 670 525 755 religio
543 677 572 734 in
590 678 734 751 templum
752 677 901 746 diffundit,
914 687 945 735 ct
961 679 1059 737 vestis
1075 690 1200 756 propter
1218 699 1303 750 enm,
1328 684 1379 760 qui
1394 683 1448 743 ilis

326 806 362 855 ιν,
380 786 488 844 baberi
504 787 584 844 solet
601 787 630 843 in
647 785 748 861 pretia
758 784 796 859 ¹).
843 791 1018 864 Eaprepter
1042 790 1134 848 etiam
1158 791 1325 851 recusabat
1341 791 1445 861 fateri,

326 898 360 957 bc
382 906 453 973 past
478 896 726 955 incarnationem
752 896 846 955 tribui
881 916 972 972 posse
998 897 1123 957 humilia
1145 902 1293 974 quaedam
1314 899 1445 960 hominis

326 1006 391 1075 triu,
416 1025 443 1064 e.
461 1024 510 1084 gr.
556 1007 657 1064 Deum
682 1006 779 1064 fuisse
803 1005 961 1075 infantem,
987 1007 1242 1082 comprehensum
1267 1026 1337 1067 esse
1355 1030 1372 1069 a
1388 1012 1445 1070 Ju-

326 1133 351 1185 s,
376 1133 512 1192 pessum,
537 1115 730 1183 crucifixum,
754 1124 918 1177 mortuum,
940 1149 944 1170 ι
967 1115 1051 1191 Quod
1077 1116 1104 1175 si
1128 1125 1229 1175 temen
1254 1117 1330 1178 haec
1351 1122 1449 1179 verbs

328 1225 456 1303 evulgi,
472 1224 532 1282 imo
550 1224 584 1282 S.
604 1220 790 1300 Scriptum
809 1242 963 1300 usurpare
988 1226 1170 1302 cogebatur,
1188 1245 1225 1285 ea
1241 1228 1376 1306 negabat
1392 1230 1447 1288 aii·

330 1351 400 1393 ease
424 1351 512 1402 vera,
537 1350 626 1409 quam
650 1333 769 1409 tropice
794 1351 849 1392 seu
871 1333 1041 1393 verbaliter
1063 1344 1094 1393 et
1110 1334 1257 1410 σχετικῶς,
1282 1346 1448 1413 propterca

326 1443 478 1502 lucilicct
499 1442 637 1501 Verbum
665 1442 695 1500 in
717 1443 833 1501 infante
863 1445 1060 1519 patienteque
1084 1444 1205 1502 homine
1228 1444 1393 1514 habitaret,
1415 1456 1448 1506 et

327 1551 407 1611 inem
426 1552 553 1627 perinde
570 1560 693 1629 ageret,
714 1560 805 1628 atque
822 1570 1063 1631 energumenum
1080 1549 1251 1637 spiritus.¹)
1272 1558 1447 1633 Euprapter
1539 1569 1545 1595 ¹

348 1662 491 1728 vetabat,
515 1678 553 1718 ne
577 1660 678 1738 Virgo
703 1661 826 1736 proprie
841 1662 1050 1738 appellaretur
1066 1653 1223 1732 dcccdccc,
1244 1665 1300 1723 sed
1316 1662 1447 1739 Χριστο-

326 1787 341 1825 s
365 1769 574 1846 adpellandarn
601 1787 671 1827 esse
693 1770 918 1846 praecipiebat,
945 1781 998 1829 aut
1023 1772 1115 1830 etiam
1139 1762 1300 1843 θεοδόκον,
1321 1783 1448 1851 prepter·

326 1897 353 1938 m
387 1889 566 1955 susceptum
598 1879 628 1936 in
662 1879 817 1957 templum,
848 1880 926 1955 qued
958 1899 996 1938 cx
1019 1881 1085 1958 ipsa
1102 1880 1241 1955 spiritus
1258 1881 1293 1941 8.
1310 1883 1447 1941 venienti

326 1990 361 2049 ba
384 1988 600 2065 praepararit,
628 1997 681 2045 aut
705 2005 779 2046 vero
801 1988 892 2046 etiam
919 2006 1014 2048 sensu
1040 1990 1208 2066 impropria
1229 2009 1266 2050 ac
1285 1991 1448 2060 indirecte,

326 2116 406 2158 enus
432 2097 578 2157 videlicet
603 2096 777 2172 peperisset
801 2096 964 2167 hominem,
991 2098 1020 2156 in
1048 2117 1106 2175 qno
1126 2101 1214 2158 Deua
1230 2100 1300 2160 inde
1317 2119 1335 2159 a
1350 2100 1448 2177 prima

326 2217 406 2284 :eptu
433 2206 586 2265 habitaret
598 2211 639 2278 ³).
661 2269 665 2278 ¹
688 2204 775 2280 Quod
792 2216 859 2264 erat
877 2207 1035 2283 preprium
1053 2207 1182 2279 initium,
1200 2227 1257 2269 nec
1274 2227 1333 2268 uun
1350 2218 1448 2268 totum

326 2333 340 2376 s
358 2316 458 2375 amnis
475 2316 613 2374 Nestorii
628 2316 845 2391 impietatist).
876 2317 923 2375 hb
939 2316 998 2376 hcc
1015 2316 1094 2375 enim
1112 2333 1222 2376 errore
1239 2335 1372 2377 excusus
1389 2327 1449 2388 est,

326 2426 337 2486 i
354 2427 437 2486 hunc
454 2426 668 2485 stabiliendum
686 2443 791 2483 omnes
809 2426 945 2502 reliquus
962 2436 1073 2502 postea
1092 2426 1294 2505 excogitavit.

340 2551 568 2628 Eutyches
589 2552 713 2611 veroin
736 2571 876 2611 errorem
899 2553 1071 2629 appositum
1092 2554 1197 2631 lapsus
1232 2535 1448 2622 contendebat,

349 2664 492 2723 anienem
517 2681 573 2721 seu
595 2662 841 2721 iucarnaticnem
867 2663 899 2720 in
917 2663 1043 2722 Christe
1064 2663 1186 2722 nonnisi
1201 2681 1291 2722 nnem
1309 2680 1379 2722 esse
1396 2681 1449 2757 na·

326 2791 365 2848 m,
391 2773 517 2850 insuper
534 2781 685 2841 statuens,
713 2772 812 2832 Deum
829 2773 968 2831 Verbum
985 2772 1059 2832 nihii
1075 2772 1238 2833 humanum
1263 2792 1301 2832 ex
1317 2772 1449 2854 Virgine

326 2885 425 2951 sisse,
448 2883 502 2941 sed
526 2883 625 2959 ipsum
647 2880 893 2942 immutabiliter
916 2902 1109 2943 conversum
1126 2888 1158 2942 et
1173 2900 1307 2943 curnem
1320 2884 1451 2961 fuctum

336 2989 380 3072 ⁸).
396 2996 444 3050 Ex
462 3011 519 3069 quc
536 2992 657 3050 videtur
673 2991 830 3067 Eutyches
847 2992 1028 3064 credidisse,
1046 2991 1237 3052 divinitatem
1254 2994 1448 3051 esseiactam

326 3103 490 3172 unitatem,
513 3112 543 3160 et
563 3101 713 3160 vicissim.
761 3101 845 3160 Unde
863 3111 895 3160 et
910 3103 1040 3161 ulterius
1058 3102 1171 3160 docere
1188 3110 1320 3181 peterat,
1338 3102 1444 3160 divini·

326 3228 351 3272 tt
380 3213 467 3273 cruci
489 3230 560 3270 esse
579 3213 702 3270 affixam
720 3220 751 3268 et
767 3229 942 3286 appensam,
961 3212 1135 3287 tumuloque
1153 3212 1324 3270 mandatam
1341 3230 1448 3270 resur·

326 3318 430 3395 sse⁸).
464 3322 550 3379 illius
576 3330 676 3379 tamen
701 3319 841 3395 discipuli
861 3321 944 3378 illam
966 3321 1108 3378 unionem
1125 3320 1166 3378 ite
1186 3320 1398 3397 explicabant,
1415 3329 1451 3379 ut

326 3440 412 3503 rent,
439 3440 579 3489 naturam
600 3429 762 3488 humanam
779 3448 850 3488 esse
878 3449 896 3488 a
923 3429 1025 3487 divina
1042 3429 1233 3505 absorptam,
1251 3429 1296 3488 uti
1312 3429 1338 3486 si
1357 3436 1447 3508 gutte

326 3539 356 3599 is
380 3541 411 3599 in
433 3559 519 3598 mare
544 3540 698 3610 fundetur,
722 3549 753 3598 et
777 3541 880 3598 statim
908 3541 1123 3610 evanescat⁷).
1172 3536 1271 3612 Quum
1288 3537 1446 3613 Eutyches

326 3666 359 3709 te
378 3651 514 3718 duceret,
531 3650 750 3708 humanitatem
768 3669 838 3708 esse
861 3650 1051 3708 divinitatem
1074 3657 1105 3706 et
1121 3647 1276 3706 vicissim:
1303 3665 1448 3707 necessa·

326 3776 452 3837 pucque,
471 3760 499 3817 in
519 3759 716 3828 obsistenti
734 3778 822 3817 unam
840 3768 994 3827 naturam,
1018 3759 1063 3817 ita
1081 3768 1112 3816 et
1134 3776 1224 3817 unam
1242 3750 1364 3817 nonnisi
1379 3774 1449 3815 esse

326 3930 475 3942 μ

367 3995 455 4076 1)(11.
477 3996 599 4056 Nestor.
622 3995 719 4057 Serra.
742 3999 771 4057 1.
794 4016 818 4056 c.
841 3997 869 4058 9.
901 3994 949 4059 Ib.
972 4016 1003 4074 Ρ.
1021 3989 1051 4056 5.
1075 3992 1172 4057 Sem.
1190 3997 1220 4059 2.
1238 4013 1262 4052 c.
1281 3995 1330 4053 11.
1349 4012 1379 4069 p.
1398 3988 1449 4053 11.
1476 4016 1498 4059 a

326 4108 354 4149 n„
373 4091 402 4148 7.
420 4108 443 4147 c.
463 4089 598 4150 24-36.
614 4107 645 4165 p.
662 4083 716 4148 37.
735 4107 759 4148 c.
776 4089 826 4148 48.
843 4109 873 4166 Ρ.
892 4082 945 4150 39.
957 4087 1066 4146 Anuib.
1083 4089 1112 4146 8.
1122 4106 1153 4164 p.
1167 4080 1240 4146 121.
1261 4117 1299 4128 -
1319 4077 1449 4163 ¹)Serm.

347 4176 496 4257 6.p.12.
528 4178 623 4238 serm.
641 4180 669 4238 6.
687 4199 715 4255 p.
738 4175 779 4238 31
797 4199 836 4238 ss.
883 4177 980 4238 Serui.
1009 4180 1037 4239 7.
1076 4197 1106 4255 p.
1139 4172 1183 4236 34
1211 4195 1251 4236 ss.
1282 4174 1391 4234 Anatis.
1419 4176 1450 4236 4.

326 4268 381 4334 19.
397 4270 506 4331 Aeeta.
525 4273 574 4330 10.
592 4290 621 4348 Ρ.
642 4266 715 4329 122.
736 4269 846 4329 Ancth.
863 4272 912 4329 12.
929 4289 961 4348 Ρ.
980 4264 1053 4329 124.
1086 4301 1129 4311 -
1164 4264 1191 4341 ³)
1208 4263 1304 4326 dorm.
1328 4268 1359 4328 1.
1376 4285 1400 4323 c.
1423 4268 1449 4324 7.

326 4363 449 4424 ,serm
465 4359 496 4423 2.
514 4358 622 4440 p.9s.
640 4360 737 4421 Serra.
749 4364 778 4421 3.
796 4380 821 4420 c.
837 4363 866 4421 4.
883 4379 908 4422 s.
927 4381 956 4439 p.
979 4356 1028 4420 i2.
1047 4356 1142 4418 Ser-m.
1159 4359 1188 4418 4.
1210 4376 1235 4416 c.
1254 4359 1282 4416 2.
1299 4360 1328 4417 3.
1347 4377 1376 4435 Ρ.
1395 4351 1448 4416 26.

326 4473 355 4515 n.
373 4454 403 4514 5.
420 4474 449 4532 p.
467 4449 510 4512 29
528 4474 552 4511 e.
569 4452 668 4513 Scrm.
687 4455 713 4512 7.
730 4471 755 4511 c.
770 4454 819 4512 47.
836 4472 865 4530 Ρ.
884 4448 936 4512 39.
959 4450 1056 4512 Serui.
1075 4453 1125 4509 12.
1143 4467 1168 4509 c.
1185 4449 1300 4508 6-11.
1318 4469 1348 4526 p.
1366 4441 1408 4507 68
1425 4466 1449 4505 s.

326 4548 433 4604 t-31.
450 4566 479 4624 p.
498 4541 551 4604 89.
569 4543 664 4604 Serui.
682 4545 731 4603 13.
749 4562 773 4602 c.
791 4543 884 4601 6-9.
901 4562 931 4620 Ρ.
949 4539 1003 4603 94.
1035 4575 1078 4584 -
1110 4539 1136 4621 ⁴)
1154 4537 1200 4601 Of.
1217 4536 1448 4598 Theodorei.
1470 4595 1472 4602 ,

326 4655 342 4698 ·.
356 4637 424 4710 fab.
445 4637 464 4697 l.
480 4637 542 4695 4.c.
554 4638 603 4694 13.
622 4630 660 4694 Τ.
677 4629 708 4693 4.
725 4652 756 4711 Ρ.
774 4628 850 4694 246.
867 4667 911 4676 —-
930 4627 955 4714 ⁶)
973 4631 1017 4692 cf.
1036 4630 1191 4692 Garuer.
1211 4629 1299 4690 Dias.
1312 4648 1336 4689 s.
1353 4627 1402 4690 cit.
1419 4648 1449 4707 p.

343 4747 367 4788 s.
385 4761 429 4773 -
447 4723 532 4805 6)(11.
551 4722 778 4786 Theodorei.
795 4723 816 4784 l.
834 4744 859 4787 c.
880 4758 922 4768 -
948 4723 972 4805 ⁷)
987 4721 1031 4783 Of.
1058 4717 1279 4784 Theodorei.
1310 4717 1449 4780 Eranist

326 4821 380 4879 .2.
398 4814 476 4898 Opp.
494 4812 532 4878 T.
549 4814 580 4876 4.
596 4837 626 4897 p.
645 4810 696 4876 16.
712 4813 751 4876 D.
769 4810 821 4877 ii.
839 4813 877 4890 A,
893 4813 930 4876 Β.
