3775 5625
363 314 427 382 192

359 479 509 565 parandis
530 480 743 568 negligentes,
764 478 795 543 in
817 477 910 543 bonis
930 476 1079 544 inanibus
1102 476 1305 564 acquirendis
1326 489 1438 544 autem
1460 477 1574 544 sedu-

360 588 476 655 lissimi
497 611 624 665 sumus,
645 601 739 675 atque
759 588 822 653 nisi
844 609 902 673 per
923 588 1061 676 gratiam
1076 587 1137 652 Dei
1153 609 1404 675 regeneremur,
1419 599 1573 672 pacem

359 696 507 763 mortalia
534 697 640 762 omnia
668 697 802 772 evitare,
830 709 863 760 ct
887 696 1024 761 venialia
1048 696 1144 762 etiam
1165 696 1269 762 renati
1287 696 1374 762 lraud
1398 697 1567 769 vatemus.

360 807 477 895 lllagna
503 827 582 873 sane
602 806 774 871 voluntatis
802 806 989 894 aegritudo,
1014 819 1047 871 ut
1068 829 1141 871 cum
1162 827 1258 873 tremo
1277 826 1418 891 peccare
1440 804 1557 892 possit,

360 913 422 980 nisi
444 914 529 990 velit,
551 928 584 981 et
604 915 681 980 nihil
702 915 744 980 sit
764 915 869 1002 magis
890 914 922 978 in
938 927 1099 1000 potestate
1115 914 1265 992 hominis,
1286 935 1383 1001 quam
1396 915 1498 990 velle,
1513 925 1552 983 ta·
1666 909 1667 918 ¹

360 1045 434 1090 rnen
451 1045 516 1090 non
539 1026 644 1111 possit
664 1046 792 1110 semper
809 1026 890 1089 bene
906 1026 999 1100 velle,
1016 1038 1048 1090 et
1063 1046 1122 1110 per
1136 1026 1200 1090 hoe
1217 1026 1337 1111 absque
1354 1036 1496 1110 peccato
1513 1025 1545 1088 ai·

358 1154 445 1200 vere.
494 1136 637 1200 Tandem

469 1266 497 1310 c.
519 1246 622 1330 quoad
644 1244 832 1309 inferiorem
853 1243 977 1308 animae
998 1256 1124 1329 partem
1145 1244 1181 1309 in
1210 1241 1542 1329 concupiscentia,

358 1371 418 1416 eeu
432 1354 649 1438 propensione
666 1355 752 1418 bona
768 1353 929 1418 sensualia
941 1366 1056 1418 contra
1069 1354 1215 1418 ordinem
1225 1352 1362 1419 rationis
1374 1350 1543 1439 appetendi.

359 1461 500 1526 omnium
520 1465 677 1528 malorum
701 1463 801 1548 stirpe
824 1483 862 1527 ac
883 1462 1026 1549 origine,
1049 1484 1128 1548 quae
1149 1463 1252 1527 dirum
1268 1484 1364 1528 suum
1380 1459 1543 1526 donanim

360 1569 393 1635 in
413 1571 508 1636 nobis
529 1571 602 1638 inde
626 1595 644 1638 a
666 1574 786 1638 teneris
805 1572 896 1637 marris
912 1585 1054 1647 exercet,
1071 1585 1164 1658 atque
1180 1572 1224 1636 ita
1239 1592 1369 1636 omnem
1382 1570 1483 1636 vitam
1495 1589 1542 1634 no

360 1691 460 1746 suam
477 1695 673 1767 occupat-ut
689 1683 815 1768 penitus
832 1681 1006 1767 exstirpari
1022 1703 1182 1767 nunquam
1198 1680 1313 1767 possit
1362 1680 1466 1759 Quam
1479 1699 1542 1767 gra·

358 1789 451 1875 plticc
468 1791 622 1856 describit
636 1793 812 1877 Apostolus
829 1793 989 1856 Paulus:
1011 1791 1146 1855 Scimus
1165 1799 1262 1872 enlm,
1280 1798 1360 1873 pacta
1376 1793 1436 1854 lec
1450 1795 1545 1872 aptet·

362 1901 464 1962 mats
495 1910 563 1963 est:
595 1924 651 1979 cqc
685 1911 793 1965 autem
825 1904 975 1964 carnalia
1005 1923 1079 1964 eum
1099 1905 1306 1965 venundatae
1325 1903 1388 1964 rud
1407 1907 1545 1982 peccato.

364 2007 463 2083 onoc
475 2017 560 2072 enim
577 2032 710 2092 operor,
728 2033 796 2074 noc
810 2013 954 2090 intelligo
979 2017 1059 2092 (non
1082 2011 1213 2095 probo).
1258 2013 1339 2074 Noc
1353 2017 1453 2090 cadus,
1468 2010 1549 2094 pud

360 2119 433 2180 calc
451 2121 581 2199 donum,
600 2126 661 2182 doc
677 2142 756 2198 ayo.-
773 2123 835 2183 aad
847 2123 937 2203 quod
950 2124 1005 2182 odi
1021 2123 1156 2201 molum,
1174 2123 1260 2183 ettad
1270 2125 1376 2200 sacto.
1393 2118 1436 2184 St
1447 2125 1546 2182 aulen

359 2230 450 2311 quod
461 2231 550 2307 nolo,
569 2231 656 2292 ettad
666 2234 779 2310 facio:
796 2238 964 2293 consentio
983 2233 1057 2308 legi,
1076 2237 1230 2311 quonlam
1246 2232 1333 2291 dona
1349 2237 1410 2293 eat.
1455 2229 1548 2292 Nm

361 2345 483 2417 autem,
492 2342 570 2416 jam
584 2360 651 2400 noo
666 2360 722 2416 epo
740 2361 859 2420 operor
875 2341 972 2419 ettad,
998 2342 1060 2401 sed
1073 2342 1162 2421 quod
1174 2341 1304 2401 dabitat
1315 2344 1353 2400 in
1367 2359 1420 2400 me
1430 2357 1545 2419 pecce-

361 2453 438 2510 tum.
486 2446 565 2509 Scio
588 2454 691 2527 enim,
715 2454 793 2530 quia
813 2469 880 2510 non
894 2452 1023 2512 dabitat
1035 2457 1070 2511 io
1085 2463 1147 2526 me,
1170 2454 1232 2538 dyc
1247 2455 1300 2509 est
1312 2454 1352 2510 ira
1362 2468 1467 2510 carae
1481 2467 1551 2508 urae

362 2557 490 2619 denunt.
537 2558 626 2619 Nam
650 2560 744 2636 celle,
770 2560 903 2636 atly'acet
920 2564 1017 2620 midi:
1036 2562 1194 2638 perficere
1210 2564 1319 2618 aarum
1335 2559 1471 2636 benun,
1487 2575 1563 2618 nott

360 2671 497 2729 incudo.
528 2667 607 2728 Non
623 2673 720 2745 enirn,
739 2670 829 2747 praed
840 2669 913 2729 volo
932 2670 1063 2745 docum,
1089 2672 1151 2728 doc
1164 2669 1276 2745 facto:
1298 2667 1361 2728 aed
1372 2667 1464 2748 peccel
1475 2665 1573 2728 nelo

361 2775 496 2854 malum,
515 2781 576 2838 doc
592 2797 662 2854 opo.
702 2774 743 2838 St
759 2784 880 2858 autern,
899 2780 989 2860 quod
1001 2777 1091 2856 nolo,
1109 2776 1196 2838 tttcc
1205 2779 1314 2855 sacto:
1321 2779 1400 2854 jam
1414 2796 1481 2839 noo
1495 2793 1591 2853 ccv

361 2905 480 2965 operor
495 2886 592 2964 ettad,
609 2889 671 2947 scd
683 2889 772 2967 quod
784 2889 913 2949 dabitat
926 2895 961 2948 in
976 2909 1038 2965 me,
1053 2892 1224 2968 peccatum
1235 2886 1267 2963 ¹).
1315 2886 1420 2970 Aque
1442 2885 1606 2949 daco-

360 2992 430 3057 bus
452 2992 536 3057 idem
558 3005 704 3068 testatur,
725 2993 778 3058 ubi
799 2992 859 3058 ait:
883 2997 978 3058 Unus
1004 3002 1141 3079 quiaque
1160 3015 1237 3057 vcro
1260 3001 1409 3056 tentetur
1429 3016 1450 3057 a
1471 3014 1608 3057 cett-

258 3098 263 3109 “
361 3109 562 3183 capescenda
585 3125 649 3165 aaa
670 3107 904 3167 abstractus
924 3115 962 3168 et
982 3108 1144 3168 attactae
1160 3107 1198 3183 ²).
1245 3102 1403 3167 Necnon
1418 3101 1610 3167 tamnu

362 3230 456 3275 saera
478 3231 578 3298 aeque
601 3232 639 3276 ac
662 3212 797 3297 profana
817 3213 911 3298 plena
931 3227 983 3278 est
1004 3211 1206 3279 documentis
1228 3210 1413 3277 dominatus
1435 3232 1609 3279 conca-

359 3320 536 3406 piacentiae
552 3332 644 3405 atque
661 3321 867 3406 impotentiae
884 3343 923 3387 ac
937 3321 1164 3387 imbecillitatis
1180 3333 1246 3385 tum
1263 3320 1401 3386 rationis
1417 3333 1483 3385 tum
1495 3340 1533 3386 vo
1555 3344 1611 3363 ⁶·

361 3427 489 3493 luntatis
504 3440 637 3493 nostrae
650 3436 687 3509 ⁸).

465 3539 549 3602 Esse
573 3550 677 3603 autem
698 3540 780 3605 hane
803 3541 983 3606 intellectus
1006 3554 1039 3606 et
1055 3541 1146 3606 liberi
1162 3539 1287 3605 arbitrii
1303 3539 1613 3605 intacitum-n

361 3659 454 3732 atque
470 3658 711 3731 praepotentem
728 3649 1020 3735 concupiscentiam
1038 3650 1199 3736 sequelam
1220 3662 1253 3714 et
1276 3670 1415 3735 poenam
1429 3632 1612 3736 peceat-23³⁹

362 3754 541 3842 originalis,
556 3754 629 3820 inde
646 3758 787 3842 adparet,
804 3757 953 3843 quoniam
970 3759 1009 3822 ab
1020 3771 1153 3844 unaque
1166 3759 1459 3843 protoparentesin
1469 3766 1610 3826 stat-¹

361 3863 561 3929 innocentiae
578 3863 734 3931 immunes
752 3879 853 3941 crant,
869 3869 981 3932 eadem
998 3880 1101 3932 tamen
1119 3880 1253 3952 peccato
1270 3880 1458 3953 perpetrato
1473 3881 1569 3933 un·
1595 3890 1604 3905 ·

363 3992 455 4057 quam
476 3994 580 4058 poena
601 3974 633 4037 in
655 3975 694 4039 iis
724 3975 833 4051 adluit,
863 3989 895 4041 et
910 3976 985 4041 hinc
1000 3976 1095 4041 etiam
1111 3976 1144 4040 in
1160 3975 1254 4040 nobis
1271 3988 1434 4064 tamqnam
1447 3996 1543 4063 poen
1560 3984 1599 4029 ²

362 4082 486 4165 peccati
501 4084 595 4168 hujus
612 4085 727 4148 adesse
744 4085 847 4149 debet.
894 4086 983 4150 Unde
1000 4087 1039 4149 ab
1054 4087 1248 4171 Apostolo
1264 4086 1339 4151 loeo
1363 4107 1462 4172 supra
1476 4086 1590 4151 ole-

362 4202 438 4277 gato
454 4203 487 4255 et
502 4191 580 4256 alias
593 4197 621 4271 ⁴)
639 4192 899 4276 concupiscentia
911 4204 1082 4276 peccatum
1105 4194 1291 4279 adpellatur,
1312 4195 1397 4280 quia,
1418 4207 1452 4260 ut
1466 4194 1580 4260 Con·

363 4299 468 4364 cilium
484 4301 631 4385 explicat,
648 4301 687 4366 ad
704 4314 871 4386 peccatum
887 4302 1027 4378 inclinat,
1043 4315 1078 4367 et
1092 4323 1134 4367 ex
1150 4315 1285 4388 peccato
1302 4302 1399 4392 θεῖ’).

474 4466 497 4545 ¹)
513 4468 600 4529 Rom.
619 4464 649 4540 ’1,
668 4464 810 4533 14-20.
827 4468 872 4529 ct.
889 4470 1003 4549 Ephes.
1020 4468 1052 4542 2,
1073 4468 1169 4532 1-3.
1183 4506 1226 4517 -
1238 4473 1265 4548 ²)
1285 4468 1315 4552 l,
1335 4468 1388 4535 14.
1407 4506 1446 4517 -
1464 4459 1549 4547 ’lffl
1598 4498 1600 4503 ’

363 4555 415 4615 Pe.
434 4553 489 4629 13,
516 4553 555 4617 11
582 4578 605 4618 s.
627 4557 719 4620 Prov.
736 4555 790 4633 20,
807 4556 837 4621 9.
854 4557 909 4632 24,
927 4559 978 4622 16.
1001 4561 1083 4622 Eccl.
1118 4558 1152 4634 7,
1177 4558 1230 4626 21.
1257 4557 1288 4623 2.
1314 4561 1419 4623 Paral.
1442 4557 1468 4631 6,
1487 4548 1537 4619 36·

364 4645 470 4708 Metel.
505 4644 564 4719 12,
592 4644 646 4709 34.
672 4645 765 4721 23,1
796 4669 836 4708 es.
862 4651 950 4716 Rom.
974 4650 1002 4732 l,
1027 4648 1078 4713 18.
1104 4648 1138 4724 3,
1162 4650 1213 4713 10.
1238 4649 1267 4713 1.
1295 4650 1390 4716 Joan.
1416 4647 1529 4723 l,8.⁴

367 4737 395 4815 ⁴)
411 4736 497 4799 Rom.
515 4734 544 4808 6,
564 4733 616 4799 12.
632 4737 765 4813 —⁵)Ol.
783 4741 836 4801 Ps.
854 4738 908 4814 48,
929 4739 979 4803 13.
998 4739 1050 4804 21.
1069 4742 1178 4804 Clam.
1196 4743 1302 4803 Alex.
1322 4736 1521 4807 octomela
