3775 5625
338 457 403 521 122

335 632 446 705 utpote
469 640 504 682 se
535 618 626 682 aliter
646 617 838 692 sentientes,
862 638 956 703 quoru
972 638 1009 682 se
1026 638 1100 681 esse
1117 628 1271 701 oportere
1288 619 1451 695 sciebant,
1476 642 1532 686 ex·

335 729 524 815 primuntur.
564 727 653 791 Unde
684 728 898 810 Apostolus
922 725 1150 790 necessitatem
1175 728 1352 792 naturalem
1372 730 1536 795 sentiendi

335 857 454 923 pravos
470 836 552 901 istos
569 835 850 920 concupiscentiae
866 847 974 899 motus
991 838 1091 914 leyen
1102 842 1250 918 peccati,
1268 835 1378 912 idest,
1396 858 1439 903 ex
1456 860 1532 923 pec·

257 946 261 952 ’
335 960 408 1012 coto
424 958 528 1010 ortem
544 946 649 1032 legem
666 956 797 1008 noturus
814 945 961 1027 adpellet,
978 944 1108 1008 dicens:
1145 948 1245 1008 Video
1262 948 1364 1010 altam
1380 949 1485 1026 teyem
1500 956 1536 1012 tn

335 1059 489 1119 membris
504 1061 598 1135 eneis,
617 1061 850 1135 repupucutem
866 1056 928 1133 lupi
943 1061 1063 1115 mentis
1079 1076 1181 1133 meae,
1200 1061 1234 1116 et
1248 1062 1467 1136 captivantem
1484 1080 1533 1121 nee

336 1173 370 1228 in
386 1168 506 1243 leqem
519 1170 690 1244 peccati,
708 1185 792 1245 puae
808 1171 860 1225 est
874 1170 909 1225 iu
930 1142 1084 1225 menbris
1095 1165 1219 1245 new).
1232 1164 1532 1231 ——Similiahebeut

335 1276 395 1337 SS.
411 1274 562 1345 Patres,
579 1282 613 1333 ut
629 1269 814 1334 nominatim
832 1270 1049 1354 Cyrillus2),
1065 1270 1529 1361 Macarius⁸)etbugusti·

335 1380 450 1460 nus⁴).
475 1417 520 1427 -
548 1377 763 1444 Concilium
795 1378 1069 1443 'tridentinum
1099 1378 1258 1443 autemid
1283 1379 1391 1465 ipsum
1423 1383 1530 1459 docet,

335 1491 410 1553 dum
441 1488 608 1551 methema
630 1486 722 1561 dicit,
744 1487 796 1573 qui
817 1509 881 1552 non
900 1486 1107 1562 confitentur,
1124 1497 1227 1551 totum
1242 1478 1348 1553 Adam
1360 1512 1424 1572 per
1439 1494 1531 1555 utun

331 1603 631 1680 praeuaricationis
646 1601 803 1677 offensam
819 1601 998 1660 secundum
1014 1619 1161 1679 corpus
1176 1606 1215 1660 et
1230 1606 1399 1662 animam
1414 1608 1459 1664 tn
1475 1605 1530 1665 de·

335 1712 463 1770 terius
504 1713 783 1768 commulatum
819 1711 980 1786 fuisse,
1027 1718 1120 1792 alque
1159 1713 1531 1789 concupiscentia·

332 1796 542 1896 peccatum
565 1816 735 1896 appellari,
767 1820 843 1896 qesta
873 1836 923 1878 eu
951 1824 1115 1895 peccato
1148 1823 1215 1895 est,
1248 1824 1283 1878 et
1301 1819 1348 1879 ad
1360 1827 1533 1899 peceatum

337 1923 517 2004 inclinar).

443 2030 473 2095 2.
499 2030 611 2109 Quoud
626 2052 772 2115 corpus
789 2044 896 2095 autem
911 2030 1005 2115 primi
1026 2030 1174 2096 homines
1205 2031 1540 2111 immortalitate,-

336 2160 430 2225 quurn
440 2139 529 2203 Deus
545 2138 625 2224 ipsis
642 2141 701 2204 sub
719 2160 758 2203 ee
773 2139 957 2205 conditione
973 2140 1110 2227 largitus
1126 2141 1241 2215 suerat,
1259 2154 1294 2205 ut
1310 2162 1330 2206 e
1344 2162 1382 2207 se
1395 2164 1463 2207 nou
1476 2145 1529 2208 de·

337 2248 526 2322 sciscerent,
542 2261 617 2312 sunt
633 2249 749 2324 orbuti,
765 2262 858 2334 atque
876 2249 1063 2315 necessitati
1079 2249 1252 2326 moriendi,
1270 2262 1303 2315 et
1317 2250 1391 2315 ideo
1407 2252 1532 2317 morbis

338 2378 377 2422 ec
393 2356 541 2421 omnibus
558 2357 707 2441 corporis
723 2357 826 2433 melis,
833 2378 914 2443 quoe
931 2379 974 2422 ex
982 2358 1035 2423 illu
1043 2358 1230 2423 necessario
1241 2359 1351 2435 fluunt,
1367 2372 1401 2423 et
1415 2362 1533 2427 mortis

335 2466 424 2553 quusi
441 2466 629 2550 praenuntia
644 2479 728 2542 sunt,
745 2466 877 2532 obnoxii
898 2465 1014 2533 effecti.
1031 2470 1133 2532 Dicit
1146 2468 1262 2548 (enim)
1274 2472 1407 2533 meliert
1424 2470 1532 2551 (Deus

335 2574 534 2660 puniturus):
581 2577 813 2658 Multiplicabc
843 2598 1072 2656 ¹aerumnas
1103 2585 1214 2640 tuas:
1245 2586 1283 2640 et
1312 2589 1533 2662 conceptue

336 2698 443 2750 tuoe:
459 2690 500 2749 tn
516 2686 655 2748 dolore
667 2694 805 2768 partes
822 2688 959 2767 sitlos,
973 2693 1015 2748 et
1027 2687 1098 2749 sub
1113 2691 1191 2748 utri
1203 2694 1407 2767 potestate
1422 2694 1530 2769 eris,

442 3051 466 3133 ¹)
482 3053 568 3114 Rom.
586 3049 615 3126 l,
632 3047 685 3114 23.
703 3050 749 3114 Ol.
766 3050 860 3113 (lonc.
877 3050 977 3114 Trid.
994 3072 1036 3113 ss.
1055 3053 1085 3112 5.
1104 3053 1184 3113 decr.
1203 3055 1239 3111 de
1249 3071 1332 3127 pecc.
1351 3052 1430 3129 oric.
1449 3055 1530 3118 5.-’-

335 3145 362 3224 ²)
379 3143 465 3204 Oont.
482 3143 602 3204 Julian.
618 3145 638 3202 l.
656 3140 686 3204 3.
704 3141 784 3223 Opp.
801 3139 879 3204 Τ.6.
893 3145 929 3203 Ρ.
948 3140 979 3204 2.
996 3163 1026 3222 p.
1043 3139 1099 3208 90.
1116 3142 1151 3204 O.
1168 3144 1209 3205 D.
1226 3145 1339 3203 Postea
1352 3161 1425 3202 vero
1441 3162 1532 3220 quan

332 3236 367 3294 in
383 3271 426 3283 --
442 3238 543 3295 Deum
558 3233 693 3315 offendit,
711 3241 739 3294 et
753 3237 856 3294 dctun
874 3236 1052 3294 mancinum
1074 3233 1221 3310 neclecti,
1239 3239 1268 3292 et
1280 3233 1532 3310 irrternpercntice

331 3326 454 3388 initium
468 3325 517 3386 illi
531 3326 689 3386 vetitorum
703 3325 858 3406 mesnil,
874 3324 1005 3385 uictus
1022 3330 1077 3384 est
1092 3323 1273 3400 deinceps
1289 3324 1357 3399 iis,
1374 3344 1471 3402 quae
1486 3329 1532 3387 cd

330 3420 461 3478 nulum
488 3416 661 3497 rapiunt,
692 3416 977 3496 uoluptatibus,
1008 3415 1428 3492 eluaturumcorporis
1444 3436 1528 3492 pec·

331 3507 410 3568 ccli
431 3509 492 3567 len
513 3506 767 3588 subintravit,
791 3513 825 3566 et
850 3526 893 3566 eu
913 3505 1169 3581 corruptione
1196 3512 1387 3582 tamquam
1408 3505 1531 3582 impia

332 3597 465 3659 radice
481 3596 696 3658 inmanium
712 3595 968 3674 cupiditatum
981 3596 1105 3656 morbi
1121 3598 1391 3678 pullularunt,
1407 3603 1438 3656 et
1450 3599 1532 3657 uelut

331 3689 531 3749 immansueta
551 3690 649 3748 bellun
670 3686 766 3746 saeuit
780 3690 898 3746 denum
916 3687 952 3747 in
970 3686 1058 3746 nobis
1080 3706 1182 3746 amor
1196 3687 1417 3762 uoluptatis
1432 3689 1528 3749 onst

331 3781 386 3839 bris
402 3778 535 3838 muniunt
554 3777 737 3856 optumrum
752 3796 853 3838 reruni
868 3777 981 3838 studiis
1002 3781 1152 3837 adversus
1174 3784 1203 3837 et
1220 3775 1362 3855 infestus.
1378 3812 1422 3825 -
1442 3777 1532 3858 ⁸)De

285 3887 289 3896 ’
332 3870 648 3934 innumeratum.
672 3868 711 3928 In
735 3866 906 3928 Galland.
927 3868 1013 3930 Ribl.
1034 3871 1103 3932 ΡΡ.
1126 3865 1165 3930 T.
1184 3864 1213 3928 7.
1229 3889 1260 3948 p.
1276 3863 1353 3930 218.
1374 3867 1532 3931 Sententia

330 3960 438 4023 mortis
471 3995 512 4004 -
542 3959 676 4038 primurn
696 3958 938 4018 exsecutioni
962 3961 1144 4019 mundata
1164 3965 1218 4018 est
1237 3957 1278 4017 in
1293 3960 1374 4036 ejus
1389 3954 1532 4042 (Adumil

331 4051 472 4132 anima,
488 4070 555 4111 uere
569 4070 627 4130 per
637 4052 872 4128 peccatumjcrn
888 4057 951 4109 turn
965 4056 1095 4131 mortua,
1111 4047 1434 4109 intellectualibus
1451 4053 1530 4130 ejus

331 4141 506 4202 sensibus
536 4161 606 4219 per
628 4140 833 4216 privationem
853 4139 990 4200 coelestis
1007 4146 1036 4199 et
1050 4137 1228 4217 spiritualis
1242 4138 1374 4216 prunae,
1390 4141 1529 4200 exstin-

331 4232 417 4302 ctis,
439 4240 472 4292 et
486 4235 532 4291 cd
547 4238 778 4293 mortuorum
793 4230 1089 4290 similitudinem
1105 4229 1280 4290 redactis.
1300 4266 1342 4274 —
1361 4224 1387 4314 ⁴)
1403 4233 1456 4291 De
1472 4231 1529 4297 cie.

330 4327 373 4383 D.
400 4325 420 4384 l.
438 4325 487 4382 14.
504 4343 529 4382 c.
548 4326 598 4382 17.
615 4318 653 4383 Τ.
673 4319 702 4384 l.
720 4343 745 4381 c.
763 4318 839 4384 369.
858 4321 971 4382 Gratia
986 4327 1108 4401 renota,
1123 4328 1159 4379 ut
1167 4339 1269 4395 poena
1291 4319 1452 4398 reciproca
1482 4321 1529 4381 in·

331 4413 500 4474 obedientia
513 4415 698 4490 plecteretur,
716 4412 831 4472 cestim
844 4411 883 4470 in
902 4417 999 4471 notu
1014 4410 1194 4486 corporis
1210 4414 1392 4487 quaedem
1407 4411 1528 4489 impu·

332 4507 421 4564 dens
446 4502 614 4584 nouitas,
635 4506 715 4562 unde
738 4509 816 4562 esset
828 4502 970 4562 indecens
985 4501 1126 4574 nuditcs,·
1143 4507 1172 4561 et
1178 4500 1259 4579 fecit
1273 4507 1408 4572 abenton,
1426 4502 1527 4563 reddi

332 4594 435 4670 diique
455 4594 610 4672 confusos.
639 4629 679 4638 —
705 4593 842 4652 Proinde
862 4591 1261 4670 consustinobedientin
1276 4591 1406 4651 carnis
1429 4612 1529 4674 suae,

332 4691 483 4761 nunquam
499 4690 571 4744 teste
585 4703 682 4761 poena
697 4681 915 4742 inobedientiae
930 4702 1013 4763 suae,
1029 4689 1212 4741 consuerunt
1219 4682 1307 4760 folin
1315 4682 1389 4763 fici,
1405 4689 1435 4742 et
1444 4683 1527 4761 fece·

331 4782 404 4835 runt
427 4775 489 4836 sibi
514 4773 717 4837 succinctoria
737 4772 924 4855 yenitalium.
942 4809 985 4820 -
1004 4771 1028 4857 5)
1045 4772 1127 4839 dees.
1143 4774 1173 4837 ὅ.
1189 4775 1282 4836 Decr.
1299 4775 1336 4833 de
1349 4792 1429 4851 pecc.
1447 4773 1527 4851 erip.

333 4869 362 4934 1.
388 4872 415 4925 et
437 4868 466 4931 5.

242 4980 375 5022 Α...
