<?xml version="1.0" encoding="UTF-8"?>
<!DOCTYPE html PUBLIC "-//W3C//DTD XHTML 1.0 Transitional//EN"
    "http://www.w3.org/TR/xhtml1/DTD/xhtml1-transitional.dtd">
<html xmlns="http://www.w3.org/1999/xhtml" xml:lang="en" lang="en">
 <head>
  <title>
</title>
<meta http-equiv="Content-Type" content="text/html;charset=utf-8" />
  <meta name='ocr-system' content='tesseract 3.04.00' />
  <meta name='ocr-capabilities' content='ocr_page ocr_carea ocr_par ocr_line ocrx_word'/>
</head>
<body>
  <div class='ocr_page' id='page_1' title='image "./theologiadogmat00schwgoog/theologiadogmat00schwgoog_0204.png"; bbox 0 0 3775 5625; ppageno 0'>
   <div class='ocr_carea' id='block_1_1' title="bbox 346 412 412 486">
    <p class='ocr_par' dir='ltr' id='par_1_1' title="bbox 346 412 412 486">
     <span class='ocr_line' id='line_1_1' title="bbox 346 412 412 486; baseline -0.03 0"><span class='ocrx_word' id='word_1_1' title='bbox 346 412 412 486; x_wconf 66' lang='grc'><strong>190</strong></span> 
     </span>
    </p>
   </div>
   <div class='ocr_carea' id='block_1_2' title="bbox 343 574 1544 3724">
    <p class='ocr_par' dir='ltr' id='par_1_2' title="bbox 343 574 1544 1972">
     <span class='ocr_line' id='line_1_2' title="bbox 343 574 1544 664; baseline 0.002 -22"><span class='ocrx_word' id='word_1_2' title='bbox 343 597 402 646; x_wconf 90' lang='lat' dir='ltr'><strong>ros</strong></span> <span class='ocrx_word' id='word_1_3' title='bbox 417 576 695 652; x_wconf 59' lang='lat' dir='ltr'><strong>veremudum,</strong></span> <span class='ocrx_word' id='word_1_4' title='bbox 715 574 864 652; x_wconf 84' lang='lat' dir='ltr'><strong>nimirum</strong></span> <span class='ocrx_word' id='word_1_5' title='bbox 883 588 919 642; x_wconf 87' lang='lat' dir='ltr'><strong>ut</strong></span> <span class='ocrx_word' id='word_1_6' title='bbox 939 597 1058 662; x_wconf 86' lang='lat' dir='ltr'><strong>corpus</strong></span> <span class='ocrx_word' id='word_1_7' title='bbox 1078 576 1253 643; x_wconf 87' lang='lat' dir='ltr'><strong>liberorum</strong></span> <span class='ocrx_word' id='word_1_8' title='bbox 1272 598 1416 664; x_wconf 79' lang='lat' dir='ltr'><strong>prorsus</strong></span> <span class='ocrx_word' id='word_1_9' title='bbox 1438 576 1544 644; x_wconf 70' lang='lat' dir='ltr'><strong>effla</strong></span> 
     </span>
     <span class='ocr_line' id='line_1_3' title="bbox 345 684 1544 771; baseline 0.004 -20"><span class='ocrx_word' id='word_1_10' title='bbox 345 686 389 752; x_wconf 89' lang='lat' dir='ltr'><strong>sit</strong></span> <span class='ocrx_word' id='word_1_11' title='bbox 420 684 551 771; x_wconf 84' lang='lat' dir='ltr'><strong>corpori</strong></span> <span class='ocrx_word' id='word_1_12' title='bbox 586 698 770 771; x_wconf 84' lang='lat' dir='ltr'><strong>pareutum,</strong></span> <span class='ocrx_word' id='word_1_13' title='bbox 816 684 992 771; x_wconf 81' lang='lat' dir='ltr'><strong>iisdemque</strong></span> <span class='ocrx_word' id='word_1_14' title='bbox 1023 685 1274 771; x_wconf 87' lang='lat' dir='ltr'><strong>proprietatibus</strong></span> <span class='ocrx_word' id='word_1_15' title='bbox 1312 686 1544 756; x_wconf 70' lang='lat' dir='ltr'><strong>essentialibus</strong></span> 
     </span>
     <span class='ocr_line' id='line_1_4' title="bbox 345 792 1544 881; baseline 0.001 -21"><span class='ocrx_word' id='word_1_16' title='bbox 345 792 540 880; x_wconf 85' lang='lat' dir='ltr'><strong>praeditum,</strong></span> <span class='ocrx_word' id='word_1_17' title='bbox 561 806 594 859; x_wconf 92' lang='lat' dir='ltr'><strong>et</strong></span> <span class='ocrx_word' id='word_1_18' title='bbox 608 806 643 859; x_wconf 89' lang='lat' dir='ltr'><strong>ut</strong></span> <span class='ocrx_word' id='word_1_19' title='bbox 658 793 763 858; x_wconf 89' lang='lat' dir='ltr'><strong>anima</strong></span> <span class='ocrx_word' id='word_1_20' title='bbox 783 815 841 878; x_wconf 90' lang='lat' dir='ltr'><strong>per</strong></span> <span class='ocrx_word' id='word_1_21' title='bbox 862 792 1013 859; x_wconf 87' lang='lat' dir='ltr'><strong>unionem</strong></span> <span class='ocrx_word' id='word_1_22' title='bbox 1035 815 1108 859; x_wconf 89' lang='lat' dir='ltr'><strong>cum</strong></span> <span class='ocrx_word' id='word_1_23' title='bbox 1130 816 1269 881; x_wconf 88' lang='lat' dir='ltr'><strong>corpore</strong></span> <span class='ocrx_word' id='word_1_24' title='bbox 1301 794 1544 881; x_wconf 68' lang='lat' dir='ltr'><strong>propensione:</strong></span> 
     </span>
     <span class='ocr_line' id='line_1_5' title="bbox 346 900 1544 989; baseline -0.002 -19"><span class='ocrx_word' id='word_1_25' title='bbox 346 901 597 971; x_wconf 86' lang='lat' dir='ltr'><strong>seuaffectiones</strong></span> <span class='ocrx_word' id='word_1_26' title='bbox 605 900 964 988; x_wconf 82' lang='lat' dir='ltr'><strong>proprietatibusipsius</strong></span> <span class='ocrx_word' id='word_1_27' title='bbox 972 916 1189 989; x_wconf 87' lang='lat' dir='ltr'><strong>congruentes</strong></span> <span class='ocrx_word' id='word_1_28' title='bbox 1197 902 1341 989; x_wconf 88' lang='lat' dir='ltr'><strong>recipiat</strong></span> <span class='ocrx_word' id='word_1_29' title='bbox 1353 902 1544 970; x_wconf 82' lang='lat' dir='ltr'><strong>Vitiatoits·</strong></span> 
     </span>
     <span class='ocr_line' id='line_1_6' title="bbox 347 1006 1544 1099; baseline 0.001 -20"><span class='ocrx_word' id='word_1_30' title='bbox 347 1033 408 1099; x_wconf 94' lang='lat' dir='ltr'><strong>que</strong></span> <span class='ocrx_word' id='word_1_31' title='bbox 425 1034 483 1098; x_wconf 90' lang='lat' dir='ltr'><strong>per</strong></span> <span class='ocrx_word' id='word_1_32' title='bbox 498 1024 666 1097; x_wconf 88' lang='lat' dir='ltr'><strong>peccatum</strong></span> <span class='ocrx_word' id='word_1_33' title='bbox 682 1010 820 1095; x_wconf 89' lang='lat' dir='ltr'><strong>primum</strong></span> <span class='ocrx_word' id='word_1_34' title='bbox 840 1006 955 1076; x_wconf 74' lang='lat' dir='ltr'><strong>nabod</strong></span> <span class='ocrx_word' id='word_1_35' title='bbox 975 1032 1114 1097; x_wconf 87' lang='lat' dir='ltr'><strong>corpore</strong></span> <span class='ocrx_word' id='word_1_36' title='bbox 1145 1011 1401 1099; x_wconf 76' lang='lat' dir='ltr'><strong>protoparentis,</strong></span> <span class='ocrx_word' id='word_1_37' title='bbox 1416 1024 1544 1099; x_wconf 75' lang='lat' dir='ltr'><strong>postet</strong></span> 
     </span>
     <span class='ocr_line' id='line_1_7' title="bbox 347 1120 1544 1210; baseline 0.003 -23"><span class='ocrx_word' id='word_1_38' title='bbox 347 1124 434 1208; x_wconf 90' lang='lat' dir='ltr'><strong>ejus,</strong></span> <span class='ocrx_word' id='word_1_39' title='bbox 459 1143 542 1207; x_wconf 90' lang='lat' dir='ltr'><strong>quos</strong></span> <span class='ocrx_word' id='word_1_40' title='bbox 559 1123 598 1186; x_wconf 91' lang='lat' dir='ltr'><strong>ad</strong></span> <span class='ocrx_word' id='word_1_41' title='bbox 613 1120 786 1207; x_wconf 80' lang='lat' dir='ltr'><strong>imaginem</strong></span> <span class='ocrx_word' id='word_1_42' title='bbox 811 1140 902 1184; x_wconf 91' lang='lat' dir='ltr'><strong>suam</strong></span> <span class='ocrx_word' id='word_1_43' title='bbox 927 1120 1053 1207; x_wconf 88' lang='lat' dir='ltr'><strong>genuit,</strong></span> <span class='ocrx_word' id='word_1_44' title='bbox 1077 1121 1152 1188; x_wconf 89' lang='lat' dir='ltr'><strong>licet</strong></span> <span class='ocrx_word' id='word_1_45' title='bbox 1166 1121 1398 1209; x_wconf 85' lang='lat' dir='ltr'><strong>poenitentiam</strong></span> <span class='ocrx_word' id='word_1_46' title='bbox 1420 1120 1544 1210; x_wconf 75' lang='lat' dir='ltr'><strong>egerit</strong></span> 
     </span>
     <span class='ocr_line' id='line_1_8' title="bbox 347 1230 1544 1319; baseline 0 -23"><span class='ocrx_word' id='word_1_47' title='bbox 347 1252 428 1318; x_wconf 91' lang='lat' dir='ltr'><strong>quae</strong></span> <span class='ocrx_word' id='word_1_48' title='bbox 453 1230 607 1305; x_wconf 84' lang='lat' dir='ltr'><strong>animam,</strong></span> <span class='ocrx_word' id='word_1_49' title='bbox 646 1250 712 1295; x_wconf 91' lang='lat' dir='ltr'><strong>non</strong></span> <span class='ocrx_word' id='word_1_50' title='bbox 749 1241 854 1294; x_wconf 90' lang='lat' dir='ltr'><strong>autem</strong></span> <span class='ocrx_word' id='word_1_51' title='bbox 886 1250 1005 1314; x_wconf 87' lang='lat' dir='ltr'><strong>corpus</strong></span> <span class='ocrx_word' id='word_1_52' title='bbox 1041 1230 1233 1308; x_wconf 79' lang='lat' dir='ltr'><strong>immutavit,</strong></span> <span class='ocrx_word' id='word_1_53' title='bbox 1260 1253 1303 1298; x_wconf 86' lang='lat' dir='ltr'><strong>ex</strong></span> <span class='ocrx_word' id='word_1_54' title='bbox 1333 1231 1409 1319; x_wconf 76' lang='lat' dir='ltr'><strong>lege</strong></span> <span class='ocrx_word' id='word_1_55' title='bbox 1441 1230 1544 1317; x_wconf 74' lang='lat' dir='ltr'><strong>prio·</strong></span> 
     </span>
     <span class='ocr_line' id='line_1_9' title="bbox 347 1339 1544 1427; baseline 0.002 -23"><span class='ocrx_word' id='word_1_56' title='bbox 347 1341 457 1408; x_wconf 89' lang='lat' dir='ltr'><strong>vitium</strong></span> <span class='ocrx_word' id='word_1_57' title='bbox 478 1339 641 1425; x_wconf 87' lang='lat' dir='ltr'><strong>corporis,</strong></span> <span class='ocrx_word' id='word_1_58' title='bbox 665 1351 698 1404; x_wconf 90' lang='lat' dir='ltr'><strong>et</strong></span> <span class='ocrx_word' id='word_1_59' title='bbox 712 1360 771 1424; x_wconf 92' lang='lat' dir='ltr'><strong>per</strong></span> <span class='ocrx_word' id='word_1_60' title='bbox 786 1340 888 1403; x_wconf 86' lang='lat' dir='ltr'><strong>hocce</strong></span> <span class='ocrx_word' id='word_1_61' title='bbox 920 1360 963 1404; x_wconf 85' lang='lat' dir='ltr'><strong>ex</strong></span> <span class='ocrx_word' id='word_1_62' title='bbox 993 1339 1066 1427; x_wconf 83' lang='lat' dir='ltr'><strong>lege</strong></span> <span class='ocrx_word' id='word_1_63' title='bbox 1097 1340 1285 1425; x_wconf 87' lang='lat' dir='ltr'><strong>posteriori·</strong></span> <span class='ocrx_word' id='word_1_64' title='bbox 1303 1341 1400 1406; x_wconf 87' lang='lat' dir='ltr'><strong>etiam</strong></span> <span class='ocrx_word' id='word_1_65' title='bbox 1432 1339 1544 1414; x_wconf 66' lang='lat' dir='ltr'><strong>vitiu}</strong></span> 
     </span>
     <span class='ocr_line' id='line_1_10' title="bbox 348 1446 1544 1536; baseline -0.003 -19"><span class='ocrx_word' id='word_1_66' title='bbox 348 1450 486 1525; x_wconf 82' lang='lat' dir='ltr'><strong>animae,</strong></span> <span class='ocrx_word' id='word_1_67' title='bbox 508 1447 679 1514; x_wconf 88' lang='lat' dir='ltr'><strong>voluntatis</strong></span> <span class='ocrx_word' id='word_1_68' title='bbox 695 1446 939 1533; x_wconf 87' lang='lat' dir='ltr'><strong>perversitatem</strong></span> <span class='ocrx_word' id='word_1_69' title='bbox 955 1447 1129 1534; x_wconf 80' lang='lat' dir='ltr'><strong>recipiunt3</strong></span> <span class='ocrx_word' id='word_1_70' title='bbox 1169 1448 1265 1514; x_wconf 81' lang='lat' dir='ltr'><strong>simili</strong></span> <span class='ocrx_word' id='word_1_71' title='bbox 1279 1450 1398 1525; x_wconf 90' lang='lat' dir='ltr'><strong>modo,</strong></span> <span class='ocrx_word' id='word_1_72' title='bbox 1431 1453 1544 1536; x_wconf 76' lang='lat' dir='ltr'><strong>quoi</strong></span> 
     </span>
     <span class='ocr_line' id='line_1_11' title="bbox 348 1557 1544 1644; baseline -0.004 -16"><span class='ocrx_word' id='word_1_73' title='bbox 348 1558 566 1628; x_wconf 67' lang='lat' dir='ltr'><strong>&amp;momentis</strong></span> <span class='ocrx_word' id='word_1_74' title='bbox 582 1578 640 1643; x_wconf 91' lang='lat' dir='ltr'><strong>per</strong></span> <span class='ocrx_word' id='word_1_75' title='bbox 656 1568 839 1624; x_wconf 88' lang='lat' dir='ltr'><strong>contactum</strong></span> <span class='ocrx_word' id='word_1_76' title='bbox 860 1559 1064 1642; x_wconf 79' lang='lat' dir='ltr'><strong>corporalem</strong></span> <span class='ocrx_word' id='word_1_77' title='bbox 1085 1578 1184 1644; x_wconf 87' lang='lat' dir='ltr'><strong>aquae</strong></span> <span class='ocrx_word' id='word_1_78' title='bbox 1207 1570 1261 1623; x_wconf 86' lang='lat' dir='ltr'><strong>aut</strong></span> <span class='ocrx_word' id='word_1_79' title='bbox 1283 1557 1364 1622; x_wconf 84' lang='lat' dir='ltr'><strong>alius</strong></span> <span class='ocrx_word' id='word_1_80' title='bbox 1387 1557 1544 1634; x_wconf 65' lang='lat' dir='ltr'><strong>menn.</strong></span> 
     </span>
     <span class='ocr_line' id='line_1_12' title="bbox 348 1665 1544 1756; baseline -0.002 -23"><span class='ocrx_word' id='word_1_81' title='bbox 348 1666 588 1735; x_wconf 84' lang='lat' dir='ltr'><strong>sacramentalis</strong></span> <span class='ocrx_word' id='word_1_82' title='bbox 613 1665 770 1751; x_wconf 85' lang='lat' dir='ltr'><strong>justitiam</strong></span> <span class='ocrx_word' id='word_1_83' title='bbox 801 1666 1042 1752; x_wconf 86' lang='lat' dir='ltr'><strong>consequimur,</strong></span> <span class='ocrx_word' id='word_1_84' title='bbox 1081 1679 1114 1732; x_wconf 90' lang='lat' dir='ltr'><strong>et</strong></span> <span class='ocrx_word' id='word_1_85' title='bbox 1144 1688 1202 1753; x_wconf 92' lang='lat' dir='ltr'><strong>per</strong></span> <span class='ocrx_word' id='word_1_86' title='bbox 1234 1668 1442 1752; x_wconf 73' lang='lat' dir='ltr'><strong>corporalem</strong></span> <span class='ocrx_word' id='word_1_87' title='bbox 1472 1688 1544 1756; x_wconf 60' lang='lat' dir='ltr'><strong>cuiq</strong></span> 
     </span>
     <span class='ocr_line' id='line_1_13' title="bbox 349 1774 1544 1860; baseline -0.003 -15"><span class='ocrx_word' id='word_1_88' title='bbox 349 1776 477 1845; x_wconf 83' lang='lat' dir='ltr'><strong>Christo</strong></span> <span class='ocrx_word' id='word_1_89' title='bbox 498 1777 557 1841; x_wconf 93' lang='lat' dir='ltr'><strong>sub</strong></span> <span class='ocrx_word' id='word_1_90' title='bbox 580 1775 751 1860; x_wconf 86' lang='lat' dir='ltr'><strong>speciebus</strong></span> <span class='ocrx_word' id='word_1_91' title='bbox 771 1774 863 1860; x_wconf 91' lang='lat' dir='ltr'><strong>panis</strong></span> <span class='ocrx_word' id='word_1_92' title='bbox 885 1774 1004 1840; x_wconf 90' lang='lat' dir='ltr'><strong>etvini</strong></span> <span class='ocrx_word' id='word_1_93' title='bbox 1027 1774 1061 1839; x_wconf 87' lang='lat' dir='ltr'><strong>in</strong></span> <span class='ocrx_word' id='word_1_94' title='bbox 1087 1778 1147 1840; x_wconf 83' lang='lat' dir='ltr'><strong>SS.</strong></span> <span class='ocrx_word' id='word_1_95' title='bbox 1168 1775 1392 1842; x_wconf 82' lang='lat' dir='ltr'><strong>Eucharistiae</strong></span> <span class='ocrx_word' id='word_1_96' title='bbox 1426 1779 1544 1850; x_wconf 72' lang='lat' dir='ltr'><strong>Sacra·</strong></span> 
     </span>
     <span class='ocr_line' id='line_1_14' title="bbox 347 1883 1156 1972; baseline -0.006 -17"><span class='ocrx_word' id='word_1_97' title='bbox 347 1900 455 1956; x_wconf 85' lang='lat' dir='ltr'><strong>mento</strong></span> <span class='ocrx_word' id='word_1_98' title='bbox 472 1885 670 1972; x_wconf 86' lang='lat' dir='ltr'><strong>spiritualem</strong></span> <span class='ocrx_word' id='word_1_99' title='bbox 686 1906 759 1950; x_wconf 92' lang='lat' dir='ltr'><strong>cum</strong></span> <span class='ocrx_word' id='word_1_100' title='bbox 775 1883 848 1969; x_wconf 92' lang='lat' dir='ltr'><strong>ipso</strong></span> <span class='ocrx_word' id='word_1_101' title='bbox 863 1883 1015 1950; x_wconf 89' lang='lat' dir='ltr'><strong>unionem</strong></span> <span class='ocrx_word' id='word_1_102' title='bbox 1030 1883 1156 1950; x_wconf 91' lang='lat' dir='ltr'><strong>inimus.</strong></span> 
     </span>
    </p>

    <p class='ocr_par' dir='ltr' id='par_1_3' title="bbox 348 1991 1544 2939">
     <span class='ocr_line' id='line_1_15' title="bbox 454 1991 1544 2081; baseline -0.002 -21"><span class='ocrx_word' id='word_1_103' title='bbox 454 1999 572 2060; x_wconf 86' lang='lat' dir='ltr'><strong>Sumus</strong></span> <span class='ocrx_word' id='word_1_104' title='bbox 609 1994 714 2079; x_wconf 91' lang='lat' dir='ltr'><strong>itaque</strong></span> <span class='ocrx_word' id='word_1_105' title='bbox 739 2013 798 2077; x_wconf 89' lang='lat' dir='ltr'><strong>per</strong></span> <span class='ocrx_word' id='word_1_106' title='bbox 823 1992 981 2060; x_wconf 81' lang='lat' dir='ltr'><strong>Adamum</strong></span> <span class='ocrx_word' id='word_1_107' title='bbox 1006 1991 1136 2078; x_wconf 85' lang='lat' dir='ltr'><strong>perditi,</strong></span> <span class='ocrx_word' id='word_1_108' title='bbox 1165 1994 1441 2081; x_wconf 86' lang='lat' dir='ltr'><strong>quemadmodum</strong></span> <span class='ocrx_word' id='word_1_109' title='bbox 1482 2013 1544 2080; x_wconf 74' lang='lat' dir='ltr'><strong>per</strong></span> 
     </span>
     <span class='ocr_line' id='line_1_16' title="bbox 349 2100 1544 2189; baseline -0.004 -17"><span class='ocrx_word' id='word_1_110' title='bbox 349 2105 512 2176; x_wconf 74' lang='lat' dir='ltr'><strong>Christum</strong></span> <span class='ocrx_word' id='word_1_111' title='bbox 528 2103 608 2170; x_wconf 86' lang='lat' dir='ltr'><strong>salvi</strong></span> <span class='ocrx_word' id='word_1_112' title='bbox 623 2101 747 2168; x_wconf 84' lang='lat' dir='ltr'><strong>redditi.</strong></span> <span class='ocrx_word' id='word_1_113' title='bbox 772 2101 863 2167; x_wconf 84' lang='lat' dir='ltr'><strong>Sicut</strong></span> <span class='ocrx_word' id='word_1_114' title='bbox 883 2100 969 2166; x_wconf 91' lang='lat' dir='ltr'><strong>enim</strong></span> <span class='ocrx_word' id='word_1_115' title='bbox 984 2122 1043 2186; x_wconf 91' lang='lat' dir='ltr'><strong>per</strong></span> <span class='ocrx_word' id='word_1_116' title='bbox 1059 2101 1271 2168; x_wconf 88' lang='lat' dir='ltr'><strong>obedientiam</strong></span> <span class='ocrx_word' id='word_1_117' title='bbox 1292 2116 1388 2189; x_wconf 83' lang='lat' dir='ltr'><strong>atque</strong></span> <span class='ocrx_word' id='word_1_118' title='bbox 1404 2114 1544 2176; x_wconf 70' lang='lat' dir='ltr'><strong>morter·</strong></span> 
     </span>
     <span class='ocr_line' id='line_1_17' title="bbox 350 2211 1543 2301; baseline -0.002 -21"><span class='ocrx_word' id='word_1_119' title='bbox 350 2214 469 2286; x_wconf 75' lang='lat' dir='ltr'><strong>Christi</strong></span> <span class='ocrx_word' id='word_1_120' title='bbox 485 2212 613 2278; x_wconf 86' lang='lat' dir='ltr'><strong>Domini</strong></span> <span class='ocrx_word' id='word_1_121' title='bbox 629 2211 777 2278; x_wconf 89' lang='lat' dir='ltr'><strong>omnibus</strong></span> <span class='ocrx_word' id='word_1_122' title='bbox 792 2212 857 2296; x_wconf 91' lang='lat' dir='ltr'><strong>jus</strong></span> <span class='ocrx_word' id='word_1_123' title='bbox 873 2212 993 2277; x_wconf 85' lang='lat' dir='ltr'><strong>lactum</strong></span> <span class='ocrx_word' id='word_1_124' title='bbox 1015 2224 1080 2285; x_wconf 88' lang='lat' dir='ltr'><strong>est,</strong></span> <span class='ocrx_word' id='word_1_125' title='bbox 1107 2232 1166 2297; x_wconf 87' lang='lat' dir='ltr'><strong>per</strong></span> <span class='ocrx_word' id='word_1_126' title='bbox 1186 2211 1385 2297; x_wconf 89' lang='lat' dir='ltr'><strong>spiritualem</strong></span> <span class='ocrx_word' id='word_1_127' title='bbox 1405 2233 1543 2301; x_wconf 82' lang='lat' dir='ltr'><strong>regens·</strong></span> 
     </span>
     <span class='ocr_line' id='line_1_18' title="bbox 349 2319 1544 2407; baseline 0.001 -20"><span class='ocrx_word' id='word_1_128' title='bbox 349 2323 507 2392; x_wconf 89' lang='lat' dir='ltr'><strong>rationem</strong></span> <span class='ocrx_word' id='word_1_129' title='bbox 528 2320 724 2407; x_wconf 83' lang='lat' dir='ltr'><strong>deperditam</strong></span> <span class='ocrx_word' id='word_1_130' title='bbox 742 2319 901 2405; x_wconf 89' lang='lat' dir='ltr'><strong>justitiam</strong></span> <span class='ocrx_word' id='word_1_131' title='bbox 917 2333 1010 2407; x_wconf 87' lang='lat' dir='ltr'><strong>atque</strong></span> <span class='ocrx_word' id='word_1_132' title='bbox 1028 2321 1287 2405; x_wconf 90' lang='lat' dir='ltr'><strong>conjunctionem</strong></span> <span class='ocrx_word' id='word_1_133' title='bbox 1310 2344 1382 2387; x_wconf 90' lang='lat' dir='ltr'><strong>cum</strong></span> <span class='ocrx_word' id='word_1_134' title='bbox 1403 2324 1474 2388; x_wconf 90' lang='lat' dir='ltr'><strong>Deo</strong></span> <span class='ocrx_word' id='word_1_135' title='bbox 1486 2341 1544 2388; x_wconf 74' lang='lat' dir='ltr'><strong>re-</strong></span> 
     </span>
     <span class='ocr_line' id='line_1_19' title="bbox 350 2429 1544 2519; baseline -0.005 -17"><span class='ocrx_word' id='word_1_136' title='bbox 350 2432 502 2519; x_wconf 86' lang='lat' dir='ltr'><strong>cipiendi:</strong></span> <span class='ocrx_word' id='word_1_137' title='bbox 525 2432 570 2497; x_wconf 87' lang='lat' dir='ltr'><strong>ita</strong></span> <span class='ocrx_word' id='word_1_138' title='bbox 589 2452 648 2517; x_wconf 90' lang='lat' dir='ltr'><strong>per</strong></span> <span class='ocrx_word' id='word_1_139' title='bbox 671 2429 919 2496; x_wconf 87' lang='lat' dir='ltr'><strong>inobedientiam</strong></span> <span class='ocrx_word' id='word_1_140' title='bbox 956 2442 1049 2516; x_wconf 90' lang='lat' dir='ltr'><strong>atque</strong></span> <span class='ocrx_word' id='word_1_141' title='bbox 1080 2443 1248 2515; x_wconf 90' lang='lat' dir='ltr'><strong>peccatum</strong></span> <span class='ocrx_word' id='word_1_142' title='bbox 1275 2432 1364 2498; x_wconf 76' lang='lat' dir='ltr'><strong>Adae</strong></span> <span class='ocrx_word' id='word_1_143' title='bbox 1393 2431 1544 2497; x_wconf 73' lang='lat' dir='ltr'><strong>omnibu</strong></span> 
     </span>
     <span class='ocr_line' id='line_1_20' title="bbox 350 2539 1544 2627; baseline -0.003 -17"><span class='ocrx_word' id='word_1_144' title='bbox 350 2544 518 2610; x_wconf 90' lang='lat' dir='ltr'><strong>debitum</strong></span> <span class='ocrx_word' id='word_1_145' title='bbox 533 2553 722 2615; x_wconf 74' lang='lat' dir='ltr'><strong>natumst,</strong></span> <span class='ocrx_word' id='word_1_146' title='bbox 745 2561 804 2625; x_wconf 88' lang='lat' dir='ltr'><strong>per</strong></span> <span class='ocrx_word' id='word_1_147' title='bbox 825 2541 987 2605; x_wconf 91' lang='lat' dir='ltr'><strong>carnalem</strong></span> <span class='ocrx_word' id='word_1_148' title='bbox 1009 2540 1048 2604; x_wconf 91' lang='lat' dir='ltr'><strong>ab</strong></span> <span class='ocrx_word' id='word_1_149' title='bbox 1069 2539 1142 2625; x_wconf 92' lang='lat' dir='ltr'><strong>ipso</strong></span> <span class='ocrx_word' id='word_1_150' title='bbox 1159 2540 1403 2627; x_wconf 86' lang='lat' dir='ltr'><strong>generationem</strong></span> <span class='ocrx_word' id='word_1_151' title='bbox 1428 2559 1544 2626; x_wconf 81' lang='lat' dir='ltr'><strong>pecea-</strong></span> 
     </span>
     <span class='ocr_line' id='line_1_21' title="bbox 350 2649 1544 2735; baseline -0.004 -13"><span class='ocrx_word' id='word_1_152' title='bbox 350 2666 432 2729; x_wconf 74' lang='lat' dir='ltr'><strong>tum,</strong></span> <span class='ocrx_word' id='word_1_153' title='bbox 459 2665 527 2718; x_wconf 89' lang='lat' dir='ltr'><strong>tum</strong></span> <span class='ocrx_word' id='word_1_154' title='bbox 545 2663 670 2716; x_wconf 87' lang='lat' dir='ltr'><strong>reatum</strong></span> <span class='ocrx_word' id='word_1_155' title='bbox 691 2650 802 2735; x_wconf 83' lang='lat' dir='ltr'><strong>eulpae</strong></span> <span class='ocrx_word' id='word_1_156' title='bbox 829 2649 961 2715; x_wconf 86' lang='lat' dir='ltr'><strong>actualis</strong></span> <span class='ocrx_word' id='word_1_157' title='bbox 983 2662 1050 2714; x_wconf 86' lang='lat' dir='ltr'><strong>tum</strong></span> <span class='ocrx_word' id='word_1_158' title='bbox 1076 2651 1201 2734; x_wconf 89' lang='lat' dir='ltr'><strong>eulpam</strong></span> <span class='ocrx_word' id='word_1_159' title='bbox 1241 2671 1298 2716; x_wconf 88' lang='lat' dir='ltr'><strong>seu</strong></span> <span class='ocrx_word' id='word_1_160' title='bbox 1337 2651 1544 2717; x_wconf 77' lang='lat' dir='ltr'><strong>aversionem</strong></span> 
     </span>
     <span class='ocr_line' id='line_1_22' title="bbox 350 2758 1544 2846; baseline -0.002 -17"><span class='ocrx_word' id='word_1_161' title='bbox 350 2761 555 2836; x_wconf 82' lang='lat' dir='ltr'><strong>habitualem,</strong></span> <span class='ocrx_word' id='word_1_162' title='bbox 593 2782 665 2827; x_wconf 91' lang='lat' dir='ltr'><strong>eum</strong></span> <span class='ocrx_word' id='word_1_163' title='bbox 697 2759 843 2827; x_wconf 90' lang='lat' dir='ltr'><strong>omnibus</strong></span> <span class='ocrx_word' id='word_1_164' title='bbox 873 2758 1005 2846; x_wconf 90' lang='lat' dir='ltr'><strong>reliquis</strong></span> <span class='ocrx_word' id='word_1_165' title='bbox 1036 2758 1248 2825; x_wconf 86' lang='lat' dir='ltr'><strong>consectariis</strong></span> <span class='ocrx_word' id='word_1_166' title='bbox 1285 2781 1344 2827; x_wconf 91' lang='lat' dir='ltr'><strong>seu</strong></span> <span class='ocrx_word' id='word_1_167' title='bbox 1375 2760 1544 2829; x_wconf 73' lang='lat' dir='ltr'><strong>effectibus!</strong></span> 
     </span>
     <span class='ocr_line' id='line_1_23' title="bbox 348 2871 565 2939; baseline -0.009 -1"><span class='ocrx_word' id='word_1_168' title='bbox 348 2871 565 2939; x_wconf 84' lang='lat' dir='ltr'><strong>contrahendi.</strong></span> 
     </span>
    </p>

    <p class='ocr_par' dir='ltr' id='par_1_4' title="bbox 348 2974 1544 3724">
     <span class='ocr_line' id='line_1_24' title="bbox 452 2974 1544 3067; baseline -0.001 -21"><span class='ocrx_word' id='word_1_169' title='bbox 452 2983 679 3049; x_wconf 86' lang='lat' dir='ltr'><strong>Verumtamen</strong></span> <span class='ocrx_word' id='word_1_170' title='bbox 701 2980 730 3045; x_wconf 91' lang='lat' dir='ltr'><strong>si</strong></span> <span class='ocrx_word' id='word_1_171' title='bbox 750 2979 846 3045; x_wconf 89' lang='lat' dir='ltr'><strong>etiam</strong></span> <span class='ocrx_word' id='word_1_172' title='bbox 866 2980 975 3046; x_wconf 86' lang='lat' dir='ltr'><strong>ultima</strong></span> <span class='ocrx_word' id='word_1_173' title='bbox 1005 2980 1176 3067; x_wconf 78' lang='lat' dir='ltr'><strong>hypothesi</strong></span> <span class='ocrx_word' id='word_1_174' title='bbox 1198 2979 1388 3065; x_wconf 84' lang='lat' dir='ltr'><strong>mysterium</strong></span> <span class='ocrx_word' id='word_1_175' title='bbox 1419 2974 1544 3066; x_wconf 69' lang='lat' dir='ltr'><strong>peccaui</strong></span> 
     </span>
     <span class='ocr_line' id='line_1_25' title="bbox 349 3089 1544 3181; baseline -0.005 -22"><span class='ocrx_word' id='word_1_176' title='bbox 349 3091 514 3181; x_wconf 81' lang='lat' dir='ltr'><strong>originalis</strong></span> <span class='ocrx_word' id='word_1_177' title='bbox 534 3112 599 3159; x_wconf 90' lang='lat' dir='ltr'><strong>non</strong></span> <span class='ocrx_word' id='word_1_178' title='bbox 619 3090 849 3175; x_wconf 83' lang='lat' dir='ltr'><strong>explicaretur:</strong></span> <span class='ocrx_word' id='word_1_179' title='bbox 872 3096 1107 3165; x_wconf 73' lang='lat' dir='ltr'><strong>inhaerendum</strong></span> <span class='ocrx_word' id='word_1_180' title='bbox 1133 3103 1257 3165; x_wconf 88' lang='lat' dir='ltr'><strong>tamen,</strong></span> <span class='ocrx_word' id='word_1_181' title='bbox 1286 3102 1322 3155; x_wconf 90' lang='lat' dir='ltr'><strong>ut</strong></span> <span class='ocrx_word' id='word_1_182' title='bbox 1347 3089 1392 3155; x_wconf 92' lang='lat' dir='ltr'><strong>ait</strong></span> <span class='ocrx_word' id='word_1_183' title='bbox 1421 3093 1544 3178; x_wconf 80' lang='lat' dir='ltr'><strong>hugo·-</strong></span> 
     </span>
     <span class='ocr_line' id='line_1_26' title="bbox 348 3195 1544 3285; baseline -0.008 -14"><span class='ocrx_word' id='word_1_184' title='bbox 348 3202 491 3276; x_wconf 82' lang='lat' dir='ltr'><strong>stinus,</strong></span> <span class='ocrx_word' id='word_1_185' title='bbox 515 3206 571 3282; x_wconf 77' lang='lat' dir='ltr'><strong>iia,</strong></span> <span class='ocrx_word' id='word_1_186' title='bbox 597 3221 680 3280; x_wconf 79' lang='lat' dir='ltr'><strong>quae</strong></span> <span class='ocrx_word' id='word_1_187' title='bbox 700 3206 736 3263; x_wconf 78' lang='lat' dir='ltr'><strong>in</strong></span> <span class='ocrx_word' id='word_1_188' title='bbox 761 3199 966 3282; x_wconf 71' lang='lat' dir='ltr'><strong>Scriptum,</strong></span> <span class='ocrx_word' id='word_1_189' title='bbox 991 3210 1099 3285; x_wconf 90' lang='lat' dir='ltr'><strong>atque,</strong></span> <span class='ocrx_word' id='word_1_190' title='bbox 1123 3200 1208 3285; x_wconf 92' lang='lat' dir='ltr'><strong>quod</strong></span> <span class='ocrx_word' id='word_1_191' title='bbox 1231 3219 1294 3264; x_wconf 87' lang='lat' dir='ltr'><strong>nos</strong></span> <span class='ocrx_word' id='word_1_192' title='bbox 1320 3197 1482 3275; x_wconf 86' lang='lat' dir='ltr'><strong>addimus,</strong></span> <span class='ocrx_word' id='word_1_193' title='bbox 1504 3195 1544 3261; x_wconf 78' lang='lat' dir='ltr'><strong>iu</strong></span> 
     </span>
     <span class='ocr_line' id='line_1_27' title="bbox 348 3307 1544 3397; baseline -0.01 -18"><span class='ocrx_word' id='word_1_194' title='bbox 348 3309 616 3381; x_wconf 74' lang='lat' dir='ltr'><strong>declarationibus</strong></span> <span class='ocrx_word' id='word_1_195' title='bbox 635 3308 804 3375; x_wconf 86' lang='lat' dir='ltr'><strong>Ecclesiae</strong></span> <span class='ocrx_word' id='word_1_196' title='bbox 836 3322 913 3374; x_wconf 80' lang='lat' dir='ltr'><strong>runt</strong></span> <span class='ocrx_word' id='word_1_197' title='bbox 936 3316 1140 3397; x_wconf 70' lang='lat' dir='ltr'><strong>opertiasimn</strong></span> <span class='ocrx_word' id='word_1_198' title='bbox 1153 3310 1193 3389; x_wconf 77' lang='grc' dir='ltr'><strong>ι);</strong></span> <span class='ocrx_word' id='word_1_199' title='bbox 1218 3329 1291 3374; x_wconf 89' lang='lat' dir='ltr'><strong>narn</strong></span> <span class='ocrx_word' id='word_1_200' title='bbox 1324 3329 1420 3395; x_wconf 88' lang='lat' dir='ltr'><strong>quam</strong></span> <span class='ocrx_word' id='word_1_201' title='bbox 1444 3307 1544 3372; x_wconf 44' lang='lat' dir='ltr'><strong>multat</strong></span> 
     </span>
     <span class='ocr_line' id='line_1_28' title="bbox 349 3417 1544 3504; baseline -0.005 -19"><span class='ocrx_word' id='word_1_202' title='bbox 349 3419 476 3485; x_wconf 83' lang='lat' dir='ltr'><strong>suntin</strong></span> <span class='ocrx_word' id='word_1_203' title='bbox 495 3439 603 3485; x_wconf 90' lang='lat' dir='ltr'><strong>rerum</strong></span> <span class='ocrx_word' id='word_1_204' title='bbox 625 3430 738 3483; x_wconf 89' lang='lat' dir='ltr'><strong>natura</strong></span> <span class='ocrx_word' id='word_1_205' title='bbox 762 3420 868 3504; x_wconf 91' lang='lat' dir='ltr'><strong>quoad</strong></span> <span class='ocrx_word' id='word_1_206' title='bbox 892 3417 1115 3487; x_wconf 84' lang='lat' dir='ltr'><strong>exsistentiam</strong></span> <span class='ocrx_word' id='word_1_207' title='bbox 1141 3418 1338 3494; x_wconf 88' lang='lat' dir='ltr'><strong>certissima,</strong></span> <span class='ocrx_word' id='word_1_208' title='bbox 1366 3431 1403 3482; x_wconf 92' lang='lat' dir='ltr'><strong>ut</strong></span> <span class='ocrx_word' id='word_1_209' title='bbox 1433 3439 1461 3483; x_wconf 91' lang='lat' dir='ltr'><strong>e.</strong></span> <span class='ocrx_word' id='word_1_210' title='bbox 1488 3435 1544 3504; x_wconf 78' lang='lat' dir='ltr'><strong>gr..</strong></span> 
     </span>
     <span class='ocr_line' id='line_1_29' title="bbox 348 3526 1544 3615; baseline -0.009 -15"><span class='ocrx_word' id='word_1_211' title='bbox 348 3531 439 3615; x_wconf 79' lang='lat' dir='ltr'><strong>ploro</strong></span> <span class='ocrx_word' id='word_1_212' title='bbox 459 3526 679 3614; x_wconf 77' lang='lat' dir='ltr'><strong>phaenomena</strong></span> <span class='ocrx_word' id='word_1_213' title='bbox 700 3527 797 3604; x_wconf 88' lang='lat' dir='ltr'><strong>lucis,</strong></span> <span class='ocrx_word' id='word_1_214' title='bbox 822 3527 933 3595; x_wconf 90' lang='lat' dir='ltr'><strong>electri</strong></span> <span class='ocrx_word' id='word_1_215' title='bbox 949 3539 1021 3603; x_wconf 77' lang='lat' dir='ltr'><strong>etc,</strong></span> <span class='ocrx_word' id='word_1_216' title='bbox 1039 3549 1175 3613; x_wconf 88' lang='lat' dir='ltr'><strong>quorum</strong></span> <span class='ocrx_word' id='word_1_217' title='bbox 1189 3540 1296 3593; x_wconf 88' lang='lat' dir='ltr'><strong>tamen</strong></span> <span class='ocrx_word' id='word_1_218' title='bbox 1315 3527 1474 3593; x_wconf 83' lang='lat' dir='ltr'><strong>internam</strong></span> <span class='ocrx_word' id='word_1_219' title='bbox 1487 3542 1544 3589; x_wconf 78' lang='lat' dir='ltr'><strong>rs-</strong></span> 
     </span>
     <span class='ocr_line' id='line_1_30' title="bbox 348 3637 1351 3724; baseline -0.003 -19"><span class='ocrx_word' id='word_1_220' title='bbox 348 3638 469 3708; x_wconf 86' lang='lat' dir='ltr'><strong>tionem</strong></span> <span class='ocrx_word' id='word_1_221' title='bbox 485 3659 524 3705; x_wconf 90' lang='lat' dir='ltr'><strong>ac</strong></span> <span class='ocrx_word' id='word_1_222' title='bbox 538 3637 697 3707; x_wconf 84' lang='lat' dir='ltr'><strong>internam</strong></span> <span class='ocrx_word' id='word_1_223' title='bbox 712 3637 940 3705; x_wconf 86' lang='lat' dir='ltr'><strong>necessitatem</strong></span> <span class='ocrx_word' id='word_1_224' title='bbox 957 3637 1086 3724; x_wconf 88' lang='lat' dir='ltr'><strong>assequi</strong></span> <span class='ocrx_word' id='word_1_225' title='bbox 1100 3639 1182 3702; x_wconf 93' lang='lat' dir='ltr'><strong>baud</strong></span> <span class='ocrx_word' id='word_1_226' title='bbox 1198 3639 1351 3703; x_wconf 90' lang='lat' dir='ltr'><strong>valemus.</strong></span> 
     </span>
    </p>
   </div>
   <div class='ocr_carea' id='block_1_3' title="bbox 542 3897 1513 4004">
    <p class='ocr_par' dir='ltr' id='par_1_5' title="bbox 542 3897 1513 4004">
     <span class='ocr_line' id='line_1_31' title="bbox 542 3897 1513 4004; baseline 0.001 -24"><span class='ocrx_word' id='word_1_227' title='bbox 542 3913 569 4004; x_wconf 70' lang='grc'><strong>5.</strong></span> <span class='ocrx_word' id='word_1_228' title='bbox 585 3907 653 3980; x_wconf 75' lang='lat' dir='ltr'><strong>hl).</strong></span> <span class='ocrx_word' id='word_1_229' title='bbox 669 3910 877 3981; x_wconf 77' lang='lat' dir='ltr'><strong>senectus</strong></span> <span class='ocrx_word' id='word_1_230' title='bbox 892 3897 1078 3996; x_wconf 81' lang='lat' dir='ltr'><strong>peceati</strong></span> <span class='ocrx_word' id='word_1_231' title='bbox 1094 3908 1350 3997; x_wconf 72' lang='lat' dir='ltr'><strong>originalis.</strong></span> <span class='ocrx_word' id='word_1_232' title='bbox 1510 3996 1513 4003; x_wconf 17' lang='grc' dir='ltr'>ι</span> 
     </span>
    </p>
   </div>
   <div class='ocr_carea' id='block_1_4' title="bbox 347 4141 1544 4672">
    <p class='ocr_par' dir='ltr' id='par_1_6' title="bbox 347 4141 1544 4672">
     <span class='ocr_line' id='line_1_32' title="bbox 457 4141 1544 4235; baseline -0.003 -24"><span class='ocrx_word' id='word_1_233' title='bbox 457 4149 557 4229; x_wconf 80' lang='lat' dir='ltr'><strong>Quum</strong></span> <span class='ocrx_word' id='word_1_234' title='bbox 577 4169 636 4235; x_wconf 90' lang='lat' dir='ltr'><strong>per</strong></span> <span class='ocrx_word' id='word_1_235' title='bbox 656 4159 824 4233; x_wconf 88' lang='lat' dir='ltr'><strong>peccatum</strong></span> <span class='ocrx_word' id='word_1_236' title='bbox 846 4145 1017 4233; x_wconf 83' lang='lat' dir='ltr'><strong>originale,</strong></span> <span class='ocrx_word' id='word_1_237' title='bbox 1041 4159 1076 4210; x_wconf 91' lang='lat' dir='ltr'><strong>ut</strong></span> <span class='ocrx_word' id='word_1_238' title='bbox 1096 4168 1138 4212; x_wconf 86' lang='lat' dir='ltr'><strong>ex</strong></span> <span class='ocrx_word' id='word_1_239' title='bbox 1158 4147 1221 4212; x_wconf 91' lang='lat' dir='ltr'><strong>buc</strong></span> <span class='ocrx_word' id='word_1_240' title='bbox 1244 4168 1345 4233; x_wconf 88' lang='lat' dir='ltr'><strong>usque</strong></span> <span class='ocrx_word' id='word_1_241' title='bbox 1373 4141 1544 4234; x_wconf 73' lang='lat' dir='ltr'><strong>obpuadz</strong></span> 
     </span>
     <span class='ocr_line' id='line_1_33' title="bbox 351 4255 1544 4333; baseline -0.004 -10"><span class='ocrx_word' id='word_1_242' title='bbox 351 4257 550 4325; x_wconf 86' lang='lat' dir='ltr'><strong>manifestum</strong></span> <span class='ocrx_word' id='word_1_243' title='bbox 572 4269 638 4333; x_wconf 90' lang='lat' dir='ltr'><strong>est,</strong></span> <span class='ocrx_word' id='word_1_244' title='bbox 662 4257 770 4322; x_wconf 89' lang='lat' dir='ltr'><strong>aDeo</strong></span> <span class='ocrx_word' id='word_1_245' title='bbox 796 4255 896 4320; x_wconf 92' lang='lat' dir='ltr'><strong>simus</strong></span> <span class='ocrx_word' id='word_1_246' title='bbox 924 4256 1045 4332; x_wconf 86' lang='lat' dir='ltr'><strong>aversi,</strong></span> <span class='ocrx_word' id='word_1_247' title='bbox 1069 4269 1101 4320; x_wconf 87' lang='lat' dir='ltr'><strong>et</strong></span> <span class='ocrx_word' id='word_1_248' title='bbox 1126 4257 1199 4322; x_wconf 93' lang='lat' dir='ltr'><strong>ideo</strong></span> <span class='ocrx_word' id='word_1_249' title='bbox 1232 4255 1288 4321; x_wconf 87' lang='lat' dir='ltr'><strong>fini</strong></span> <span class='ocrx_word' id='word_1_250' title='bbox 1314 4270 1428 4325; x_wconf 90' lang='lat' dir='ltr'><strong>nostro</strong></span> <span class='ocrx_word' id='word_1_251' title='bbox 1457 4257 1544 4325; x_wconf 83' lang='lat' dir='ltr'><strong>tau-</strong></span> 
     </span>
     <span class='ocr_line' id='line_1_34' title="bbox 351 4363 1504 4455; baseline -0.006 -23"><span class='ocrx_word' id='word_1_252' title='bbox 351 4368 623 4455; x_wconf 88' lang='lat' dir='ltr'><strong>respondeamus:</strong></span> <span class='ocrx_word' id='word_1_253' title='bbox 648 4389 712 4431; x_wconf 93' lang='lat' dir='ltr'><strong>non</strong></span> <span class='ocrx_word' id='word_1_254' title='bbox 735 4387 908 4451; x_wconf 90' lang='lat' dir='ltr'><strong>possumus</strong></span> <span class='ocrx_word' id='word_1_255' title='bbox 936 4389 1000 4430; x_wconf 94' lang='lat' dir='ltr'><strong>non</strong></span> <span class='ocrx_word' id='word_1_256' title='bbox 1026 4366 1096 4431; x_wconf 92' lang='lat' dir='ltr'><strong>Deo</strong></span> <span class='ocrx_word' id='word_1_257' title='bbox 1129 4365 1313 4452; x_wconf 89' lang='lat' dir='ltr'><strong>displicere,</strong></span> <span class='ocrx_word' id='word_1_258' title='bbox 1348 4379 1440 4453; x_wconf 91' lang='lat' dir='ltr'><strong>atque</strong></span> <span class='ocrx_word' id='word_1_259' title='bbox 1463 4363 1504 4428; x_wconf 88' lang='lat' dir='ltr'><strong>illo</strong></span> 
     </span>
     <span class='ocr_line' id='line_1_35' title="bbox 352 4473 1544 4561; baseline -0.011 -17"><span class='ocrx_word' id='word_1_260' title='bbox 352 4500 424 4544; x_wconf 89' lang='lat' dir='ltr'><strong>cum</strong></span> <span class='ocrx_word' id='word_1_261' title='bbox 446 4476 590 4541; x_wconf 90' lang='lat' dir='ltr'><strong>tristibus</strong></span> <span class='ocrx_word' id='word_1_262' title='bbox 611 4475 777 4542; x_wconf 86' lang='lat' dir='ltr'><strong>effectibus</strong></span> <span class='ocrx_word' id='word_1_263' title='bbox 799 4497 837 4540; x_wconf 90' lang='lat' dir='ltr'><strong>ae</strong></span> <span class='ocrx_word' id='word_1_264' title='bbox 853 4475 1065 4541; x_wconf 88' lang='lat' dir='ltr'><strong>consectariis</strong></span> <span class='ocrx_word' id='word_1_265' title='bbox 1089 4497 1146 4539; x_wconf 91' lang='lat' dir='ltr'><strong>seu</strong></span> <span class='ocrx_word' id='word_1_266' title='bbox 1168 4475 1281 4561; x_wconf 91' lang='lat' dir='ltr'><strong>poenis</strong></span> <span class='ocrx_word' id='word_1_267' title='bbox 1304 4473 1336 4538; x_wconf 92' lang='lat' dir='ltr'><strong>in</strong></span> <span class='ocrx_word' id='word_1_268' title='bbox 1353 4475 1447 4540; x_wconf 89' lang='lat' dir='ltr'><strong>nobis</strong></span> <span class='ocrx_word' id='word_1_269' title='bbox 1461 4486 1544 4538; x_wconf 62' lang='lat' dir='ltr'><strong>corn¹</strong></span> 
     </span>
     <span class='ocr_line' id='line_1_36' title="bbox 347 4583 1544 4672; baseline -0.006 -21"><span class='ocrx_word' id='word_1_270' title='bbox 347 4590 491 4672; x_wconf 84' lang='lat' dir='ltr'><strong>junctum</strong></span> <span class='ocrx_word' id='word_1_271' title='bbox 513 4585 700 4651; x_wconf 89' lang='lat' dir='ltr'><strong>necessario</strong></span> <span class='ocrx_word' id='word_1_272' title='bbox 722 4606 795 4651; x_wconf 88' lang='lat' dir='ltr'><strong>esse</strong></span> <span class='ocrx_word' id='word_1_273' title='bbox 817 4586 919 4651; x_wconf 90' lang='lat' dir='ltr'><strong>debet.</strong></span> <span class='ocrx_word' id='word_1_274' title='bbox 959 4583 1103 4649; x_wconf 85' lang='lat' dir='ltr'><strong>Effectus</strong></span> <span class='ocrx_word' id='word_1_275' title='bbox 1126 4597 1230 4649; x_wconf 87' lang='lat' dir='ltr'><strong>autem</strong></span> <span class='ocrx_word' id='word_1_276' title='bbox 1251 4585 1283 4649; x_wconf 93' lang='lat' dir='ltr'><strong>hi</strong></span> <span class='ocrx_word' id='word_1_277' title='bbox 1309 4597 1384 4649; x_wconf 89' lang='lat' dir='ltr'><strong>sunt</strong></span> <span class='ocrx_word' id='word_1_278' title='bbox 1405 4594 1544 4670; x_wconf 73' lang='lat' dir='ltr'><strong>prorscl</strong></span> 
     </span>
    </p>
   </div>
   <div class='ocr_carea' id='block_1_5' title="bbox 458 4819 1461 4905">
    <p class='ocr_par' dir='ltr' id='par_1_7' title="bbox 458 4819 1461 4905">
     <span class='ocr_line' id='line_1_37' title="bbox 458 4819 1461 4905; baseline 0.001 -20"><span class='ocrx_word' id='word_1_279' title='bbox 458 4829 486 4902; x_wconf 85' lang='lat'><strong>¹)</strong></span> <span class='ocrx_word' id='word_1_280' title='bbox 504 4828 551 4885; x_wconf 85' lang='lat' dir='ltr'><strong>De</strong></span> <span class='ocrx_word' id='word_1_281' title='bbox 561 4845 643 4902; x_wconf 84' lang='lat' dir='ltr'><strong>pecc.</strong></span> <span class='ocrx_word' id='word_1_282' title='bbox 659 4844 730 4886; x_wconf 86' lang='lat' dir='ltr'><strong>mer.</strong></span> <span class='ocrx_word' id='word_1_283' title='bbox 747 4831 776 4883; x_wconf 87' lang='lat' dir='ltr'><strong>et</strong></span> <span class='ocrx_word' id='word_1_284' title='bbox 788 4843 860 4886; x_wconf 83' lang='lat' dir='ltr'><strong>rem.</strong></span> <span class='ocrx_word' id='word_1_285' title='bbox 878 4826 897 4886; x_wconf 87' lang='lat' dir='ltr'><strong>l.</strong></span> <span class='ocrx_word' id='word_1_286' title='bbox 913 4827 943 4886; x_wconf 89' lang='lat'><strong>3.</strong></span> <span class='ocrx_word' id='word_1_287' title='bbox 961 4845 985 4887; x_wconf 91' lang='lat' dir='ltr'><strong>c.</strong></span> <span class='ocrx_word' id='word_1_288' title='bbox 1001 4827 1031 4886; x_wconf 76' lang='lat'><strong>4.</strong></span> <span class='ocrx_word' id='word_1_289' title='bbox 1047 4845 1077 4889; x_wconf 80' lang='lat' dir='ltr'><strong>o.</strong></span> <span class='ocrx_word' id='word_1_290' title='bbox 1096 4828 1123 4887; x_wconf 79' lang='lat'><strong>7.</strong></span> <span class='ocrx_word' id='word_1_291' title='bbox 1141 4822 1221 4905; x_wconf 90' lang='grc' dir='ltr'><strong>Ορρ.</strong></span> <span class='ocrx_word' id='word_1_292' title='bbox 1239 4819 1279 4888; x_wconf 90' lang='grc' dir='ltr'><strong>Τ.</strong></span> <span class='ocrx_word' id='word_1_293' title='bbox 1298 4819 1350 4887; x_wconf 91' lang='grc'><strong>10.</strong></span> <span class='ocrx_word' id='word_1_294' title='bbox 1368 4843 1395 4886; x_wconf 86' lang='lat' dir='ltr'><strong>e.</strong></span> <span class='ocrx_word' id='word_1_295' title='bbox 1414 4819 1461 4886; x_wconf 76' lang='lat'><strong>74.</strong></span> 
     </span>
    </p>
   </div>
   <div class='ocr_carea' id='block_1_6' title="bbox 0 0 1896 5625">
    <p class='ocr_par' dir='ltr' id='par_1_8' title="bbox 0 0 1896 5625">
     <span class='ocr_line' id='line_1_38' title="bbox 0 0 1896 5625; baseline 0 0"><span class='ocrx_word' id='word_1_296' title='bbox 0 0 1896 5625; x_wconf 95' lang='lat' dir='ltr'><strong> </strong></span> 
     </span>
    </p>
   </div>
  </div>
 </body>
</html>
