<?xml version="1.0" encoding="UTF-8"?>
<!DOCTYPE html PUBLIC "-//W3C//DTD XHTML 1.0 Transitional//EN"
    "http://www.w3.org/TR/xhtml1/DTD/xhtml1-transitional.dtd">
<html xmlns="http://www.w3.org/1999/xhtml" xml:lang="en" lang="en">
 <head>
  <title>
</title>
<meta http-equiv="Content-Type" content="text/html;charset=utf-8" />
  <meta name='ocr-system' content='tesseract 3.04.00' />
  <meta name='ocr-capabilities' content='ocr_page ocr_carea ocr_par ocr_line ocrx_word'/>
</head>
<body>
  <div class='ocr_page' id='page_1' title='image "./theologiadogmat00schwgoog/theologiadogmat00schwgoog_0498.png"; bbox 0 0 3775 5625; ppageno 0'>
   <div class='ocr_carea' id='block_1_1' title="bbox 428 399 498 490">
    <p class='ocr_par' dir='ltr' id='par_1_1' title="bbox 428 399 498 490">
     <span class='ocr_line' id='line_1_1' title="bbox 428 399 498 490; baseline 0 -12"><span class='ocrx_word' id='word_1_1' title='bbox 428 399 498 490; x_wconf 64' lang='lat' dir='ltr'><strong>aaa</strong></span> 
     </span>
    </p>
   </div>
   <div class='ocr_carea' id='block_1_2' title="bbox 424 565 1653 4716">
    <p class='ocr_par' dir='ltr' id='par_1_2' title="bbox 428 565 1613 1207">
     <span class='ocr_line' id='line_1_2' title="bbox 539 565 1613 661; baseline -0.005 -21"><span class='ocrx_word' id='word_1_2' title='bbox 539 575 658 640; x_wconf 88' lang='lat' dir='ltr'><strong>Verum</strong></span> <span class='ocrx_word' id='word_1_3' title='bbox 675 570 817 661; x_wconf 88' lang='lat' dir='ltr'><strong>quamvis</strong></span> <span class='ocrx_word' id='word_1_4' title='bbox 831 573 1049 658; x_wconf 88' lang='lat' dir='ltr'><strong>phaenomena</strong></span> <span class='ocrx_word' id='word_1_5' title='bbox 1064 568 1186 659; x_wconf 85' lang='lat' dir='ltr'><strong>gratiae</strong></span> <span class='ocrx_word' id='word_1_6' title='bbox 1203 565 1393 637; x_wconf 85' lang='lat' dir='ltr'><strong>sufficientis</strong></span> <span class='ocrx_word' id='word_1_7' title='bbox 1407 587 1468 655; x_wconf 84' lang='lat' dir='ltr'><strong>per</strong></span> <span class='ocrx_word' id='word_1_8' title='bbox 1484 579 1613 656; x_wconf 77' lang='lat' dir='ltr'><strong>systema</strong></span> 
     </span>
     <span class='ocr_line' id='line_1_3' title="bbox 430 681 1612 768; baseline -0.005 -17"><span class='ocrx_word' id='word_1_9' title='bbox 430 685 665 754; x_wconf 84' lang='lat' dir='ltr'><strong>Molinistarum</strong></span> <span class='ocrx_word' id='word_1_10' title='bbox 696 683 815 749; x_wconf 83' lang='lat' dir='ltr'><strong>affatim</strong></span> <span class='ocrx_word' id='word_1_11' title='bbox 831 682 1046 768; x_wconf 86' lang='lat' dir='ltr'><strong>explicentur:</strong></span> <span class='ocrx_word' id='word_1_12' title='bbox 1076 696 1180 746; x_wconf 93' lang='lat' dir='ltr'><strong>tamen</strong></span> <span class='ocrx_word' id='word_1_13' title='bbox 1202 682 1234 746; x_wconf 96' lang='lat' dir='ltr'><strong>id</strong></span> <span class='ocrx_word' id='word_1_14' title='bbox 1251 703 1452 768; x_wconf 80' lang='lat' dir='ltr'><strong>nequaquam</strong></span> <span class='ocrx_word' id='word_1_15' title='bbox 1472 681 1568 746; x_wconf 89' lang='lat' dir='ltr'><strong>etiam</strong></span> <span class='ocrx_word' id='word_1_16' title='bbox 1584 683 1612 745; x_wconf 91' lang='lat' dir='ltr'><strong>de</strong></span> 
     </span>
     <span class='ocr_line' id='line_1_4' title="bbox 431 790 1612 881; baseline -0.005 -23"><span class='ocrx_word' id='word_1_17' title='bbox 431 794 658 881; x_wconf 82' lang='lat' dir='ltr'><strong>phoenomenis</strong></span> <span class='ocrx_word' id='word_1_18' title='bbox 679 793 802 881; x_wconf 87' lang='lat' dir='ltr'><strong>gratiae</strong></span> <span class='ocrx_word' id='word_1_19' title='bbox 824 792 967 857; x_wconf 85' lang='lat' dir='ltr'><strong>efficacis</strong></span> <span class='ocrx_word' id='word_1_20' title='bbox 991 791 1145 856; x_wconf 86' lang='lat' dir='ltr'><strong>affirmari</strong></span> <span class='ocrx_word' id='word_1_21' title='bbox 1166 803 1282 876; x_wconf 89' lang='lat' dir='ltr'><strong>potest.</strong></span> <span class='ocrx_word' id='word_1_22' title='bbox 1323 790 1526 856; x_wconf 85' lang='lat' dir='ltr'><strong>Testimonia</strong></span> <span class='ocrx_word' id='word_1_23' title='bbox 1541 790 1612 855; x_wconf 90' lang='lat' dir='ltr'><strong>enim</strong></span> 
     </span>
     <span class='ocr_line' id='line_1_5' title="bbox 430 900 1610 989; baseline -0.005 -20"><span class='ocrx_word' id='word_1_24' title='bbox 430 917 496 969; x_wconf 93' lang='lat' dir='ltr'><strong>tum</strong></span> <span class='ocrx_word' id='word_1_25' title='bbox 513 908 546 969; x_wconf 88' lang='lat' dir='ltr'><strong>S.</strong></span> <span class='ocrx_word' id='word_1_26' title='bbox 564 904 761 988; x_wconf 81' lang='lat' dir='ltr'>scripturae,</span> <span class='ocrx_word' id='word_1_27' title='bbox 777 916 844 967; x_wconf 84' lang='lat' dir='ltr'><strong>tum</strong></span> <span class='ocrx_word' id='word_1_28' title='bbox 860 924 905 967; x_wconf 87' lang='lat' dir='ltr'><strong>ss.</strong></span> <span class='ocrx_word' id='word_1_29' title='bbox 921 904 1052 967; x_wconf 90' lang='lat' dir='ltr'><strong>Patrum</strong></span> <span class='ocrx_word' id='word_1_30' title='bbox 1068 902 1191 989; x_wconf 86' lang='lat' dir='ltr'><strong>gratiae</strong></span> <span class='ocrx_word' id='word_1_31' title='bbox 1209 901 1332 965; x_wconf 91' lang='lat' dir='ltr'><strong>divinae</strong></span> <span class='ocrx_word' id='word_1_32' title='bbox 1349 904 1420 986; x_wconf 91' lang='lat' dir='ltr'><strong>plus</strong></span> <span class='ocrx_word' id='word_1_33' title='bbox 1432 900 1562 964; x_wconf 90' lang='lat' dir='ltr'><strong>virtutis</strong></span> <span class='ocrx_word' id='word_1_34' title='bbox 1576 900 1610 962; x_wconf 92' lang='lat' dir='ltr'><strong>in·</strong></span> 
     </span>
     <span class='ocr_line' id='line_1_6' title="bbox 429 1009 1610 1098; baseline -0.004 -20"><span class='ocrx_word' id='word_1_35' title='bbox 429 1028 539 1079; x_wconf 88' lang='lat' dir='ltr'><strong>ternae</strong></span> <span class='ocrx_word' id='word_1_36' title='bbox 562 1013 719 1088; x_wconf 90' lang='lat' dir='ltr'><strong>tribuunt,</strong></span> <span class='ocrx_word' id='word_1_37' title='bbox 740 1034 833 1098; x_wconf 90' lang='lat' dir='ltr'><strong>quam</strong></span> <span class='ocrx_word' id='word_1_38' title='bbox 853 1024 887 1075; x_wconf 90' lang='lat' dir='ltr'><strong>ut</strong></span> <span class='ocrx_word' id='word_1_39' title='bbox 902 1010 988 1076; x_wconf 91' lang='lat' dir='ltr'><strong>illam</strong></span> <span class='ocrx_word' id='word_1_40' title='bbox 1011 1032 1053 1076; x_wconf 86' lang='lat' dir='ltr'><strong>ex</strong></span> <span class='ocrx_word' id='word_1_41' title='bbox 1069 1013 1139 1076; x_wconf 89' lang='lat' dir='ltr'><strong>solo</strong></span> <span class='ocrx_word' id='word_1_42' title='bbox 1157 1032 1319 1076; x_wconf 90' lang='lat' dir='ltr'><strong>consensu</strong></span> <span class='ocrx_word' id='word_1_43' title='bbox 1335 1009 1510 1074; x_wconf 88' lang='lat' dir='ltr'><strong>voluntatis</strong></span> <span class='ocrx_word' id='word_1_44' title='bbox 1533 1030 1610 1094; x_wconf 89' lang='lat' dir='ltr'><strong>prae·</strong></span> 
     </span>
     <span class='ocr_line' id='line_1_7' title="bbox 428 1122 1048 1207; baseline -0.003 -20"><span class='ocrx_word' id='word_1_45' title='bbox 428 1123 499 1188; x_wconf 84' lang='lat' dir='ltr'><strong>viso</strong></span> <span class='ocrx_word' id='word_1_46' title='bbox 516 1124 722 1207; x_wconf 83' lang='lat' dir='ltr'><strong>repetendam</strong></span> <span class='ocrx_word' id='word_1_47' title='bbox 739 1142 813 1186; x_wconf 91' lang='lat' dir='ltr'><strong>esse</strong></span> <span class='ocrx_word' id='word_1_48' title='bbox 831 1122 928 1186; x_wconf 88' lang='lat' dir='ltr'><strong>statui</strong></span> <span class='ocrx_word' id='word_1_49' title='bbox 945 1134 1048 1207; x_wconf 80' lang='lat' dir='ltr'><strong>queat.</strong></span> 
     </span>
    </p>

    <p class='ocr_par' dir='ltr' id='par_1_3' title="bbox 426 1231 1611 1516">
     <span class='ocr_line' id='line_1_8' title="bbox 538 1231 1608 1317; baseline -0.007 -19"><span class='ocrx_word' id='word_1_50' title='bbox 538 1232 688 1298; x_wconf 82' lang='lat' dir='ltr'><strong>Ceterum</strong></span> <span class='ocrx_word' id='word_1_51' title='bbox 709 1254 781 1296; x_wconf 93' lang='lat' dir='ltr'><strong>cum</strong></span> <span class='ocrx_word' id='word_1_52' title='bbox 803 1233 865 1296; x_wconf 82' lang='lat' dir='ltr'><strong>lroc</strong></span> <span class='ocrx_word' id='word_1_53' title='bbox 885 1244 1061 1317; x_wconf 90' lang='lat' dir='ltr'><strong>systemate</strong></span> <span class='ocrx_word' id='word_1_54' title='bbox 1083 1231 1211 1295; x_wconf 90' lang='lat' dir='ltr'><strong>unicum</strong></span> <span class='ocrx_word' id='word_1_55' title='bbox 1232 1244 1319 1295; x_wconf 85' lang='lat' dir='ltr'><strong>stare</strong></span> <span class='ocrx_word' id='word_1_56' title='bbox 1340 1243 1450 1315; x_wconf 91' lang='lat' dir='ltr'><strong>potest</strong></span> <span class='ocrx_word' id='word_1_57' title='bbox 1465 1231 1608 1314; x_wconf 86' lang='lat' dir='ltr'><strong>hypothe-</strong></span> 
     </span>
     <span class='ocr_line' id='line_1_9' title="bbox 428 1339 1611 1427; baseline -0.003 -22"><span class='ocrx_word' id='word_1_58' title='bbox 428 1341 525 1407; x_wconf 87' lang='lat' dir='ltr'><strong>ticum</strong></span> <span class='ocrx_word' id='word_1_59' title='bbox 541 1340 842 1426; x_wconf 85' lang='lat' dir='ltr'><strong>praedestinationis</strong></span> <span class='ocrx_word' id='word_1_60' title='bbox 859 1343 1039 1414; x_wconf 83' lang='lat' dir='ltr'><strong>decretum3</strong></span> <span class='ocrx_word' id='word_1_61' title='bbox 1057 1353 1089 1405; x_wconf 91' lang='lat' dir='ltr'><strong>et</strong></span> <span class='ocrx_word' id='word_1_62' title='bbox 1104 1341 1177 1404; x_wconf 92' lang='lat' dir='ltr'><strong>inde</strong></span> <span class='ocrx_word' id='word_1_63' title='bbox 1193 1339 1393 1427; x_wconf 73' lang='lat' dir='ltr'><strong>intelligitur,</strong></span> <span class='ocrx_word' id='word_1_64' title='bbox 1412 1360 1511 1425; x_wconf 91' lang='lat' dir='ltr'><strong>quare</strong></span> <span class='ocrx_word' id='word_1_65' title='bbox 1528 1341 1611 1402; x_wconf 87' lang='lat' dir='ltr'><strong>hoca</strong></span> 
     </span>
     <span class='ocr_line' id='line_1_10' title="bbox 426 1449 810 1516; baseline 0.003 -2"><span class='ocrx_word' id='word_1_66' title='bbox 426 1449 598 1516; x_wconf 89' lang='lat' dir='ltr'><strong>Molinistis</strong></span> <span class='ocrx_word' id='word_1_67' title='bbox 615 1452 810 1515; x_wconf 86' lang='lat' dir='ltr'><strong>defendatur.</strong></span> 
     </span>
    </p>

    <p class='ocr_par' dir='ltr' id='par_1_4' title="bbox 424 1557 1612 3068">
     <span class='ocr_line' id='line_1_11' title="bbox 535 1557 1610 1647; baseline -0.006 -22"><span class='ocrx_word' id='word_1_68' title='bbox 535 1560 822 1647; x_wconf 85' lang='lat' dir='ltr'><strong>Augustiniani</strong></span> <span class='ocrx_word' id='word_1_69' title='bbox 839 1584 856 1623; x_wconf 87' lang='lat' dir='ltr'><strong>a</strong></span> <span class='ocrx_word' id='word_1_70' title='bbox 874 1560 1050 1625; x_wconf 86' lang='lat' dir='ltr'><strong>Themistis</strong></span> <span class='ocrx_word' id='word_1_71' title='bbox 1068 1573 1099 1624; x_wconf 90' lang='lat' dir='ltr'><strong>et</strong></span> <span class='ocrx_word' id='word_1_72' title='bbox 1114 1557 1285 1624; x_wconf 88' lang='lat' dir='ltr'><strong>Molinistis</strong></span> <span class='ocrx_word' id='word_1_73' title='bbox 1302 1580 1341 1632; x_wconf 91' lang='lat' dir='ltr'><strong>eo</strong></span> <span class='ocrx_word' id='word_1_74' title='bbox 1359 1557 1521 1632; x_wconf 84' lang='lat' dir='ltr'><strong>differunt,</strong></span> <span class='ocrx_word' id='word_1_75' title='bbox 1538 1558 1610 1643; x_wconf 92' lang='lat' dir='ltr'><strong>qnod</strong></span> 
     </span>
     <span class='ocr_line' id='line_1_12' title="bbox 427 1667 1610 1756; baseline -0.003 -24"><span class='ocrx_word' id='word_1_76' title='bbox 427 1682 588 1745; x_wconf 83' lang='lat' dir='ltr'><strong>asserunt,</strong></span> <span class='ocrx_word' id='word_1_77' title='bbox 605 1668 743 1756; x_wconf 86' lang='lat' dir='ltr'><strong>gratiam</strong></span> <span class='ocrx_word' id='word_1_78' title='bbox 764 1692 827 1732; x_wconf 95' lang='lat' dir='ltr'><strong>non</strong></span> <span class='ocrx_word' id='word_1_79' title='bbox 844 1669 991 1754; x_wconf 84' lang='lat' dir='ltr'><strong>physice,</strong></span> <span class='ocrx_word' id='word_1_80' title='bbox 1013 1670 1071 1733; x_wconf 92' lang='lat' dir='ltr'><strong>sed</strong></span> <span class='ocrx_word' id='word_1_81' title='bbox 1086 1668 1250 1733; x_wconf 76' lang='lat' dir='ltr'><strong>moraliter</strong></span> <span class='ocrx_word' id='word_1_82' title='bbox 1271 1668 1303 1731; x_wconf 92' lang='lat' dir='ltr'><strong>in</strong></span> <span class='ocrx_word' id='word_1_83' title='bbox 1329 1667 1492 1731; x_wconf 88' lang='lat' dir='ltr'><strong>hominem</strong></span> <span class='ocrx_word' id='word_1_84' title='bbox 1514 1687 1610 1753; x_wconf 85' lang='lat' dir='ltr'><strong>agere,</strong></span> 
     </span>
     <span class='ocr_line' id='line_1_13' title="bbox 427 1776 1610 1865; baseline -0.003 -23"><span class='ocrx_word' id='word_1_85' title='bbox 427 1800 521 1864; x_wconf 92' lang='lat' dir='ltr'><strong>quum</strong></span> <span class='ocrx_word' id='word_1_86' title='bbox 538 1780 684 1842; x_wconf 92' lang='lat' dir='ltr'><strong>voluntas</strong></span> <span class='ocrx_word' id='word_1_87' title='bbox 701 1778 743 1842; x_wconf 91' lang='lat' dir='ltr'><strong>nil</strong></span> <span class='ocrx_word' id='word_1_88' title='bbox 760 1778 867 1865; x_wconf 84' lang='lat' dir='ltr'><strong>eligat,</strong></span> <span class='ocrx_word' id='word_1_89' title='bbox 884 1778 946 1842; x_wconf 92' lang='lat' dir='ltr'><strong>nisi</strong></span> <span class='ocrx_word' id='word_1_90' title='bbox 963 1780 1046 1863; x_wconf 94' lang='lat' dir='ltr'><strong>quod</strong></span> <span class='ocrx_word' id='word_1_91' title='bbox 1064 1778 1219 1842; x_wconf 88' lang='lat' dir='ltr'><strong>suavitate</strong></span> <span class='ocrx_word' id='word_1_92' title='bbox 1241 1799 1311 1841; x_wconf 91' lang='lat' dir='ltr'><strong>eam</strong></span> <span class='ocrx_word' id='word_1_93' title='bbox 1334 1776 1460 1851; x_wconf 88' lang='lat' dir='ltr'><strong>alliciat,</strong></span> <span class='ocrx_word' id='word_1_94' title='bbox 1479 1778 1610 1861; x_wconf 85' lang='lat' dir='ltr'><strong>adeoque</strong></span> 
     </span>
     <span class='ocr_line' id='line_1_14' title="bbox 426 1887 1609 1974; baseline -0.003 -23"><span class='ocrx_word' id='word_1_95' title='bbox 426 1887 563 1974; x_wconf 84' lang='lat' dir='ltr'><strong>gratiam</strong></span> <span class='ocrx_word' id='word_1_96' title='bbox 579 1888 745 1953; x_wconf 83' lang='lat' dir='ltr'><strong>efficacem</strong></span> <span class='ocrx_word' id='word_1_97' title='bbox 761 1901 794 1952; x_wconf 90' lang='lat' dir='ltr'><strong>et</strong></span> <span class='ocrx_word' id='word_1_98' title='bbox 810 1888 1022 1954; x_wconf 86' lang='lat' dir='ltr'><strong>sufficientem</strong></span> <span class='ocrx_word' id='word_1_99' title='bbox 1039 1910 1104 1952; x_wconf 94' lang='lat' dir='ltr'><strong>non</strong></span> <span class='ocrx_word' id='word_1_100' title='bbox 1122 1901 1248 1961; x_wconf 90' lang='lat' dir='ltr'><strong>natura,</strong></span> <span class='ocrx_word' id='word_1_101' title='bbox 1272 1889 1330 1952; x_wconf 91' lang='lat' dir='ltr'><strong>sed</strong></span> <span class='ocrx_word' id='word_1_102' title='bbox 1347 1890 1503 1951; x_wconf 84' lang='lat' dir='ltr'><strong>duntaxat</strong></span> <span class='ocrx_word' id='word_1_103' title='bbox 1519 1887 1609 1973; x_wconf 84' lang='lat' dir='ltr'><strong>gradu</strong></span> 
     </span>
     <span class='ocr_line' id='line_1_15' title="bbox 425 1995 1608 2084; baseline 0 -24"><span class='ocrx_word' id='word_1_104' title='bbox 425 2017 499 2061; x_wconf 88' lang='lat' dir='ltr'><strong>esse</strong></span> <span class='ocrx_word' id='word_1_105' title='bbox 517 1997 694 2072; x_wconf 90' lang='lat' dir='ltr'><strong>diversam,</strong></span> <span class='ocrx_word' id='word_1_106' title='bbox 727 2010 836 2082; x_wconf 92' lang='lat' dir='ltr'><strong>atque,</strong></span> <span class='ocrx_word' id='word_1_107' title='bbox 858 1999 943 2083; x_wconf 92' lang='lat' dir='ltr'><strong>quod</strong></span> <span class='ocrx_word' id='word_1_108' title='bbox 960 2019 1059 2081; x_wconf 89' lang='lat' dir='ltr'><strong>porro</strong></span> <span class='ocrx_word' id='word_1_109' title='bbox 1077 2010 1228 2071; x_wconf 89' lang='lat' dir='ltr'><strong>statuunt,</strong></span> <span class='ocrx_word' id='word_1_110' title='bbox 1245 1996 1383 2084; x_wconf 77' lang='lat' dir='ltr'><strong>gratiam</strong></span> <span class='ocrx_word' id='word_1_111' title='bbox 1400 2017 1443 2061; x_wconf 88' lang='lat' dir='ltr'><strong>ex</strong></span> <span class='ocrx_word' id='word_1_112' title='bbox 1460 2017 1498 2059; x_wconf 91' lang='lat' dir='ltr'><strong>se</strong></span> <span class='ocrx_word' id='word_1_113' title='bbox 1514 1995 1608 2061; x_wconf 87' lang='lat' dir='ltr'><strong>effica-</strong></span> 
     </span>
     <span class='ocr_line' id='line_1_16' title="bbox 426 2105 1607 2193; baseline -0.001 -24"><span class='ocrx_word' id='word_1_114' title='bbox 426 2127 496 2170; x_wconf 91' lang='lat' dir='ltr'><strong>cem</strong></span> <span class='ocrx_word' id='word_1_115' title='bbox 512 2106 632 2171; x_wconf 92' lang='lat' dir='ltr'><strong>homini</strong></span> <span class='ocrx_word' id='word_1_116' title='bbox 649 2108 851 2171; x_wconf 88' lang='lat' dir='ltr'><strong>solummodo</strong></span> <span class='ocrx_word' id='word_1_117' title='bbox 868 2107 900 2171; x_wconf 96' lang='lat' dir='ltr'><strong>in</strong></span> <span class='ocrx_word' id='word_1_118' title='bbox 917 2120 1002 2172; x_wconf 89' lang='lat' dir='ltr'><strong>statu</strong></span> <span class='ocrx_word' id='word_1_119' title='bbox 1018 2121 1149 2172; x_wconf 89' lang='lat' dir='ltr'><strong>naturae</strong></span> <span class='ocrx_word' id='word_1_120' title='bbox 1167 2110 1290 2193; x_wconf 86' lang='lat' dir='ltr'><strong>lapsae,</strong></span> <span class='ocrx_word' id='word_1_121' title='bbox 1307 2129 1366 2172; x_wconf 91' lang='lat' dir='ltr'><strong>seu</strong></span> <span class='ocrx_word' id='word_1_122' title='bbox 1378 2106 1471 2170; x_wconf 92' lang='lat' dir='ltr'><strong>titulo</strong></span> <span class='ocrx_word' id='word_1_123' title='bbox 1489 2105 1607 2169; x_wconf 86' lang='lat' dir='ltr'><strong>intinni-</strong></span> 
     </span>
     <span class='ocr_line' id='line_1_17' title="bbox 426 2204 1608 2301; baseline -0.001 -22"><span class='ocrx_word' id='word_1_124' title='bbox 426 2215 501 2280; x_wconf 86' lang='lat' dir='ltr'><strong>tatis</strong></span> <span class='ocrx_word' id='word_1_125' title='bbox 529 2237 604 2281; x_wconf 90' lang='lat' dir='ltr'><strong>esse</strong></span> <span class='ocrx_word' id='word_1_126' title='bbox 626 2216 855 2285; x_wconf 77' lang='lat' dir='ltr'><strong>necessariam,</strong></span> <span class='ocrx_word' id='word_1_127' title='bbox 895 2217 1044 2283; x_wconf 83' lang='lat' dir='ltr'><strong>Ceterum</strong></span> <span class='ocrx_word' id='word_1_128' title='bbox 1067 2240 1204 2301; x_wconf 90' lang='lat' dir='ltr'><strong>prorsus</strong></span> <span class='ocrx_word' id='word_1_129' title='bbox 1227 2204 1462 2282; x_wconf 83' lang='lat' dir='ltr'><strong>eodem&#39;modo</strong></span> <span class='ocrx_word' id='word_1_130' title='bbox 1480 2220 1608 2300; x_wconf 90' lang='lat' dir='ltr'><strong>phaeno-</strong></span> 
     </span>
     <span class='ocr_line' id='line_1_18' title="bbox 425 2324 1607 2413; baseline -0.003 -23"><span class='ocrx_word' id='word_1_131' title='bbox 425 2347 519 2391; x_wconf 88' lang='lat' dir='ltr'><strong>mena</strong></span> <span class='ocrx_word' id='word_1_132' title='bbox 550 2326 675 2413; x_wconf 86' lang='lat' dir='ltr'><strong>gratiae</strong></span> <span class='ocrx_word' id='word_1_133' title='bbox 698 2325 847 2391; x_wconf 70' lang='lat' dir='ltr'><strong>efficacis</strong></span> <span class='ocrx_word' id='word_1_134' title='bbox 869 2340 900 2390; x_wconf 90' lang='lat' dir='ltr'><strong>et</strong></span> <span class='ocrx_word' id='word_1_135' title='bbox 916 2326 1112 2405; x_wconf 86' lang='lat' dir='ltr'><strong>sufficientis</strong></span> <span class='ocrx_word' id='word_1_136' title='bbox 1135 2327 1309 2412; x_wconf 84' lang='lat' dir='ltr'><strong>explicant,</strong></span> <span class='ocrx_word' id='word_1_137' title='bbox 1330 2327 1415 2391; x_wconf 88' lang='lat' dir='ltr'><strong>inter</strong></span> <span class='ocrx_word' id='word_1_138' title='bbox 1432 2340 1540 2391; x_wconf 88' lang='lat' dir='ltr'><strong>actum</strong></span> <span class='ocrx_word' id='word_1_139' title='bbox 1554 2324 1607 2410; x_wconf 89' lang='lat' dir='ltr'><strong>pri·</strong></span> 
     </span>
     <span class='ocr_line' id='line_1_19' title="bbox 424 2435 1610 2522; baseline -0.002 -23"><span class='ocrx_word' id='word_1_140' title='bbox 424 2458 510 2499; x_wconf 87' lang='lat' dir='ltr'><strong>mum</strong></span> <span class='ocrx_word' id='word_1_141' title='bbox 530 2448 563 2499; x_wconf 92' lang='lat' dir='ltr'><strong>et</strong></span> <span class='ocrx_word' id='word_1_142' title='bbox 582 2436 758 2504; x_wconf 91' lang='lat' dir='ltr'><strong>secundum</strong></span> <span class='ocrx_word' id='word_1_143' title='bbox 779 2435 1029 2522; x_wconf 84' lang='lat' dir='ltr'><strong>distinguentes,</strong></span> <span class='ocrx_word' id='word_1_144' title='bbox 1053 2435 1115 2499; x_wconf 85' lang='lat' dir='ltr'><strong>nisi</strong></span> <span class='ocrx_word' id='word_1_145' title='bbox 1138 2438 1224 2521; x_wconf 94' lang='lat' dir='ltr'><strong>quod</strong></span> <span class='ocrx_word' id='word_1_146' title='bbox 1240 2437 1395 2520; x_wconf 89' lang='lat' dir='ltr'><strong>majorem</strong></span> <span class='ocrx_word' id='word_1_147' title='bbox 1413 2449 1445 2500; x_wconf 88' lang='lat' dir='ltr'><strong>et</strong></span> <span class='ocrx_word' id='word_1_148' title='bbox 1463 2436 1610 2499; x_wconf 89' lang='lat' dir='ltr'><strong>minorem</strong></span> 
     </span>
     <span class='ocr_line' id='line_1_20' title="bbox 425 2544 1610 2629; baseline -0.002 -22"><span class='ocrx_word' id='word_1_149' title='bbox 425 2544 669 2609; x_wconf 84' lang='lat' dir='ltr'><strong>delectationem</strong></span> <span class='ocrx_word' id='word_1_150' title='bbox 675 2567 734 2629; x_wconf 93' lang='lat' dir='ltr'><strong>pro</strong></span> <span class='ocrx_word' id='word_1_151' title='bbox 745 2545 878 2629; x_wconf 92' lang='lat' dir='ltr'><strong>physica</strong></span> <span class='ocrx_word' id='word_1_152' title='bbox 889 2544 1151 2628; x_wconf 85' lang='lat' dir='ltr'><strong>praemotioneet</strong></span> <span class='ocrx_word' id='word_1_153' title='bbox 1159 2545 1274 2609; x_wconf 88' lang='lat' dir='ltr'><strong>morali</strong></span> <span class='ocrx_word' id='word_1_154' title='bbox 1283 2545 1526 2609; x_wconf 85' lang='lat' dir='ltr'><strong>Thomistarum</strong></span> <span class='ocrx_word' id='word_1_155' title='bbox 1536 2544 1610 2607; x_wconf 89' lang='lat' dir='ltr'><strong>adle-</strong></span> 
     </span>
     <span class='ocr_line' id='line_1_21' title="bbox 425 2653 1612 2741; baseline -0.002 -25"><span class='ocrx_word' id='word_1_156' title='bbox 425 2653 564 2717; x_wconf 79' lang='lat' dir='ltr'><strong>clatione</strong></span> <span class='ocrx_word' id='word_1_157' title='bbox 597 2666 725 2738; x_wconf 90' lang='lat' dir='ltr'><strong>ponant.</strong></span> <span class='ocrx_word' id='word_1_158' title='bbox 764 2658 912 2719; x_wconf 85' lang='lat' dir='ltr'><strong>Attamen</strong></span> <span class='ocrx_word' id='word_1_159' title='bbox 935 2676 1000 2718; x_wconf 93' lang='lat' dir='ltr'><strong>non</strong></span> <span class='ocrx_word' id='word_1_160' title='bbox 1023 2656 1139 2718; x_wconf 89' lang='lat' dir='ltr'><strong>desunt</strong></span> <span class='ocrx_word' id='word_1_161' title='bbox 1154 2654 1237 2719; x_wconf 85' lang='lat' dir='ltr'><strong>inter</strong></span> <span class='ocrx_word' id='word_1_162' title='bbox 1256 2656 1446 2741; x_wconf 86' lang='lat' dir='ltr'><strong>Tlreologos</strong></span> <span class='ocrx_word' id='word_1_163' title='bbox 1464 2677 1507 2719; x_wconf 85' lang='lat' dir='ltr'><strong>ex</strong></span> <span class='ocrx_word' id='word_1_164' title='bbox 1522 2656 1612 2718; x_wconf 89' lang='lat' dir='ltr'><strong>hacce</strong></span> 
     </span>
     <span class='ocr_line' id='line_1_22' title="bbox 424 2762 1612 2850; baseline -0.003 -22"><span class='ocrx_word' id='word_1_165' title='bbox 424 2764 551 2839; x_wconf 85' lang='lat' dir='ltr'><strong>schola,</strong></span> <span class='ocrx_word' id='word_1_166' title='bbox 584 2763 637 2848; x_wconf 94' lang='lat' dir='ltr'><strong>qni</strong></span> <span class='ocrx_word' id='word_1_167' title='bbox 657 2763 815 2828; x_wconf 90' lang='lat' dir='ltr'><strong>sententia</strong></span> <span class='ocrx_word' id='word_1_168' title='bbox 831 2764 870 2828; x_wconf 92' lang='lat' dir='ltr'><strong>de</strong></span> <span class='ocrx_word' id='word_1_169' title='bbox 888 2762 1001 2828; x_wconf 88' lang='lat' dir='ltr'><strong>morali</strong></span> <span class='ocrx_word' id='word_1_170' title='bbox 1017 2763 1141 2850; x_wconf 88' lang='lat' dir='ltr'><strong>gratiae</strong></span> <span class='ocrx_word' id='word_1_171' title='bbox 1162 2785 1222 2849; x_wconf 92' lang='lat' dir='ltr'><strong>per</strong></span> <span class='ocrx_word' id='word_1_172' title='bbox 1239 2764 1345 2828; x_wconf 90' lang='lat' dir='ltr'><strong>omnia</strong></span> <span class='ocrx_word' id='word_1_173' title='bbox 1360 2763 1481 2828; x_wconf 89' lang='lat' dir='ltr'><strong>virtute</strong></span> <span class='ocrx_word' id='word_1_174' title='bbox 1498 2774 1612 2828; x_wconf 88' lang='lat' dir='ltr'><strong>retenta</strong></span> 
     </span>
     <span class='ocr_line' id='line_1_23' title="bbox 424 2872 1611 2960; baseline -0.003 -23"><span class='ocrx_word' id='word_1_175' title='bbox 424 2875 520 2938; x_wconf 89' lang='lat' dir='ltr'><strong>modo</strong></span> <span class='ocrx_word' id='word_1_176' title='bbox 536 2873 731 2938; x_wconf 85' lang='lat' dir='ltr'><strong>Molinistico</strong></span> <span class='ocrx_word' id='word_1_177' title='bbox 760 2896 829 2938; x_wconf 88' lang='lat' dir='ltr'><strong>rem</strong></span> <span class='ocrx_word' id='word_1_178' title='bbox 853 2875 1020 2959; x_wconf 86' lang='lat' dir='ltr'><strong>utriusque</strong></span> <span class='ocrx_word' id='word_1_179' title='bbox 1037 2873 1179 2960; x_wconf 89' lang='lat' dir='ltr'><strong>gratiae,</strong></span> <span class='ocrx_word' id='word_1_180' title='bbox 1201 2873 1347 2939; x_wconf 89' lang='lat' dir='ltr'><strong>efficacis</strong></span> <span class='ocrx_word' id='word_1_181' title='bbox 1364 2887 1397 2938; x_wconf 88' lang='lat' dir='ltr'><strong>et</strong></span> <span class='ocrx_word' id='word_1_182' title='bbox 1413 2872 1611 2945; x_wconf 88' lang='lat' dir='ltr'><strong>sufficientis,</strong></span> 
     </span>
     <span class='ocr_line' id='line_1_24' title="bbox 425 2979 1020 3068; baseline 0.007 -21"><span class='ocrx_word' id='word_1_183' title='bbox 425 2998 597 3068; x_wconf 85' lang='lat' dir='ltr'><strong>exponant.</strong></span> <span class='ocrx_word' id='word_1_184' title='bbox 1014 2979 1020 2989; x_wconf 73' lang='grc'><strong>’</strong></span> 
     </span>
    </p>

    <p class='ocr_par' dir='ltr' id='par_1_5' title="bbox 427 3083 1612 3378">
     <span class='ocr_line' id='line_1_25' title="bbox 536 3083 1612 3180; baseline -0.004 -22"><span class='ocrx_word' id='word_1_185' title='bbox 536 3096 646 3172; x_wconf 79' lang='lat' dir='ltr'><strong>Quoad</strong></span> <span class='ocrx_word' id='word_1_186' title='bbox 678 3096 760 3159; x_wconf 91' lang='lat' dir='ltr'><strong>hanc</strong></span> <span class='ocrx_word' id='word_1_187' title='bbox 774 3095 963 3180; x_wconf 82' lang='lat' dir='ltr'><strong>&#39;explicandi</strong></span> <span class='ocrx_word' id='word_1_188' title='bbox 985 3083 1143 3159; x_wconf 85' lang='lat' dir='ltr'><strong>rationem</strong></span> <span class='ocrx_word' id='word_1_189' title='bbox 1164 3095 1271 3158; x_wconf 89' lang='lat' dir='ltr'><strong>valent</strong></span> <span class='ocrx_word' id='word_1_190' title='bbox 1286 3095 1408 3179; x_wconf 90' lang='lat' dir='ltr'><strong>itaque,</strong></span> <span class='ocrx_word' id='word_1_191' title='bbox 1426 3115 1508 3179; x_wconf 91' lang='lat' dir='ltr'><strong>quae</strong></span> <span class='ocrx_word' id='word_1_192' title='bbox 1526 3111 1612 3176; x_wconf 88' lang='lat' dir='ltr'><strong>snpra</strong></span> 
     </span>
     <span class='ocr_line' id='line_1_26' title="bbox 427 3203 1612 3290; baseline -0.003 -23"><span class='ocrx_word' id='word_1_193' title='bbox 427 3205 465 3268; x_wconf 92' lang='lat' dir='ltr'><strong>de</strong></span> <span class='ocrx_word' id='word_1_194' title='bbox 482 3217 656 3288; x_wconf 89' lang='lat' dir='ltr'><strong>systemate</strong></span> <span class='ocrx_word' id='word_1_195' title='bbox 675 3205 930 3280; x_wconf 86' lang='lat' dir='ltr'><strong>Themistarum,</strong></span> <span class='ocrx_word' id='word_1_196' title='bbox 963 3207 1012 3270; x_wconf 90' lang='lat' dir='ltr'><strong>vel</strong></span> <span class='ocrx_word' id='word_1_197' title='bbox 1034 3226 1114 3290; x_wconf 88' lang='lat' dir='ltr'><strong>qnae</strong></span> <span class='ocrx_word' id='word_1_198' title='bbox 1136 3206 1175 3267; x_wconf 90' lang='lat' dir='ltr'><strong>de</strong></span> <span class='ocrx_word' id='word_1_199' title='bbox 1196 3216 1372 3288; x_wconf 83' lang='lat' dir='ltr'><strong>systemate</strong></span> <span class='ocrx_word' id='word_1_200' title='bbox 1387 3203 1612 3267; x_wconf 87' lang='lat' dir='ltr'><strong>Molinistarnm</strong></span> 
     </span>
     <span class='ocr_line' id='line_1_27' title="bbox 427 3312 611 3378; baseline 0.011 -2"><span class='ocrx_word' id='word_1_201' title='bbox 427 3312 511 3377; x_wconf 89' lang='lat' dir='ltr'><strong>dicta</strong></span> <span class='ocrx_word' id='word_1_202' title='bbox 528 3328 611 3378; x_wconf 79' lang='lat' dir='ltr'><strong>sunt.</strong></span> 
     </span>
    </p>

    <p class='ocr_par' dir='ltr' id='par_1_6' title="bbox 426 3421 1653 4716">
     <span class='ocr_line' id='line_1_28' title="bbox 537 3421 1653 3508; baseline -0.003 -21"><span class='ocrx_word' id='word_1_203' title='bbox 537 3425 681 3488; x_wconf 91' lang='lat' dir='ltr'><strong>Tandem</strong></span> <span class='ocrx_word' id='word_1_204' title='bbox 712 3424 796 3487; x_wconf 91' lang='lat' dir='ltr'><strong>inter</strong></span> <span class='ocrx_word' id='word_1_205' title='bbox 817 3423 984 3508; x_wconf 89' lang='lat' dir='ltr'><strong>oppositas</strong></span> <span class='ocrx_word' id='word_1_206' title='bbox 1005 3436 1114 3507; x_wconf 90' lang='lat' dir='ltr'><strong>partes</strong></span> <span class='ocrx_word' id='word_1_207' title='bbox 1132 3422 1282 3497; x_wconf 93' lang='lat' dir='ltr'><strong>mediam,</strong></span> <span class='ocrx_word' id='word_1_208' title='bbox 1306 3435 1399 3506; x_wconf 92' lang='lat' dir='ltr'><strong>atque</strong></span> <span class='ocrx_word' id='word_1_209' title='bbox 1414 3422 1490 3487; x_wconf 91' lang='lat' dir='ltr'><strong>ideo</strong></span> <span class='ocrx_word' id='word_1_210' title='bbox 1509 3421 1611 3487; x_wconf 87' lang='lat' dir='ltr'><strong>certio·</strong></span> <span class='ocrx_word' id='word_1_211' title='bbox 1649 3450 1653 3465; x_wconf 82' lang='grc'><em>·</em></span> 
     </span>
     <span class='ocr_line' id='line_1_29' title="bbox 426 3531 1612 3616; baseline 0 -22"><span class='ocrx_word' id='word_1_212' title='bbox 426 3554 496 3596; x_wconf 90' lang='lat' dir='ltr'><strong>rem</strong></span> <span class='ocrx_word' id='word_1_213' title='bbox 522 3531 734 3616; x_wconf 89' lang='lat' dir='ltr'><strong>tutioremque</strong></span> <span class='ocrx_word' id='word_1_214' title='bbox 751 3532 836 3595; x_wconf 90' lang='lat' dir='ltr'><strong>viam</strong></span> <span class='ocrx_word' id='word_1_215' title='bbox 857 3531 919 3596; x_wconf 86' lang='lat' dir='ltr'><strong>sibi</strong></span> <span class='ocrx_word' id='word_1_216' title='bbox 934 3531 1096 3596; x_wconf 89' lang='lat' dir='ltr'><strong>invenisse</strong></span> <span class='ocrx_word' id='word_1_217' title='bbox 1112 3531 1200 3596; x_wconf 90' lang='lat' dir='ltr'><strong>visus</strong></span> <span class='ocrx_word' id='word_1_218' title='bbox 1218 3544 1268 3595; x_wconf 89' lang='lat' dir='ltr'><strong>est</strong></span> <span class='ocrx_word' id='word_1_219' title='bbox 1290 3535 1457 3606; x_wconf 70' lang='lat' dir='ltr'><strong>Sueten,</strong></span> <span class='ocrx_word' id='word_1_220' title='bbox 1480 3554 1498 3596; x_wconf 92' lang='lat' dir='ltr'><strong>e</strong></span> <span class='ocrx_word' id='word_1_221' title='bbox 1521 3531 1612 3595; x_wconf 90' lang='lat' dir='ltr'><strong>socie·</strong></span> 
     </span>
     <span class='ocr_line' id='line_1_30' title="bbox 426 3640 1613 3729; baseline 0 -27"><span class='ocrx_word' id='word_1_222' title='bbox 426 3652 491 3703; x_wconf 83' lang='lat' dir='ltr'><strong>tate</strong></span> <span class='ocrx_word' id='word_1_223' title='bbox 507 3641 594 3703; x_wconf 86' lang='lat' dir='ltr'><strong>lesu.</strong></span> <span class='ocrx_word' id='word_1_224' title='bbox 636 3642 818 3704; x_wconf 83' lang='lat' dir='ltr'><strong>Secundum</strong></span> <span class='ocrx_word' id='word_1_225' title='bbox 835 3655 992 3726; x_wconf 89' lang='lat' dir='ltr'><strong>systema,</strong></span> <span class='ocrx_word' id='word_1_226' title='bbox 1014 3643 1098 3726; x_wconf 92' lang='lat' dir='ltr'><strong>quod</strong></span> <span class='ocrx_word' id='word_1_227' title='bbox 1125 3641 1178 3706; x_wconf 90' lang='lat' dir='ltr'><strong>hic</strong></span> <span class='ocrx_word' id='word_1_228' title='bbox 1205 3642 1392 3728; x_wconf 85' lang='lat' dir='ltr'><strong>Theologus</strong></span> <span class='ocrx_word' id='word_1_229' title='bbox 1415 3640 1613 3729; x_wconf 77' lang='lat' dir='ltr'><strong>excogitavit,</strong></span> 
     </span>
     <span class='ocr_line' id='line_1_31' title="bbox 427 3747 1612 3842; baseline 0 -30"><span class='ocrx_word' id='word_1_230' title='bbox 427 3747 578 3812; x_wconf 86' lang='lat' dir='ltr'><strong>efficacia</strong></span> <span class='ocrx_word' id='word_1_231' title='bbox 609 3750 733 3836; x_wconf 84' lang='lat' dir='ltr'><strong>gratiae</strong></span> <span class='ocrx_word' id='word_1_232' title='bbox 757 3772 799 3814; x_wconf 85' lang='lat' dir='ltr'><strong>ex</strong></span> <span class='ocrx_word' id='word_1_233' title='bbox 821 3753 891 3835; x_wconf 92' lang='lat' dir='ltr'><strong>ejus</strong></span> <span class='ocrx_word' id='word_1_234' title='bbox 914 3753 1117 3839; x_wconf 84' lang='lat' dir='ltr'><strong>congruitate</strong></span> <span class='ocrx_word' id='word_1_235' title='bbox 1136 3773 1208 3816; x_wconf 94' lang='lat' dir='ltr'><strong>cum</strong></span> <span class='ocrx_word' id='word_1_236' title='bbox 1226 3751 1561 3842; x_wconf 89' lang='lat' dir='ltr'><strong>circumstantiistum</strong></span> <span class='ocrx_word' id='word_1_237' title='bbox 1575 3751 1612 3813; x_wconf 93' lang='lat' dir='ltr'><strong>in·</strong></span> 
     </span>
     <span class='ocr_line' id='line_1_32' title="bbox 426 3858 1612 3946; baseline 0.001 -25"><span class='ocrx_word' id='word_1_238' title='bbox 426 3858 528 3923; x_wconf 84' lang='lat' dir='ltr'><strong>ternis</strong></span> <span class='ocrx_word' id='word_1_239' title='bbox 544 3871 611 3923; x_wconf 84' lang='lat' dir='ltr'><strong>tum</strong></span> <span class='ocrx_word' id='word_1_240' title='bbox 628 3861 782 3935; x_wconf 85' lang='lat' dir='ltr'><strong>externis,</strong></span> <span class='ocrx_word' id='word_1_241' title='bbox 799 3861 960 3946; x_wconf 88' lang='lat' dir='ltr'><strong>inquibus</strong></span> <span class='ocrx_word' id='word_1_242' title='bbox 976 3863 1073 3925; x_wconf 90' lang='lat' dir='ltr'><strong>homo</strong></span> <span class='ocrx_word' id='word_1_243' title='bbox 1090 3874 1249 3935; x_wconf 89' lang='lat' dir='ltr'><strong>versatur,</strong></span> <span class='ocrx_word' id='word_1_244' title='bbox 1266 3863 1445 3945; x_wconf 89' lang='lat' dir='ltr'><strong>repetenda</strong></span> <span class='ocrx_word' id='word_1_245' title='bbox 1461 3874 1521 3926; x_wconf 88' lang='lat' dir='ltr'><strong>est.</strong></span> <span class='ocrx_word' id='word_1_246' title='bbox 1547 3861 1612 3924; x_wconf 87' lang='lat' dir='ltr'><strong>Gra·</strong></span> 
     </span>
     <span class='ocr_line' id='line_1_33' title="bbox 428 3967 1613 4055; baseline -0.001 -23"><span class='ocrx_word' id='word_1_247' title='bbox 428 3968 503 4033; x_wconf 92' lang='lat' dir='ltr'><strong>tiam</strong></span> <span class='ocrx_word' id='word_1_248' title='bbox 536 3967 752 4033; x_wconf 89' lang='lat' dir='ltr'><strong>sufficientem</strong></span> <span class='ocrx_word' id='word_1_249' title='bbox 782 3971 931 4053; x_wconf 89' lang='lat' dir='ltr'><strong>adpellat‚</strong></span> <span class='ocrx_word' id='word_1_250' title='bbox 964 3992 1042 4055; x_wconf 91' lang='lat' dir='ltr'><strong>quae</strong></span> <span class='ocrx_word' id='word_1_251' title='bbox 1067 3971 1317 4035; x_wconf 87' lang='lat' dir='ltr'><strong>circumstantiis</strong></span> <span class='ocrx_word' id='word_1_252' title='bbox 1339 3970 1401 4035; x_wconf 93' lang='lat' dir='ltr'><strong>illis</strong></span> <span class='ocrx_word' id='word_1_253' title='bbox 1419 3993 1486 4034; x_wconf 94' lang='lat' dir='ltr'><strong>non</strong></span> <span class='ocrx_word' id='word_1_254' title='bbox 1504 3982 1555 4034; x_wconf 88' lang='lat' dir='ltr'><strong>est</strong></span> <span class='ocrx_word' id='word_1_255' title='bbox 1570 3969 1613 4032; x_wconf 90' lang='lat' dir='ltr'><strong>ad·</strong></span> 
     </span>
     <span class='ocr_line' id='line_1_34' title="bbox 429 4064 1614 4166; baseline -0.003 -24"><span class='ocrx_word' id='word_1_256' title='bbox 429 4081 646 4154; x_wconf 88' lang='lat' dir='ltr'><strong>commodata,</strong></span> <span class='ocrx_word' id='word_1_257' title='bbox 680 4101 822 4165; x_wconf 91' lang='lat' dir='ltr'><strong>quaeque</strong></span> <span class='ocrx_word' id='word_1_258' title='bbox 841 4079 966 4165; x_wconf 92' lang='lat' dir='ltr'><strong>quidem</strong></span> <span class='ocrx_word' id='word_1_259' title='bbox 984 4081 1173 4166; x_wconf 83' lang='lat' dir='ltr'><strong>proximam,</strong></span> <span class='ocrx_word' id='word_1_260' title='bbox 1190 4064 1366 4165; x_wconf 86' lang='lat' dir='ltr'><strong>perlectam</strong></span> <span class='ocrx_word' id='word_1_261' title='bbox 1384 4094 1416 4144; x_wconf 91' lang='lat' dir='ltr'><strong>et</strong></span> <span class='ocrx_word' id='word_1_262' title='bbox 1435 4081 1614 4164; x_wconf 88' lang='lat' dir='ltr'><strong>completam</strong></span> 
     </span>
     <span class='ocr_line' id='line_1_35' title="bbox 429 4188 1614 4276; baseline 0 -26"><span class='ocrx_word' id='word_1_263' title='bbox 429 4188 574 4253; x_wconf 83' lang='lat' dir='ltr'><strong>conferat</strong></span> <span class='ocrx_word' id='word_1_264' title='bbox 605 4191 644 4253; x_wconf 89' lang='lat' dir='ltr'><strong>ad</strong></span> <span class='ocrx_word' id='word_1_265' title='bbox 675 4192 756 4254; x_wconf 91' lang='lat' dir='ltr'><strong>bene</strong></span> <span class='ocrx_word' id='word_1_266' title='bbox 789 4192 986 4274; x_wconf 89' lang='lat' dir='ltr'><strong>operandum</strong></span> <span class='ocrx_word' id='word_1_267' title='bbox 1017 4204 1226 4275; x_wconf 89' lang='lat' dir='ltr'><strong>potestatem,</strong></span> <span class='ocrx_word' id='word_1_268' title='bbox 1259 4212 1417 4276; x_wconf 89' lang='lat' dir='ltr'><strong>nusquam</strong></span> <span class='ocrx_word' id='word_1_269' title='bbox 1444 4203 1550 4254; x_wconf 84' lang='lat' dir='ltr'><strong>autem</strong></span> <span class='ocrx_word' id='word_1_270' title='bbox 1572 4188 1614 4249; x_wconf 83' lang='lat' dir='ltr'><strong>det</strong></span> 
     </span>
     <span class='ocr_line' id='line_1_36' title="bbox 427 4295 1614 4388; baseline 0.002 -29"><span class='ocrx_word' id='word_1_271' title='bbox 427 4295 532 4381; x_wconf 88' lang='lat' dir='ltr'><strong>ipsum</strong></span> <span class='ocrx_word' id='word_1_272' title='bbox 549 4299 686 4382; x_wconf 90' lang='lat' dir='ltr'><strong>operari.</strong></span> <span class='ocrx_word' id='word_1_273' title='bbox 712 4301 803 4378; x_wconf 79' lang='lat' dir='ltr'><strong>Quod</strong></span> <span class='ocrx_word' id='word_1_274' title='bbox 819 4322 897 4364; x_wconf 91' lang='lat' dir='ltr'><strong>vero</strong></span> <span class='ocrx_word' id='word_1_275' title='bbox 915 4301 1020 4387; x_wconf 86' lang='lat' dir='ltr'><strong>gratia</strong></span> <span class='ocrx_word' id='word_1_276' title='bbox 1037 4324 1101 4365; x_wconf 93' lang='lat' dir='ltr'><strong>non</strong></span> <span class='ocrx_word' id='word_1_277' title='bbox 1118 4302 1160 4366; x_wconf 88' lang='lat' dir='ltr'><strong>sit</strong></span> <span class='ocrx_word' id='word_1_278' title='bbox 1177 4322 1323 4388; x_wconf 86' lang='lat' dir='ltr'><strong>congrua</strong></span> <span class='ocrx_word' id='word_1_279' title='bbox 1338 4301 1371 4363; x_wconf 95' lang='lat' dir='ltr'><strong>in</strong></span> <span class='ocrx_word' id='word_1_280' title='bbox 1388 4300 1452 4376; x_wconf 89' lang='lat' dir='ltr'><strong>his,</strong></span> <span class='ocrx_word' id='word_1_281' title='bbox 1470 4300 1523 4387; x_wconf 89' lang='lat' dir='ltr'><strong>qui</strong></span> <span class='ocrx_word' id='word_1_282' title='bbox 1539 4295 1614 4363; x_wconf 76' lang='lat' dir='ltr'><strong>auxi·</strong></span> 
     </span>
     <span class='ocr_line' id='line_1_37' title="bbox 427 4406 1614 4494; baseline -0.001 -25"><span class='ocrx_word' id='word_1_283' title='bbox 427 4406 503 4470; x_wconf 90' lang='lat' dir='ltr'><strong>lium</strong></span> <span class='ocrx_word' id='word_1_284' title='bbox 521 4421 641 4472; x_wconf 91' lang='lat' dir='ltr'><strong>tantum</strong></span> <span class='ocrx_word' id='word_1_285' title='bbox 658 4408 829 4474; x_wconf 86' lang='lat' dir='ltr'><strong>sufficiens</strong></span> <span class='ocrx_word' id='word_1_286' title='bbox 846 4410 1014 4494; x_wconf 89' lang='lat' dir='ltr'><strong>recipiunt,</strong></span> <span class='ocrx_word' id='word_1_287' title='bbox 1033 4433 1131 4476; x_wconf 89' lang='lat' dir='ltr'><strong>causa</strong></span> <span class='ocrx_word' id='word_1_288' title='bbox 1148 4411 1245 4475; x_wconf 88' lang='lat' dir='ltr'><strong>estin</strong></span> <span class='ocrx_word' id='word_1_289' title='bbox 1261 4410 1359 4494; x_wconf 92' lang='lat' dir='ltr'><strong>ipsis,</strong></span> <span class='ocrx_word' id='word_1_290' title='bbox 1376 4423 1517 4494; x_wconf 90' lang='lat' dir='ltr'><strong>possent</strong></span> <span class='ocrx_word' id='word_1_291' title='bbox 1533 4408 1614 4479; x_wconf 93' lang='lat' dir='ltr'><strong>enim,</strong></span> 
     </span>
     <span class='ocr_line' id='line_1_38' title="bbox 428 4517 1615 4604; baseline -0.002 -23"><span class='ocrx_word' id='word_1_292' title='bbox 428 4539 522 4602; x_wconf 91' lang='lat' dir='ltr'><strong>quum</strong></span> <span class='ocrx_word' id='word_1_293' title='bbox 539 4517 796 4584; x_wconf 87' lang='lat' dir='ltr'><strong>circumstantias</strong></span> <span class='ocrx_word' id='word_1_294' title='bbox 815 4532 938 4584; x_wconf 88' lang='lat' dir='ltr'><strong>mutare</strong></span> <span class='ocrx_word' id='word_1_295' title='bbox 956 4520 999 4584; x_wconf 90' lang='lat' dir='ltr'><strong>sit</strong></span> <span class='ocrx_word' id='word_1_296' title='bbox 1014 4520 1046 4582; x_wconf 93' lang='lat' dir='ltr'><strong>in</strong></span> <span class='ocrx_word' id='word_1_297' title='bbox 1063 4532 1224 4604; x_wconf 90' lang='lat' dir='ltr'><strong>potestate</strong></span> <span class='ocrx_word' id='word_1_298' title='bbox 1240 4518 1400 4595; x_wconf 90' lang='lat' dir='ltr'><strong>hominis,</strong></span> <span class='ocrx_word' id='word_1_299' title='bbox 1426 4520 1575 4596; x_wconf 86' lang='lat' dir='ltr'><strong>efficere,</strong></span> <span class='ocrx_word' id='word_1_300' title='bbox 1589 4527 1615 4579; x_wconf 87' lang='lat' dir='ltr'><strong>nt</strong></span> 
     </span>
     <span class='ocr_line' id='line_1_39' title="bbox 427 4626 811 4716; baseline 0.016 -27"><span class='ocrx_word' id='word_1_301' title='bbox 427 4627 533 4714; x_wconf 85' lang='lat' dir='ltr'><strong>gratia</strong></span> <span class='ocrx_word' id='word_1_302' title='bbox 549 4626 603 4692; x_wconf 84' lang='lat' dir='ltr'><strong>liat</strong></span> <span class='ocrx_word' id='word_1_303' title='bbox 621 4635 811 4716; x_wconf 87' lang='lat' dir='ltr'><strong>congrua¹).</strong></span> 
     </span>
    </p>
   </div>
   <div class='ocr_carea' id='block_1_3' title="bbox 427 4766 643 4776">
    <p class='ocr_par' dir='ltr' id='par_1_7' title="bbox 427 4766 643 4776">
     <span class='ocr_line' id='line_1_40' title="bbox 427 4766 643 4776; baseline 0 0"><span class='ocrx_word' id='word_1_304' title='bbox 427 4766 643 4776; x_wconf 63' lang='lat'><strong>————-—--</strong></span> 
     </span>
    </p>
   </div>
   <div class='ocr_carea' id='block_1_4' title="bbox 540 4851 1186 4933">
    <p class='ocr_par' dir='ltr' id='par_1_8' title="bbox 540 4851 1186 4933">
     <span class='ocr_line' id='line_1_41' title="bbox 540 4851 1186 4933; baseline 0.009 -20"><span class='ocrx_word' id='word_1_305' title='bbox 540 4851 563 4933; x_wconf 91' lang='lat'><strong>¹)</strong></span> <span class='ocrx_word' id='word_1_306' title='bbox 580 4851 625 4913; x_wconf 82' lang='lat' dir='ltr'><strong>Of.</strong></span> <span class='ocrx_word' id='word_1_307' title='bbox 643 4853 805 4925; x_wconf 81' lang='lat' dir='ltr'><strong>Suarez,</strong></span> <span class='ocrx_word' id='word_1_308' title='bbox 820 4855 869 4915; x_wconf 86' lang='lat' dir='ltr'><strong>De</strong></span> <span class='ocrx_word' id='word_1_309' title='bbox 880 4859 960 4931; x_wconf 71' lang='lat' dir='ltr'><strong>prat.</strong></span> <span class='ocrx_word' id='word_1_310' title='bbox 978 4855 998 4916; x_wconf 87' lang='lat' dir='ltr'><strong>l.</strong></span> <span class='ocrx_word' id='word_1_311' title='bbox 1014 4856 1044 4913; x_wconf 84' lang='grc'><strong>4.</strong></span> <span class='ocrx_word' id='word_1_312' title='bbox 1062 4873 1088 4917; x_wconf 89' lang='lat' dir='ltr'><strong>e.</strong></span> <span class='ocrx_word' id='word_1_313' title='bbox 1105 4857 1134 4916; x_wconf 82' lang='lat'><strong>4.</strong></span> <span class='ocrx_word' id='word_1_314' title='bbox 1158 4858 1186 4920; x_wconf 87' lang='grc'><strong>6.</strong></span> 
     </span>
    </p>
   </div>
   <div class='ocr_carea' id='block_1_5' title="bbox 0 0 1892 5625">
    <p class='ocr_par' dir='ltr' id='par_1_9' title="bbox 0 0 1892 5625">
     <span class='ocr_line' id='line_1_42' title="bbox 0 0 1892 5625; baseline 0 0"><span class='ocrx_word' id='word_1_315' title='bbox 0 0 1892 5625; x_wconf 95' lang='lat' dir='ltr'><strong> </strong></span> 
     </span>
    </p>
   </div>
  </div>
 </body>
</html>
