3775 5625
1449 423 1513 491 143

273 608 464 674 catum,
481 602 584 675 quod
604 598 806 658 catholice
820 596 927 669 fides
948 598 1118 655 eredidit
1138 595 1374 672 antiquitate
1392 598 1449 652 aed
1463 603 1511 673 tu,

263 714 388 792 qui
400 710 479 770 med
491 727 605 787 meae,
623 711 694 768 sine
709 710 805 768 dubio
821 725 947 767 novus
970 725 1009 767 ea
1025 706 1249 766 haereticus
1260 706 1298 781 ¹).

432 816 461 880 2.
480 814 590 880 Testis
614 813 688 879 lidei
708 813 914 889 universalis,
938 814 971 878 in
992 812 1141 878 Ecclesia
1171 811 1273 898 prima
1294 810 1325 876 in
1347 823 1514 896 peccatum

264 925 480 1013 originale
500 923 658 1012 vigentis,
680 936 731 988 est
752 944 852 1008 porro
874 922 1010 1008 praxis
1035 921 1259 996 Ecclesiae,
1287 942 1366 1006 quae
1388 922 1427 985 ab
1444 920 1515 1006 ipsa

267 1048 426 1103 aetate
442 1035 674 1119 Apostolorum
695 1032 809 1118 ubique
828 1033 976 1107 obtinuit,
1000 1030 1182 1117 baptizandi
1198 1030 1335 1096 inientes
1351 1030 1384 1095 in
1400 1030 1513 1096 remis·

271 1145 447 1212 sionem
478 1147 741 1229 peemtorum²)‚
773 1163 866 1228 quam
895 1141 1059 1229 Pelagiani
1089 1140 1225 1206 inliciari
1256 1162 1414 1227 nunquam
1445 1140 1514 1207 ausi

278 1267 412 1327 sunu
436 1256 510 1329 sed,
526 1266 561 1318 ut
577 1275 613 1319 se
629 1254 669 1317 ab
685 1253 875 1340 urgentibus
893 1250 1084 1316 orthodoxis
1101 1250 1300 1337 expedirent,
1315 1250 1401 1316 inter
1416 1257 1515 1315 eitam

284 1378 500 1446 seleroeut,
518 1384 612 1449 mam
628 1385 693 1427 non
709 1360 879 1448 baptizatis
895 1362 1120 1449 assignabant,
1138 1373 1320 1441 strepuere
1336 1368 1513 1444 coetorum,

288 1495 388 1559 erlo
403 1472 530 1538 nonnisi
545 1472 697 1559 baptisati
712 1470 884 1556 potiantur,
897 1470 1156 1558 distinguendum
1173 1490 1246 1534 esse
1264 1471 1514 1546 contendebant;

291 1602 386 1648 nee
409 1603 473 1648 non
495 1582 576 1646 ritus
596 1579 717 1666 pariter
737 1580 909 1665 astuquitus
930 1579 1046 1665 ubique
1076 1592 1227 1664 receptus
1258 1580 1515 1646 exorcismorum

296 1710 422 1777 super
442 1692 630 1768 infantibus,
654 1713 747 1778 quem
768 1692 888 1777 pariter
903 1690 936 1754 in
953 1689 1102 1754 universa
1122 1690 1271 1755 Ecclesia
1286 1690 1318 1754 in
1335 1713 1395 1755 usu
1416 1691 1515 1756 luisse

298 1798 487 1888 lelagiani
503 1800 624 1866 diserte
640 1801 820 1864 fatebantur
830 1804 867 1879 ⁸).

432 1910 462 1976 3.
479 1909 622 1995 Denique
644 1908 791 1974 doctrina
807 1909 846 1973 de
862 1920 996 1993 peccato
1018 1907 1167 1995 originali
1184 1909 1373 1974 transmissa
1388 1931 1431 1974 ex
1445 1910 1516 1996 ipsa

303 2020 577 2106 praescriptione
599 2031 650 2084 sat
669 2020 845 2083 luculenter
867 2018 1040 2106 colligitur.
1064 2018 1127 2081 Vix
1147 2017 1231 2083 enim
1251 2018 1421 2107 Pelagiena
1441 2020 1514 2085 hae·

302 2129 405 2195 rasis
428 2152 447 2195 e
469 2129 612 2196 tenebris
644 2128 790 2203 emersit,
823 2129 896 2192 dum
927 2149 998 2192 eam
1019 2140 1178 2213 tamquam
1207 2128 1339 2213 impium
1369 2149 1515 2194 errorem

303 2254 437 2305 ammes
469 2239 643 2306 Christiani
674 2238 763 2304 orbis
793 2237 961 2303 Ecclesiae
990 2239 1241 2314 exhorruerunt,
1265 2252 1298 2303 et
1319 2239 1352 2302 in
1372 2239 1516 2324 pluribus

303 2342 477 2415 toncitiis
497 2351 584 2415 velut
602 2350 771 2434 profanum
804 2361 1019 2413 commentum
1050 2348 1270 2435 profligarunt.
1303 2350 1406 2428 Quare
1427 2350 1514 2415 Pela·

234 2455 236 2460 ’
304 2452 412 2539 gine,
435 2471 470 2524 ut
486 2458 519 2522 in
535 2458 811 2544 Diospolitana
836 2459 968 2542 synodo
995 2456 1202 2542 promeritam
1219 2459 1517 2525 condemnationem

306 2562 513 2643 declinaret,
535 2567 714 2633 doctrinam
736 2589 826 2632 suam
847 2567 982 2631 vocibus
999 2567 1156 2655 ambiguis
1174 2568 1329 2655 obtegere
1347 2568 1516 2656 diligenter

241 2687 243 2692 '
309 2677 452 2766 sategit.
486 2678 567 2757 Quin
585 2678 651 2743 imo
673 2677 717 2742 ita
742 2676 889 2742 doctrina
912 2675 1076 2742 Catholiea
1097 2677 1237 2740 omnium
1261 2677 1515 2743 Christianorum

312 2783 437 2854 animis
470 2790 531 2854 alte
562 2788 658 2853 insita
689 2788 806 2863 luerat,
837 2798 886 2862 ut,
916 2799 1001 2851 teste
1033 2786 1322 2872 Hieronymo⁴),
1354 2788 1517 2877 Pelagiani

315 2890 501 2974 litnuerint,
523 2920 580 2974 ne,
603 2899 632 2963 si
651 2898 829 2963 doctrinam
846 2919 937 2962 suam
953 2898 1057 2982 palam
1073 2898 1269 2982 proferrent,
1291 2919 1349 2962 eos
1366 2900 1456 2984 plebs
1472 2900 1515 2965 la·

317 2999 449 3081 piditas
475 3010 635 3073 obrueret.
667 3007 750 3071 Hinc
770 3020 804 3071 et
827 3029 939 3071 omnes
957 3021 1080 3082 sectae,
1103 3021 1175 3072 ante
1190 3008 1382 3095 Pelagianos
1399 3011 1438 3073 ab
1453 3011 1515 3074 Ec·

321 3107 422 3182 etesia
438 3118 594 3192 divulsae,
616 3129 651 3181 ut
671 3116 894 3191 Novatiani,
915 3116 1162 3191 Donatistae,
1188 3118 1418 3193 Sabelliani,
1434 3118 1514 3183 Ari·

323 3223 383 3286 tui
409 3241 470 3294 etc.
494 3230 612 3316 dogma
633 3229 672 3290 de
696 3226 846 3314 originali
872 3239 1024 3312 peccato,
1040 3227 1072 3290 in
1089 3248 1151 3313 qino
1177 3249 1290 3292 omnes
1312 3250 1383 3292 cum
1400 3227 1515 3294 Catho-

322 3322 394 3398 licis
420 3351 672 3424 consenserunt,
696 3339 784 3401 velut
807 3336 954 3402 laciniam
976 3335 1050 3400 lidei
1072 3335 1254 3402 Catholicae
1276 3359 1386 3403 secum
1413 3351 1515 3403 trans·

325 3431 409 3512 ferre
424 3459 583 3533 poterant.
863 3519 870 3537 ι

430 3563 558 3620 Aduot.
575 3564 624 3620 Ex
632 3561 744 3638 quibus
758 3579 818 3620 una
829 3562 913 3621 clare
922 3561 1060 3637 adparet,
1069 3560 1138 3638 quid
1148 3561 1334 3620 censendum
1345 3561 1386 3620 sit
1398 3563 1433 3621 de
1447 3581 1515 3622 seu·

327 3661 421 3730 letttie
437 3672 791 3740 illa,‚Tertullianum
810 3671 940 3748 primum
957 3672 1064 3730 vitium
1081 3670 1201 3747 aliquod
1217 3670 1361 3747 originis,
1373 3680 1403 3730 et
1414 3673 1517 3732 tradu-

328 3780 521 3856 tompeeeau
532 3781 743 3859 significasse,
760 3790 850 3857 atque
862 3780 938 3839 alios
956 3781 1016 3839 alia
1027 3778 1075 3838 his
1092 3779 1204 3839 similia
1220 3780 1251 3838 in
1264 3781 1395 3840 medium
1411 3791 1516 3858 protu-

234 3955 235 3959 ,
327 3871 415 3959 isse,
438 3910 455 3949 a
475 3890 716 3950 manichaeismo
737 3909 797 3948 non
821 3891 866 3948 ita
888 3891 1005 3960 aliena,
1028 3891 1284 3968 Augustinum
1306 3898 1408 3949 tamen
1433 3892 1515 3968 prin·

240 4083 243 4090 Ι
330 3983 423 4061 illem
446 3999 622 4070 exstitisse,
646 4001 697 4076 qui
718 3999 910 4059 subtiliorem
935 4000 1114 4074 systematis
1139 3999 1302 4058 formulam
1327 4000 1363 4059 de
1387 4012 1517 4077 peceato

330 4096 472 4180 lllginoli
488 4119 598 4170 eontra
614 4110 774 4188 Pelagium
792 4111 908 4168 aeriter
930 4109 1118 4178 defenderit,
1136 4119 1168 4168 et
1184 4127 1239 4185 per
1256 4110 1431 4169 universam
1449 4111 1516 4170 iere

233 4238 256 4263 ··
331 4199 499 4278 Etlttlssiam
514 4220 657 4278 Latinam
673 4220 894 4298 propagaverit
905 4225 944 4294 ⁵).

328 4307 593 4347 g.-

234 4420 253 4470 1-
432 4385 459 4462 ¹)
476 4385 524 4441 De
539 4403 611 4461 nup.
629 4390 656 4442 et
671 4403 795 4461 concup.
813 4385 832 4443 l.
850 4388 877 4442 2.
896 4403 920 4446 c.
939 4387 978 4443 12
991 4402 1020 4445 η.
1038 4384 1087 4443 25.
1105 4382 1144 4444 Τ.
1158 4379 1209 4443 10.
1227 4403 1251 4444 c.
1269 4379 1345 4444 314.
1364 4419 1405 4428 -
1425 4381 1451 4461 ²)
1471 4379 1517 4444 Of.

332 4448 394 4564 lg.
412 4469 444 4555 3,
461 4468 515 4536 33.
532 4470 586 4545 33,
605 4471 656 4536 16.
680 4475 794 4557 epm.
817 4470 848 4549 5,
865 4471 918 4535 ae.
944 4475 1006 4534 ru.
1025 4471 1055 4549 3,
1072 4471 1103 4535 3.
1124 4471 1153 4538 1.
1177 4475 1260 4534 rar.
1277 4471 1308 4549 3,
1326 4471 1379 4536 21.
1397 4472 1516 4554 syme.

330 4537 403 4622 lile.
419 4564 560 4625 GPolit.
578 4565 776 4645 Augustin.
796 4567 881 4627 Oout.
897 4565 1016 4626 Julian.
1034 4567 1053 4626 l.
1071 4569 1099 4625 1.
1117 4586 1140 4624 c.
1161 4568 1188 4627 t.
1205 4585 1235 4627 u.
1252 4567 1291 4625 31
1310 4585 1351 4627 ss.
1370 4564 1450 4644 Opp.
1467 4564 1515 4626 ed.

234 4700 235 4705 κ
328 4643 409 4742 ⁰21¹.
427 4653 478 4718 10.
497 4677 522 4718 e.
541 4653 607 4718 516
624 4678 664 4717 ss.
684 4694 724 4701 —
743 4660 771 4733 ³)
789 4655 881 4720 Gens.
904 4656 1105 4735 Augustin.
1126 4660 1173 4715 De
1184 4664 1299 4731 peceat.
1315 4656 1412 4715 merit.
1430 4663 1458 4715 et
1471 4676 1517 4715 re-

324 4735 495 4808 018311.
513 4769 539 4810 c.
557 4751 598 4807 18
613 4768 656 4814 se.
672 4769 702 4810 u.
720 4751 760 4808 23
776 4768 817 4810 ss.
834 4750 873 4810 T.
891 4746 943 4811 10.
962 4769 987 4810 c.
1007 4745 1047 4809 13
1066 4769 1105 4809 ss.
1124 4783 1165 4794 -—
1182 4744 1210 4829 ⁴)
1225 4748 1348 4823 Diolop.
1371 4750 1439 4812 adv.
1460 4750 1516 4807 Pe-

322 4807 387 4893 &190
408 4838 427 4898 l.
443 4829 474 4902 3ss
491 4858 516 4901 e.
534 4842 584 4901 17.
602 4838 681 4922 Opp.
699 4841 737 4900 Τ.
755 4835 786 4900 2.
807 4860 832 4899 c.
851 4836 927 4905 802.
944 4875 988 4887 -
1008 4837 1033 4920 ⁵)
1050 4838 1282 4923 Wegseheider‚
1306 4838 1410 4901 realta
1432 4841 1516 4902 theol.

318 4899 680 5007 6133934333.
700 4927 796 4994 1844.
813 4953 844 5012 p.
860 4926 937 4993 434.
