3775 5625
372 394 440 469 510

374 587 462 632 nem:
478 563 549 652 ipsa
564 580 625 629 nos
636 557 795 650 justificat
810 581 868 650 per
884 564 1014 630 modurn
1030 552 1134 629 meriti
1155 557 1334 650 imperfecti
1351 583 1413 630 sen
1430 559 1555 651 disposi-

372 675 484 752 tionis,
501 695 564 739 non
581 687 685 739 autern
701 673 806 738 solum
822 685 971 749 eatenus,
987 686 1142 760 quatenus
1154 674 1420 760 justificationem
1438 676 1559 761 aspiciat

372 787 423 850 vel
438 783 572 869 recipiat
585 788 622 864 ¹).

478 893 598 958 Deinde
620 892 693 978 quia
712 891 793 958 fides
816 906 1005 979 ceteraeque
1027 892 1162 957 virtutes
1179 894 1219 957 ad
1229 892 1498 978 justificationem
1512 896 1556 959 ho·

371 1004 487 1068 minem
520 1003 707 1087 disponunt,
723 1023 856 1088 eamque
879 1002 983 1087 aliquo
1000 1003 1095 1066 modo
1116 1015 1356 1087 promerentur:
1392 1002 1557 1089 explicatur

371 1133 513 1199 quoque,
545 1132 642 1198 quare
673 1111 778 1199 magis
811 1110 988 1197 dispositus
1010 1112 1164 1196 majorem
1187 1110 1280 1176 etiam
1301 1112 1429 1200 gratiae
1446 1112 1556 1177 divium

370 1241 553 1287 mensuram
568 1220 713 1307 accipiat.
730 1223 764 1285 ld
781 1222 866 1285 clare
883 1222 978 1285 docet
995 1220 1112 1287 Chris
1123 1234 1186 1285 tus
1208 1221 1399 1287 Dominus
1420 1221 1454 1285 in
1477 1243 1555 1307 para·

370 1332 444 1396 bola
466 1333 505 1396 de
526 1331 653 1396 homine
676 1330 902 1416 desperante,
935 1351 1028 1417 quem
1061 1330 1167 1396 servis
1197 1333 1282 1395 bona
1299 1353 1374 1407 sua,
1388 1314 1425 1397 ⁴et
1441 1331 1555 1418 quidem

371 1441 538 1528 unicuique
560 1443 735 1508 secundum
757 1440 920 1527 propriam
935 1441 1083 1505 virtutem
1100 1440 1312 1516 distribuisse,
1329 1440 1391 1517 ait,
1407 1441 1464 1505 uni
1481 1440 1554 1506 scili·

372 1562 423 1615 cet
444 1550 572 1615 dedisse
604 1552 739 1638 quinque
760 1553 893 1625 talenta,
913 1550 966 1615 alii
988 1551 1069 1626 duo,
1092 1550 1143 1615 alii
1163 1572 1242 1615 vero
1259 1573 1357 1615 unum
1374 1551 1413 1632 ²).
1446 1553 1496 1616 Ea
1518 1563 1556 1615 est

369 1680 494 1746 quoque
519 1660 666 1725 doctrina
695 1663 755 1725 SS.
778 1662 953 1736 Patrum,
979 1671 1011 1724 et
1034 1659 1219 1724 nominatim
1250 1660 1486 1747 Augustini,
1516 1659 1556 1745 qui

369 1767 499 1832 scribit:
523 1771 614 1833 Deus
637 1782 724 1834 totns
750 1779 861 1834 adesse
887 1776 984 1833 rebus
1005 1776 1152 1833 omnibns
1165 1781 1290 1852 potest,
1309 1783 1341 1833 et
1356 1776 1500 1850 timptatio
1515 1783 1554 1833 to·

369 1891 438 1958 tus,·
463 1886 609 1958 quamvis
624 1886 660 1942 in
676 1886 792 1960 quibus
808 1884 945 1964 bobitot,
964 1884 1103 1943 babeant
1117 1902 1188 1943 eom
1201 1902 1271 1958 pro
1293 1902 1391 1943 snae
1412 1885 1553 1961 copori-

370 1995 469 2054 tatis
492 1995 757 2071 diversitate,
786 1995 859 2054 clii
883 1996 1071 2069 amplius,
1096 1995 1169 2053 olii
1199 1996 1349 2072 ninus,
1378 2011 1479 2070 quos
1500 1995 1553 2069 ipre

372 2104 434 2163 sibi
453 2105 694 2163 dilectissimum
716 2104 866 2180 templum
879 2105 991 2179 qratia
1007 2122 1085 2163 snae
1101 2106 1255 2163 bonitatis
1278 2103 1480 2178 aedificati).
1511 2101 1551 2162 ht·

370 2230 430 2295 que
460 2208 683 2274 Concilium
715 2208 992 2273 Tridentinum
1023 2208 1056 2273 id
1085 2208 1190 2295 ipsum
1222 2198 1348 2273 solenni
1382 2207 1551 2272 definitione

369 2318 540 2382 tenendum
570 2317 755 2403 proposuit,
786 2318 971 2383 declarans:
996 2321 1167 2382 Iustitiam
1189 2324 1225 2381 in
1245 2324 1339 2380 nobis
1360 2324 1549 2397 recipientes,

367 2433 640 2508 unnsquisque
671 2448 776 2490 enom
806 2435 1020 2490 secundnm
1042 2448 1278 2508 mensurant,
1303 2448 1402 2507 quoni
1419 2426 1550 2506 Spiritus

368 2536 406 2599 S.
426 2542 572 2617 partitur
596 2542 749 2618 sinentis,
780 2548 901 2616 prout
930 2544 1034 2618 ooli,
1057 2549 1096 2601 et
1117 2545 1328 2600 secundnm
1358 2542 1550 2616 proprian

368 2650 562 2726 cujusque
585 2652 911 2730 dispositionem,
937 2660 975 2710 et
996 2650 1368 2726 cooperationen⁴).

475 2755 565 2820 Unde
583 2768 615 2820 et
625 2753 751 2840 justitia
765 2753 798 2818 in
815 2754 952 2820 diversis
969 2754 1106 2831 diversa,
1118 2775 1315 2842 nequaqnam
1330 2754 1549 2840 autemeaden

367 2864 400 2928 in
421 2865 569 2930 omnibus
592 2877 657 2940 cst,
680 2878 776 2950 prout
797 2865 972 2929 butherani
994 2865 1069 2929 olim
1092 2865 1342 2939 contendebant,
1366 2877 1398 2929 et
1421 2881 1549 2949 prosto

366 2974 534 3060 principio,
546 2973 705 3060 justitiam
721 2987 866 3039 nostram
882 2974 914 3038 in
932 2976 1002 3039 sola
1018 2987 1153 3039 externa
1169 2974 1399 3049 declaratione,
1412 2995 1475 3037 nos
1491 2992 1548 3057 pro·

367 3097 438 3168 pter
461 3082 581 3149 Christi
598 3083 756 3169 justitiam
777 3105 901 3169 quoque
918 3085 1028 3168 justos
1051 3106 1139 3159 esse,
1163 3096 1257 3169 atque
1278 3085 1373 3167 hujus
1395 3081 1549 3168 perfidem

367 3192 621 3278 apprehensione
640 3192 836 3267 consistere,
853 3193 1048 3257 contendere
1065 3194 1230 3257 debebant.

474 3303 546 3367 Non
563 3323 638 3368 esse
654 3315 761 3366 tamen
777 3301 872 3365 fidem
888 3314 921 3365 ct
937 3313 1046 3365 cetera
1069 3298 1184 3386 opera,
1206 3322 1285 3387 quoe
1296 3300 1549 3385 justificationem

368 3413 560 3497 praecedere
592 3413 722 3487 debent,
754 3409 919 3475 meritoria
939 3419 979 3472 de
1001 3418 1172 3493 condique,
1195 3410 1238 3474 ita
1260 3423 1295 3473 ut
1318 3432 1361 3475 ex
1373 3411 1500 3495 justitia
1514 3408 1549 3472 eis

366 3521 470 3608 gratia
485 3520 669 3606 justificans
691 3521 858 3585 debeatur:
882 3518 997 3604 partim
1020 3518 1093 3583 inde
1113 3519 1313 3607 intelligitur,
1339 3521 1491 3606 quoniam
1506 3521 1548 3582 ho·

367 3628 451 3693 mine
468 3630 609 3694 nondum
624 3643 784 3716 tamquam
799 3628 927 3714 palmite
944 3628 1091 3703 Christo,
1107 3627 1179 3704 viti,
1195 3628 1336 3704 inserto,
1352 3642 1480 3694 tantum
1495 3629 1549 3692 Deo

368 3738 572 3803 extrinsecus
595 3738 754 3804 excitante
776 3750 808 3803 et
830 3739 1013 3822 adjuvante,
1034 3736 1157 3801 fructus
1174 3758 1269 3801 verae
1285 3738 1371 3802 vitae
1390 3735 1549 3803 divinaein

367 3847 460 3914 nobis
481 3861 612 3933 praesto
635 3870 793 3914 essenon
815 3859 967 3932 possunt,
989 3847 1131 3931 adeoque
1154 3845 1249 3911 etism
1267 3848 1359 3930 justa
1383 3845 1549 3934 proportio.

367 3980 446 4044 qnae
461 3958 544 4024 inter
560 3958 707 4024 meritum
724 3972 816 4045 atque
833 3958 1016 4022 mercedem
1031 3956 1231 4021 intercedere
1248 3959 1445 4023 necessario
1462 3959 1550 4025 debet

366 4067 449 4133 inter
469 4069 540 4154 ipsa
562 4081 594 4132 et
615 4068 697 4132 inter
720 4066 856 4156 gratiam
879 4065 1131 4131 sarrctificantem
1148 4077 1239 4152 atque
1257 4065 1462 4143 felicitatem,
1483 4067 1550 4130 illan

368 4192 631 4264 consequentem,
662 4179 744 4242 haud
775 4178 883 4242 locum
915 4176 1071 4251 obtineat,
1094 4175 1209 4260 partim
1226 4175 1297 4261 quia
1315 4177 1412 4242 deest
1428 4174 1555 4264 promis·¹

368 4308 453 4362 sum,
477 4309 539 4372 quo
562 4309 597 4352 se
619 4288 707 4351 Deus
723 4288 763 4351 od
778 4285 914 4374 gratiam
935 4286 1020 4350 illam
1036 4285 1231 4371 largiendam
1249 4285 1336 4348 omni
1347 4287 1441 4371 juste
1459 4288 1549 4370 dispo·

367 4397 430 4461 sito
447 4396 672 4472 obstrinxerit,
695 4409 728 4459 et
751 4395 821 4459 sine
838 4417 899 4480 quo
924 4407 1029 4459 tamen
1061 4395 1178 4458 nullum
1196 4406 1399 4479 potestesse
1418 4396 1551 4462 meritum

367 4526 408 4571 ex
420 4506 545 4592 justitia
566 4507 634 4572 sive
651 4516 689 4569 de
704 4513 872 4586 condigno.

364 4622 636 4639 *-

473 4674 499 4752 ¹)
519 4671 563 4733 Cf.
581 4673 804 4734 Pallavicin.
822 4672 904 4732 Hist.
923 4673 1013 4732 Cone.
1034 4671 1118 4730 Tite.
1136 4673 1156 4733 l.
1172 4674 1202 4733 8.
1219 4673 1401 4737 c.'14.n.4.
1414 4673 1549 4738 eddntv.

370 4762 464 4826 1673.
481 4767 518 4827 P.
538 4763 566 4824 l.
583 4786 613 4845 p.
631 4761 707 4826 282.
726 4801 766 4809 -
787 4764 812 4840 ²)
829 4759 1155 4833 Matth.25,14-15.
1173 4799 1214 4808 —
1233 4759 1261 4845 ³)
1277 4762 1384 4841 Epist.
1404 4769 1467 4826 287
1486 4765 1549 4844 (57),

245 4854 409 5042 qod
423 4858 567 4919 Darden.
585 4876 609 4920 c.
628 4858 656 4919 6.
672 4876 703 4920 n.
721 4858 770 4919 19.
787 4856 827 4920 Τ.
843 4852 873 4917 2.
891 4875 916 4916 c.
933 4850 1009 4915 684.
1029 4887 1072 4901 -·
1089 4853 1115 4937 ⁴)
1130 4853 1211 4916 Sese.
1232 4856 1261 4916 6.
1279 4875 1306 4916 c.
1327 4858 1354 4918 t.
