3775 5625
1450 436 1492 505 to

289 606 578 696 protoparentibus
595 603 734 679 uostris,
756 602 961 689 possedisse,
984 616 1017 667 et
1031 604 1093 667 hos
1107 604 1221 667 eadem
1239 616 1374 668 ornatos
1391 604 1492 670 fuisse

291 740 466 785 rrecessum
483 729 542 781 est
574 716 605 780 2.
622 714 752 780 Diserte
768 714 945 799 Apostolus
967 712 1079 787 tradit,
1103 712 1264 777 hominem
1287 713 1493 789 induendum,

291 851 352 916 per
366 826 530 892 veriorem
552 824 772 911 cognitionem
793 822 826 886 in
844 822 971 908 justitia
993 842 1032 887 ac
1054 822 1240 897 sanctitate,
1272 844 1348 887 esse
1375 845 1493 888 novum
1527 806 1529 810 ’

291 942 381 1004 illum
403 936 581 1010 hominem,
604 936 623 999 i.
646 955 674 997 e.
690 934 803 1008 talem,
827 932 928 1019 qualis
952 953 1056 995 novus
1076 933 1174 995 homo
1196 931 1247 996 ille
1263 945 1350 1007 erat,
1373 934 1426 1019 qui
1442 954 1492 998 se·

293 1049 434 1114 cundum
449 1046 554 1109 Deum
569 1054 735 1109 creatus
752 1043 767 1106 s
770 1042 841 1116 uit,
856 1042 907 1105 vel
921 1061 1015 1126 quem
1028 1041 1116 1105 Deus
1131 1042 1307 1105 secundum
1320 1042 1493 1129 imaginem

293 1178 387 1224 suam
404 1154 571 1220 creavit.
589 1154 655 1217 Sub
671 1175 756 1217 nouo
773 1157 904 1215 homine
919 1171 1035 1215 revera
1056 1150 1195 1235 primurn
1216 1149 1377 1215 hominem
1402 1151 1492 1217 intel·

292 1266 459 1355 ligendum
474 1284 566 1339 esse,
582 1284 647 1325 non
663 1274 786 1326 tantum
803 1282 845 1324 ex
861 1260 996 1324 articulo
1013 1260 1216 1345 praeposito,
1240 1262 1299 1325 sed
1320 1261 1493 1346 praecipue

294 1397 393 1442 exeo
410 1373 590 1460 colligitur,
606 1372 691 1457 quod
706 1371 884 1456 Apostolus
900 1370 932 1433 in
949 1382 1084 1456 utroque
1101 1369 1176 1434 loco
1192 1369 1363 1454 participio
1380 1370 1494 1435 aoristi

293 1487 405 1559 utitur,
422 1484 507 1568 quod
522 1480 652 1545 nonnisi
666 1481 700 1544 in
716 1479 847 1544 delinita
862 1478 1101 1565 significatione
1118 1478 1285 1563 praeteriti
1302 1479 1404 1564 accipi
1421 1492 1491 1565 pot·

294 1600 393 1676 est1).
416 1595 466 1660 Ad
488 1591 651 1658 Christum
674 1603 780 1655 autem
808 1591 906 1654 verba
927 1590 995 1665 illa,
1019 1590 1064 1654 uti
1088 1589 1277 1674 quibusdam
1296 1589 1401 1654 visum
1428 1605 1493 1667 est,

293 1704 412 1769 referri
433 1724 498 1767 non
520 1713 673 1787 possunt,
697 1701 770 1786 quia
793 1700 941 1765 Christus
969 1700 1095 1786 quidem
1117 1700 1150 1763 in
1167 1703 1227 1763 SS.
1253 1700 1316 1764 LL.
1344 1693 1494 1779 χαρακτὴρ

294 1817 346 1890 τῆς
366 1807 577 1886 ὑποστάσεως,
603 1815 713 1890 llyuru
734 1817 935 1874 substantioe
957 1810 1079 1885 Patris,
1108 1830 1268 1894 nunquam
1290 1821 1396 1874 autem
1417 1801 1495 1868 κατὰ

294 1914 371 1980 θεὸν
392 1918 536 1989 κτισθείς,
557 1926 730 1983 secuudum
753 1926 924 1999 imapiuem
939 1922 1003 1982 Dei
1026 1932 1173 1994 oreatus,
1199 1918 1331 1990 dicitur;
1364 1919 1423 1982 scd
1439 1938 1492 1981 ne·

296 2049 356 2114 que
372 2030 414 2092 ad
428 2028 532 2113 ipsam
546 2029 756 2093 instauratam
772 2029 910 2093 hominis
927 2030 1083 2104 indolem,
1106 2029 1256 2114 quoniam
1272 2041 1339 2092 tum
1354 2029 1493 2112 Aposto-

295 2140 345 2202 lus
360 2137 531 2223 participio
547 2140 728 2224 praesentis
750 2140 906 2224 temporis
922 2162 1003 2205 usus
1019 2153 1117 2204 esset.
1135 2140 1165 2204 3.
1173 2138 1316 2213 Accedit,
1333 2137 1494 2202 Paulum

294 2248 327 2310 in
350 2247 538 2311 uuiversum
552 2249 586 2311 in
602 2269 640 2313 ea
656 2269 731 2313 csse
753 2249 926 2324 sententia,
950 2271 1011 2314 nos
1033 2249 1065 2313 id
1086 2249 1118 2312 in
1137 2247 1267 2314 Christo
1288 2266 1494 2331 recuperare,

297 2358 382 2442 quod
404 2378 463 2441 per
483 2358 640 2423 Adamum
666 2358 879 2443 perdidimus3
902 2358 1077 2443 recipimus
1107 2371 1213 2423 autem
1241 2379 1299 2443 per
1316 2356 1494 2431 Christum,

297 2464 382 2550 quod
399 2466 439 2528 ad
455 2465 592 2530 animam
608 2467 734 2541 attinet,
757 2467 895 2553 gratiam
912 2467 1182 2540 sanctificantem
1208 2479 1301 2552 atque
1323 2465 1398 2531 hinc
1420 2486 1493 2553 gra·

297 2572 372 2636 tiam
389 2573 660 2649 sanctificantem,
683 2597 741 2640 seu
752 2575 911 2661 justitiam
927 2598 966 2640 ac
982 2575 1185 2641 sanctitatem
1200 2576 1232 2639 in
1248 2576 1371 2640 Adamo
1390 2574 1494 2640 amisi-

299 2703 385 2755 mus;
404 2682 457 2766 qui
473 2697 708 2769 consequenter
724 2684 756 2747 in
773 2684 826 2748 illa
842 2697 915 2748 ante
932 2684 1120 2749 necessario
1139 2684 1333 2749 constitutus
1350 2683 1415 2747 fuit.

401 2791 529 2858 Primos
545 2793 691 2859 homines
707 2793 739 2858 in
757 2807 841 2860 statu
853 2794 998 2880 justitiae
1016 2816 1053 2860 ac
1071 2793 1267 2869 sanctitatis,
1290 2816 1349 2860 scu
1369 2793 1401 2858 in
1418 2815 1492 2881 gra·

287 2898 339 2963 tia
356 2900 578 2967 sanctificante
594 2904 789 2969 constitutos
811 2903 929 2979 fuisse,
951 2926 1016 2969 nou
1037 2904 1141 2967 minus
1163 2925 1205 2966 ex
1225 2904 1326 2970 verbo
1348 2903 1495 2968 tradito

295 3009 482 3073 edocemur.
518 3011 644 3076 Docent
669 3012 754 3077 enim
776 3013 804 3078 1.
826 3012 939 3078 iuss.
962 3015 1101 3077 Patres
1122 3011 1327 3087 unanimiter,
1360 3034 1495 3098 quorum

286 3118 403 3203 aliqua
420 3119 533 3183 saltem
554 3120 738 3186 testimonia
759 3123 899 3210 allegare
910 3124 1012 3207 juvat.
1043 3122 1098 3187 Sic
1114 3123 1297 3188 Irenaeus
1315 3123 1423 3199 docet,
1443 3120 1494 3186 Fi·

276 3228 373 3292 ]ium
384 3227 446 3292 Dei
459 3227 621 3293 hominem
636 3230 754 3294 lactum
766 3231 861 3296 nobis
874 3233 1009 3296 salutem
1022 3231 1235 3316 praestitisse,
1246 3243 1285 3296 ut
1299 3240 1399 3312 quod
1411 3253 1495 3309 per·

274 3344 524 3400 «sideramus
540 3345 580 3401 iu
603 3343 742 3422 Adam,
768 3348 895 3423 idest,
924 3351 1135 3404 secuudum
1151 3347 1359 3421 iutuyiuem
1375 3353 1427 3404 et·
1441 3347 1495 3404 si·

276 3452 562 3510 militudinem
577 3451 650 3511 Dei
664 3471 763 3532 esse,
783 3456 818 3513 iu
834 3451 966 3514 Olaristo
985 3454 1256 3530 recuperernus2).
1275 3449 1341 3513 Sub
1355 3447 1495 3536 imagine

265 3569 324 3620 «et
343 3553 549 3620 similitudine
573 3570 678 3623 autem
696 3561 730 3623 S.
753 3560 886 3624 Praesul
901 3559 1050 3648 intelligit
1070 3560 1247 3635 hominem,
1274 3580 1316 3623 ex
1337 3557 1442 3622 anima
1464 3570 1497 3622 et

269 3684 438 3748 «corpore
460 3678 677 3741 constantem,
704 3667 756 3752 qui
774 3681 944 3748 propter
968 3674 1215 3746 effusionem
1240 3670 1429 3750 Spiritus
1455 3666 1492 3730 S.

254 3777 526 3855 <spiritualis
547 3787 586 3838 et
608 3781 825 3855 perfectus
856 3782 967 3841 homo
989 3783 1129 3855 fuctus
1150 3791 1229 3860 est,
1255 3779 1402 3862 huncque
1419 3797 1494 3840 esse

258 3880 428 3956 zcrihin
446 3889 510 3962 qui
526 3892 734 3947 seeundum
749 3891 956 3965 inopinam
972 3897 1009 3950 et
1023 3889 1331 3951 similitudinem
1352 3890 1496 3961 faetus

245 4004 358 4054 «est
386 3993 509 4071 Dei³).
542 3992 664 4071 Quodsi
697 4006 801 4057 autern
834 3997 866 4057 S.
898 3996 994 4058 Pater
1032 3995 1122 4070 dicit,
1150 3995 1313 4060 hominem
1341 3992 1496 4078 Spiritum

404 4211 430 4290 ¹)
463 4210 508 4271 of.
541 4209 759 4294 unitorum,
784 4213 1214 4296 duem.&c1)u[2(dtammrtlt
1236 4211 1367 4294 naua.
1394 4215 1495 4295 lisslen,

269 4297 399 4366 1822.
423 4301 467 4365 Θ.
490 4299 566 4365 319.
592 4301 624 4366 6.
647 4340 684 4349 -
708 4307 735 4382 ²)
760 4305 999 4366 consumeres.
1023 4309 1041 4366 l.
1066 4310 1097 4366 3.
1122 4310 1219 4370 0018.
1247 4328 1278 4371 u.
1301 4310 1329 4366 1.
1358 4330 1388 4388 p.
1419 4305 1495 4374 209.

262 4389 439 4463 Quando
457 4391 641 4480 incarnatus
651 4403 696 4455 est
716 4396 790 4473 (Dei
809 4397 933 4476 Filius),
957 4405 984 4456 ct
1008 4400 1095 4459 homo
1114 4399 1236 4476 fuctus,
1262 4400 1381 4473 lenpaut
1400 4399 1495 4459 domi·

251 4494 369 4541 mm
384 4483 603 4558 expositionem
618 4485 653 4544 iu
667 4486 769 4562 seipso
785 4488 998 4563 recapitulavit
1014 4490 1050 4564 (i.
1072 4508 1100 4552 e.
1117 4509 1258 4568 magnam
1277 4489 1430 4551 hominum
1447 4510 1494 4550 ca·

262 4573 412 4633 terram
427 4574 459 4633 in
475 4595 508 4634 so
532 4577 735 4658 instauravit),
756 4578 790 4637 iu
814 4581 989 4654 compendio
1009 4580 1097 4640 uobis
1118 4582 1244 4640 sulutem
1260 4587 1440 4655 praestans,
1464 4588 1498 4641 ut

272 4667 380 4731 quod
388 4665 682 4739 perdideramus
697 4668 736 4726 iu
751 4670 879 4742 Adam,
902 4670 1011 4744 idest,
1036 4674 1234 4731 secuudum
1254 4670 1449 4747 imapinem
1465 4679 1497 4732 et

278 4746 587 4816 similitudinem
612 4778 689 4818 esse
717 4760 805 4832 Dei,
829 4764 883 4821 doc
903 4761 938 4821 in
964 4761 1089 4824 Cltrislo
1104 4763 1182 4823 Jesu
1207 4781 1422 4840 recuperemus.
1453 4797 1494 4808 -

279 4830 389 4920 ³)1b.
407 4847 425 4907 l.
443 4848 473 4914 5.
489 4867 514 4908 e.
533 4849 561 4908 6.
578 4868 609 4908 u.
628 4851 656 4912 1,
672 4870 702 4934 p.
719 4847 797 4916 299.
813 4851 852 4917 ai
868 4853 1068 4914 substantiam
1084 4855 1170 4914 tollat
1192 4853 1306 4930 aliquis
1327 4853 1445 4930 caruis,
1461 4852 1496 4914 id
