3775 5625
351 416 418 484 412

348 583 430 648 entis
453 582 630 648 necessarii
652 604 691 648 ac
713 582 958 667 perfectissimi,
981 605 1040 649 sua
1056 582 1146 669 qtras'i
1163 597 1278 669 sponte
1296 599 1533 672 consequantur,

348 706 443 779 atque
465 691 586 778 reliqua
608 715 649 757 ex
670 693 758 758 hisce
780 706 812 758 et
834 716 875 758 ex
898 694 1047 759 rationali
1067 707 1180 758 nostra
1200 707 1314 760 natura
1331 717 1418 760 nexu
1434 717 1532 762 neces·

348 802 434 867 sario
459 804 664 877 deducantur,
688 815 742 866 aut
763 802 946 867 immediato
964 802 1181 867 conscientiae
1201 803 1387 869 testimonio
1408 818 1534 890 pateant.

348 917 549 996 Quapropter
571 915 788 995 Apostolus
812 912 869 975 ait:
899 914 980 976 Onm
997 920 1081 977 enim
1102 913 1239 995 Gentes,
1263 936 1347 994 puae
1364 922 1536 993 tepernnon

347 1026 483 1096 natent,
507 1026 756 1085 notteroliter
779 1022 812 1103 (i.
831 1043 858 1085 e.
876 1021 1016 1086 dictante
1033 1035 1065 1086 et
1080 1034 1228 1086 movente
1245 1028 1376 1103 natura)
1393 1047 1446 1107 ea,
1463 1047 1535 1105 qnae

346 1136 428 1210 lepis
444 1144 531 1212 stent,
547 1137 693 1207 faciunt,
712 1137 869 1212 &nariodi
885 1136 985 1211 lepem
1001 1154 1068 1195 non
1083 1136 1248 1215 dolentes,
1268 1140 1347 1213 ipsi
1363 1140 1443 1196 aidi
1458 1146 1536 1197 aunt

347 1249 427 1303 lece:
458 1247 526 1319 oni
559 1251 775 1304 ostentarent
806 1264 901 1321 opus
934 1248 1036 1319 lepis
1067 1248 1260 1321 scriptum
1291 1249 1333 1305 in
1356 1248 1536 1305 corditer

347 1355 446 1422 suia,
470 1355 687 1412 testimonium
708 1359 859 1413 reddente
881 1357 949 1412 illis
970 1356 1167 1413 conscientia
1183 1356 1343 1433 ipsorum,
1361 1363 1395 1413 et
1409 1357 1494 1415 inter
1507 1373 1537 1413 se

347 1464 483 1521 inuicem
504 1466 756 1538 capitationibus
777 1467 1005 1523 accusantibus
1011 1508 1024 1541 ,
1053 1466 1226 1523 autetiam
1247 1464 1494 1535 defendentibus
1504 1462 1536 1540 ¹).

347 1569 416 1645 Quo
433 1568 505 1632 loco
522 1569 689 1633 manifeste
721 1570 836 1633 Paulus
860 1569 969 1643 tradit,
991 1568 1162 1643 Ethnicos‚
1185 1568 1238 1653 qui
1260 1570 1367 1656 legem
1390 1568 1536 1654 scriptam

346 1698 408 1739 non
426 1691 633 1762 acceperunt,
650 1680 721 1742 solo
738 1678 854 1742 lumine
872 1678 1005 1742 rationis
1024 1678 1236 1765 cognovisse,
1254 1699 1334 1763 quae
1351 1679 1392 1742 ad
1408 1680 1536 1743 honeste

345 1785 514 1850 nitendum
530 1786 758 1871 pertineant2).
775 1792 877 1873 Atquin
894 1788 979 1852 idem
997 1788 1123 1851 tradunt
1140 1790 1199 1851 SS.
1216 1788 1375 1862 Patres,
1393 1800 1428 1851 ut
1444 1787 1534 1851 nomi·

346 1895 442 1961 uatim
475 1896 823 1981 Chrysostomttsi)
857 1910 889 1961 et
921 1897 1224 1983 augustinum),
1257 1909 1291 1961 ut
1322 1896 1466 1981 reliquos
1496 1910 1533 1961 ta·

346 2025 486 2069 neamus

456 2114 606 2192 Quamvis
629 2127 733 2178 autem
759 2117 854 2178 houm
872 2114 942 2177 sinc
960 2113 1090 2199 speciali
1107 2114 1211 2201 gratia
1228 2114 1375 2201 singulas
1392 2115 1532 2180 veritates

348 2222 470 2286 ordinis
488 2225 640 2287 naturalis
659 2245 862 2311 cognoscere
880 2224 1000 2308 possit:
1026 2245 1089 2287 non
1106 2236 1215 2308 potest
1241 2236 1345 2289 tamen
1364 2226 1492 2299 saltem,
1505 2236 1532 2287 ut

346 2334 529 2417 loquuntur,
551 2334 693 2417 potentie
717 2334 843 2408 morali,
866 2355 979 2398 omues
1001 2334 1129 2398 omuino
1150 2333 1219 2398 illas
1241 2332 1397 2399 ueritates
1422 2355 1531 2422 cogno·

345 2463 448 2507 scere.
474 2443 566 2520 Quod
584 2464 645 2505 non
665 2443 833 2507 difficulter
849 2444 1044 2530 intelligitur.
1069 2444 1149 2507 Nam
1166 2442 1288 2507 infinita
1308 2445 1533 2528 propemodum

346 2563 396 2613 est
418 2550 585 2615 veritatum
608 2553 731 2616 illarum
753 2553 935 2627 multitudo,
958 2566 1096 2638 augusta
1117 2565 1221 2616 aulem
1239 2553 1411 2617 admodum
1428 2551 1533 2617 mentis

346 2672 476 2725 nostrae
495 2661 671 2744 capacitas,
689 2675 720 2725 et
737 2662 857 2727 infinita
875 2663 942 2727 lere
959 2662 1198 2746 impedimenta,
1220 2682 1316 2725 curae
1334 2662 1533 2736 domesticae,

346 2768 468 2855 privata
484 2770 623 2845 fastidia,
644 2784 774 2835 naturae
792 2771 1017 2845 necessitates,
1045 2770 1157 2857 quibus
1176 2792 1193 2835 a
1210 2770 1420 2836 scientiarum
1438 2770 1532 2837 studio

347 2879 469 2945 animus
487 2879 553 2943 scre
572 2893 656 2943 totus
674 2893 835 2944 avocatur.
852 2885 955 2966 Atque
973 2882 1056 2966 quod
1073 2903 1114 2944 ex
1132 2880 1393 2962 consideratione
1413 2894 1532 2945 natiuae

347 3011 384 3055 ac
405 2988 489 3053 vitae
512 2991 665 3054 humanae
691 2990 886 3073 colligimus
910 2991 941 3053 iu
960 2991 1020 3053 lmc
1037 2990 1132 3054 etiam
1151 3011 1206 3074 per
1223 2989 1391 3054 historiam
1410 2989 1532 3076 generis

456 3229 479 3316 ι)
498 3234 585 3292 Rom.
603 3230 633 3312 2,
655 3228 793 3293 14-15,
808 3267 844 3275 -—
859 3234 886 3307 2)
923 3232 949 3290 'i
969 3230 1160 3310 Olrrysost.
1177 3231 1407 3293 Theodorei.
1426 3231 1530 3292 Theo·

345 3326 510 3406 phylacl.
534 3334 566 3383 ct
587 3322 783 3385 Ocnumen.
800 3324 830 3381 in
847 3323 875 3381 h.
893 3324 915 3381 l.
934 3359 975 3366 ——
995 3323 1021 3402 3)
1038 3325 1125 3382 Hom.
1149 3324 1197 3381 54.
1220 3322 1253 3380 in
1271 3321 1347 3382 Gen.
1364 3343 1394 3381 n.
1413 3327 1443 3383 1.
1462 3320 1529 3402 Opp.

346 3415 384 3479 Τ.
402 3415 433 3478 4.
450 3439 480 3496 p.
498 3412 574 3476 522.
608 3417 718 3474 Nullus
734 3421 907 3490 praetereat,
929 3434 960 3471 se
982 3434 1017 3472 ete
1038 3413 1213 3490 ipnotnntin
1230 3413 1368 3472 virtutem
1384 3414 1528 3491 neplipere,

344 3511 392 3567 nel
406 3508 479 3584 qnia
501 3509 616 3564 nullum
638 3509 745 3564 debeat
760 3506 824 3563 vine
846 3508 948 3564 tlttcem
966 3512 993 3563 et
1008 3512 1306 3565 commonstratorem.
1333 3504 1528 3584 Sttfft'e't'en·
1567 3526 1569 3531 ·

345 3608 410 3658 tem
432 3597 509 3656 enim
530 3598 752 3672 propietatem
780 3598 956 3655 liniemus
982 3597 1265 3665 corescientiam,
1292 3604 1328 3654 et
1344 3596 1453 3674 fieri
1471 3614 1529 3654 non

258 3733 262 3742 .
346 3696 479 3767 potest,
496 3695 533 3745 ut
549 3689 630 3762 puis
647 3689 714 3746 illo
732 3691 942 3767 ndjatrnento
958 3688 1134 3764 privetur.
1153 3724 1195 3732 -
1214 3688 1239 3765 ⁴)
1255 3688 1528 3748 Ennt·r.inPa.5i.

344 3803 373 3838 n.
393 3784 421 3840 1.
438 3781 476 3842 T.
494 3777 524 3840 4.
544 3801 568 3838 r.
586 3776 662 3844 540.
687 3782 782 3837 diario
793 3780 978 3856 fomentoris
995 3779 1093 3838 nostri
1109 3780 1146 3837 in
1162 3779 1262 3856 ipsis
1284 3779 1463 3838 cordibus
1482 3796 1529 3838 no

344 3871 438 3930 stris
453 3872 565 3930 ceritas
582 3872 726 3948 scripsit:
753 3870 843 3939 Quod
862 3871 918 3929 tibi
938 3889 998 3929 non
1014 3870 1061 3928 vis
1071 3869 1157 3946 fieti,
1179 3891 1215 3928 rte
1225 3869 1333 3946 facias
1351 3871 1453 3930 alteri.
1476 3872 1529 3930 Hor

345 3971 372 4021 et
387 3971 544 4038 antequam
561 3965 625 4020 Len
642 3965 777 4032 clarente,
795 3982 893 4020 tiemo
910 3962 1086 4036 ipnorore
1102 3962 1305 4038 permissus
1324 3969 1392 4033 est,
1409 3969 1444 4020 nt
1459 3966 1528 4029 esset,

346 4055 647 4132 rindejudicarentnt·
664 4061 691 4112 et
706 4054 815 4128 petitine
832 4056 897 4112 Lete
913 4072 973 4111 non
990 4059 1066 4111 esset
1082 4056 1162 4113 data.
1180 4056 1226 4110 De
1242 4053 1320 4129 spir.
1339 4060 1368 4111 et
1383 4053 1442 4114 litt.
1459 4054 1528 4118 otti.

345 4167 374 4207 n.
391 4148 440 4204 48.
459 4147 496 4207 T.
517 4143 567 4206 10.
585 4167 608 4203 c.
632 4142 704 4206 lli.
722 4147 802 4203 Non
818 4164 932 4219 nsque
948 4147 1038 4202 adeo
1054 4143 1092 4202 in
1109 4144 1229 4202 animo
1246 4146 1413 4204 hnmana
1428 4144 1529 4220 irnap

343 4236 412 4294 Dei
437 4244 670 4295 terrenorum
693 4237 902 4313 affectuum
926 4237 1005 4295 labe
1026 4235 1167 4294 detrito
1182 4241 1248 4308 est,
1265 4237 1428 4295 utnulla
1448 4237 1528 4295 ineo

343 4330 442 4386 uelut
463 4327 685 4386 lineamenta
708 4334 871 4385 entrema
891 4327 1152 4407 censenserint,
1174 4328 1253 4384 unde
1268 4327 1377 4385 metito
1396 4328 1529 4406 dicipot·
1567 4340 1569 4359 ¹

342 4418 391 4489 sit,
408 4419 498 4478 etiam
513 4419 547 4477 in
563 4420 633 4492 ipsa
657 4418 807 4496 impietate
831 4419 909 4477 citae
933 4438 1005 4476 snae
1020 4419 1126 4495 fecere
1143 4418 1247 4492 aliptae
1271 4418 1349 4493 lepis
1364 4422 1413 4478 nel
1428 4435 1527 4497 sapere.

343 4510 386 4568 et.
417 4511 507 4588 Confi
525 4513 543 4568 l.
562 4514 590 4571 2.
609 4531 632 4570 c.
649 4514 679 4568 4.
704 4530 734 4570 n.
753 4512 779 4568 9.
812 4511 849 4568 T.
870 4507 898 4573 1.
916 4530 941 4571 o.
961 4506 1012 4570 84.
1045 4509 1255 4587 Hieronym.
1292 4509 1398 4587 Epist.
1416 4515 1484 4571 121.
1499 4509 1529 4566 ud

343 4603 446 4676 Alpes.
465 4621 492 4677 q.
512 4604 541 4660 8.
560 4599 641 4680 Opp.
659 4602 696 4662 T.
717 4599 745 4661 1.
764 4622 789 4659 e.
809 4597 884 4662 872.
909 4600 1089 4681 Prosper,
1116 4600 1199 4660 Gont.
1222 4601 1333 4660 Cottae.
1353 4621 1378 4662 c.
1399 4607 1450 4666 10.
1466 4623 1492 4662 n.
1506 4603 1527 4657 2.

343 4689 423 4772 Opp.
441 4713 466 4752 c.
484 4689 550 4753 332
568 4713 591 4752 s.
611 4692 712 4751 Oeam.
731 4695 766 4750 de
781 4710 864 4770 prov.
883 4712 910 4750 o.
927 4693 1143 4753 415-421.c.
1158 4688 1351 4756 801-802.
1369 4693 1526 4774 Fulgert.

342 4784 390 4841 De
405 4785 530 4847 Ineatn.
547 4790 575 4840 et
588 4790 666 4858 pret.
686 4784 760 4844 Olor.
778 4803 802 4844 e.
820 4785 868 4842 26.
886 4803 915 4843 n.
934 4785 1071 4842 50-51.
1091 4780 1169 4862 Opp.
1187 4803 1215 4862 p.
1235 4779 1304 4845 314
1321 4804 1347 4844 s.
1366 4785 1491 4844 Thom.
1506 4785 1525 4840 l.

343 4877 371 4937 2.
390 4893 419 4949 q.
438 4877 506 4934 109.
524 4881 582 4933 ert.
602 4877 629 4934 1.
649 4871 727 4954 Opp.
745 4874 786 4933 th.
805 4869 843 4936 T.
861 4871 913 4936 21.
931 4894 959 4953 p.
978 4871 1055 4934 607.
