3775 5625
344 396 410 463 358

448 567 576 636 Adnot.
609 562 639 625 2.
672 568 698 623 Α
728 565 816 623 nohis
844 564 874 622 in
906 553 1163 639 praecedentibus
1195 564 1440 622 demonstratum
1469 574 1524 635 est,

345 677 513 745 Christum,
531 675 608 752 quod
625 676 661 734 ad
679 674 839 733 consilium
856 672 976 745 attinet,
992 692 1048 749 pro
1065 672 1204 731 omnihus
1220 673 1342 732 omuino
1357 672 1527 733 hominihus

343 796 496 847 mortuum
527 804 608 847 esse.
647 787 789 842 Attamen
814 783 850 841 ad
878 784 991 861 dogma
1007 782 1163 841 definitum
1180 801 1239 841 nou
1256 782 1414 858 pertinet,
1431 782 1527 860 ipsum

343 898 436 956 etiam
450 915 506 973 pro
523 894 695 953 infidelibus
713 902 744 951 et
760 912 817 951 non
835 892 1002 968 baptizatis
1011 892 1179 951 infantibus
1196 902 1327 951 mortem
1345 911 1433 951 suam
1444 893 1530 952 Patri

343 1007 503 1073 obtulisse,
521 1004 574 1061 sed
591 1012 707 1061 tantum
723 1002 772 1071 id,
799 1021 866 1060 eum
885 1019 943 1059 non
961 1002 1059 1060 solum
1075 1020 1132 1078 pro
1147 981 1387 1077 praedestinatis
1405 1003 1530 1081 saugui-

344 1116 392 1174 nis
407 1114 456 1173 sui
472 1113 603 1189 pretium
621 1112 754 1179 dedisse,
771 1130 878 1170 verum
895 1111 986 1170 ctiam
1002 1129 1059 1187 pro
1076 1110 1144 1169 aliis
1160 1111 1311 1180 fidelihus,
1328 1112 1381 1187 qui
1397 1131 1456 1188 per
1472 1114 1532 1171 Ba·

343 1225 486 1302 ptismum
517 1221 651 1300 gratiam
683 1221 928 1280 sanctificantem
946 1220 1106 1280 consecuti
1132 1230 1220 1291 sunt;
1247 1221 1389 1297 quoniam
1413 1230 1532 1280 tantum

343 1334 439 1394 hocce
457 1349 574 1409 negans
592 1330 748 1388 sententia
771 1330 807 1388 ah
832 1330 976 1389 Ecclesia
998 1331 1198 1389 condemnata
1214 1338 1272 1392 est.
1312 1327 1465 1404 Quamvis
1482 1350 1533 1390 au·

344 1452 405 1501 tem
422 1440 576 1500 sententia
593 1449 700 1498 nostra
716 1440 751 1497 ad
770 1440 841 1498 fidei
858 1440 1034 1501 Catholicae
1050 1440 1129 1498 haud
1145 1439 1315 1515 pertineat:
1334 1441 1372 1498 ah
1390 1441 1534 1500 omnihus

343 1560 445 1610 tamen
463 1549 634 1628 Theologis
652 1549 831 1617 Catholicis,
849 1551 925 1608 solis
943 1549 1114 1609 Themistis
1132 1549 1285 1627 exeeptis,
1302 1549 1484 1608 defenditur
1501 1550 1536 1609 S.

346 1660 569 1735 Scriptura,
593 1658 817 1716 Traditione
840 1660 985 1725 Petrum,
1007 1668 1038 1717 et
1054 1658 1313 1719 Conciliorum
1331 1658 1537 1745 auctoritate,

343 1778 378 1828 ut
394 1766 645 1836 monstravimus,
661 1770 866 1845 suffragante.

345 2004 372 2085 ς.
391 1998 457 2068 aa.
482 1997 700 2068 Christus
726 2014 812 2085 pro
834 1998 1050 2069 omnibus
1073 1997 1284 2086 peccatis
1315 2002 1537 2071 mortuus

378 2110 463 2179 est.
481 2148 524 2157 -
541 2106 786 2190 objectum
804 2107 1150 2179 satisfactionis
1167 2107 1343 2179 Christi
1358 2112 1506 2181 reate.

454 2312 723 2389 Quemadmodum
755 2310 932 2375 satisfactio
956 2310 1176 2376 Christidesu
1197 2312 1296 2375 relata
1318 2311 1356 2374 ad
1372 2310 1538 2388 homines,

345 2442 405 2507 pro
419 2418 551 2505 quihus,
571 2419 615 2483 ita
631 2441 755 2506 quoque
770 2421 871 2484 relata
887 2422 926 2484 ad
942 2433 1095 2504 peccata,
1122 2421 1162 2485 oh
1181 2420 1363 2506 quaefacta
1381 2433 1453 2497 est,
1475 2420 1543 2486 uni·

345 2528 481 2593 versatis
498 2541 557 2592 est.
593 2528 683 2593 Sicut
703 2529 786 2593 enim
804 2529 950 2595 Christus
967 2530 1123 2594 Dominus
1150 2552 1210 2614 pro
1238 2529 1389 2594 omnihus
1409 2531 1543 2595 omnino

347 2637 528 2716 hominihus
544 2638 641 2703 vitam
658 2660 747 2703 suam
763 2638 849 2703 Patri
866 2638 984 2703 offerre
999 2639 1109 2715 voluit,
1125 2639 1174 2704 sic
1190 2652 1223 2704 et
1237 2660 1376 2726 poenam
1389 2662 1460 2704 non
1478 2653 1545 2706 tan·

346 2761 413 2813 tum
437 2746 561 2834 peccati
584 2769 602 2812 a
625 2760 854 2832 protoparente
877 2748 1057 2824 commissi,
1073 2748 1151 2813 etin
1169 2769 1280 2814 omnes
1297 2750 1369 2834 ejus
1387 2762 1546 2836 posteros
1583 2759 1585 2839 J

347 2879 407 2942 per
435 2858 594 2922 carnalem
616 2859 857 2944 generationem
879 2859 1049 2933 transhrsi,
1065 2880 1175 2923 verum
1192 2858 1286 2923 etiam
1305 2859 1455 2923 omnium
1472 2882 1546 2946 pee-

349 2980 492 3032 catorum
516 2966 710 3051 rcliquorum
718 3014 730 3046 ,
753 2981 868 3051 sponte
892 2967 1089 3042 additorum,
1104 2967 1136 3030 in
1153 2989 1189 3031 se
1206 2967 1367 3052 suscepit,
1385 2969 1546 3056 nobisque

347 3074 573 3142 remissionem
590 3089 654 3140 tum
671 3075 754 3140 iliius
772 3089 836 3140 tum
853 3080 965 3141 horum
983 3098 1041 3140 sua
1061 3076 1211 3161 passione
1227 3097 1265 3140 ao
1281 3090 1391 3142 morte
1417 3100 1546 3164 prome·

347 3185 420 3250 ruit.
447 3187 537 3264 Quod
560 3187 677 3272 dogma
699 3198 840 3250 ceterum
851 3187 918 3270 Jam
935 3207 976 3250 ex
993 3186 1197 3271 praecedenti
1218 3186 1413 3250 necessario
1431 3209 1545 3253 conse·

312 3294 314 3298 ⁴
350 3295 463 3381 quitur.
489 3294 639 3359 Traditur
656 3308 761 3359 autem
777 3295 853 3359 iliud

457 3407 495 3468 A.
517 3404 548 3467 in
573 3407 633 3468 SS.
649 3402 818 3468 Litteris
851 3405 964 3490 partim
981 3427 1035 3479 eo,
1052 3408 1136 3491 quod
1153 3407 1301 3480 docetur,
1323 3405 1502 3473 Christum
1516 3428 1547 3473 aa

350 3513 494 3584 dedisse,
527 3525 560 3574 ut
585 3533 645 3575 nos
661 3512 833 3577 redimeret
848 3515 887 3577 ah
911 3513 997 3577 omni
1012 3513 1190 3600 iniquitate,
1211 3535 1269 3578 sua
1285 3527 1398 3580 morte
1416 3529 1547 3602 peccata

349 3623 520 3685 multorum
536 3621 734 3694 exhausisse,
751 3622 969 3687 sanctificatos
986 3623 1017 3686 in
1036 3623 1264 3707 sempiternum
1283 3645 1545 3699 consummasse,

350 3743 444 3814 atque
461 3727 652 3814 sanguinem
668 3731 737 3813 ejus
755 3753 815 3795 nos
831 3733 1003 3796 emundare
1020 3733 1059 3795 ab
1077 3731 1161 3796 omni
1173 3745 1317 3816 peceato,
1336 3735 1465 3818 partim
1482 3735 1545 3823 quio

352 3838 471 3902 diserte
488 3850 712 3913 asseveratur,
733 3861 790 3923 per
807 3840 969 3905 Christum
986 3863 1046 3905 nos
1058 3842 1167 3925 justos
1189 3840 1367 3918 constitui,
1390 3843 1480 3910 sicut
1495 3864 1544 3931 per

350 3948 504 4011 Adamum
522 3959 711 4031 peccatores
728 3971 838 4013 sumus
856 3950 1038 4025 constituti,
1055 3964 1147 4036 atquc
1163 3950 1268 4034 ipsum
1284 3949 1365 4016 ideo
1386 3966 1540 4019 mor-mun

351 4075 439 4128 esse,
460 4068 491 4120 et
507 4067 652 4119 nostrum
669 4058 857 4122 advocatum
878 4061 961 4144 apud
976 4062 1104 4124 Patrem
1120 4058 1297 4132 exsistere,
1322 4073 1361 4125 ut
1379 4063 1479 4129 nohis
1498 4082 1538 4126 re·

351 4163 512 4228 mittantur
531 4177 670 4249 peccata,
687 4187 766 4251 quae
783 4168 1028 4242 committimus,
1046 4189 1242 4254 quorumque
1260 4169 1394 4235 veniam
1414 4193 1474 4257 per
1487 4173 1535 4237 Le·

352 4294 425 4361 gem
447 4295 510 4336 non
535 4285 682 4358 poterant
706 4276 851 4340 homines
869 4277 1019 4342 narrcisci.
1058 4277 1168 4351 Prius,
1190 4298 1247 4361 per
1265 4292 1412 4344 mortem
1431 4276 1543 4346 Christi

353 4380 475 4446 scilicet
506 4404 566 4445 nos
598 4383 636 4445 ah
669 4384 754 4447 omni
778 4408 914 4469 prorsus
935 4399 1070 4471 peccato
1092 4385 1230 4459 liberari,
1267 4387 1371 4453 docet
1392 4390 1528 4457 Paulus,
1582 4459 1585 4470 .

353 4490 518 4555 scribens:
562 4492 625 4567 Oui
653 4497 741 4556 dedit
763 4503 986 4576 resitetipsum,
1012 4518 1058 4560 sc.
1080 4495 1111 4558 in
1129 4494 1314 4579 passionem
1342 4518 1383 4562 ae
1400 4510 1523 4563 merten.

350 4622 412 4680 pro
429 4604 536 4678 nodie,
555 4610 593 4662 ut
607 4624 668 4664 noo
684 4607 858 4665 redimeret
873 4608 919 4666 ab
937 4614 1038 4667 omni
1061 4613 1295 4689 iniquitate,
1324 4617 1361 4670 et
1383 4610 1519 4671 munds·

355 4718 414 4770 ret
427 4715 508 4771 athi
520 4714 706 4790 populum
723 4717 1006 4794 acceptabilem
1024 4710 1217 4793 (περιούσιον,
1236 4715 1314 4778 he.
1336 4729 1371 4781 ut
1389 4739 1448 4782 nos
1462 4727 1513 4779 titt
1575 4776 1585 4784 .

357 4836 446 4908 quam
463 4818 612 4909 populum
629 4841 734 4899 surim,
754 4823 800 4887 eit
818 4823 874 4903 [sit
892 4824 1080 4906 (iigetttptm,
1097 4821 1307 4911 possideret),
1326 4835 1509 4895 sectatores·
1578 4866 1585 4875 -
