3775 5625
353 440 420 506 322

352 605 457 690 pretio
468 607 502 685 ¹).
542 606 631 671 Haec
652 604 736 669 enim
757 618 807 669 est
822 605 872 670 vis
888 606 980 671 vocis
997 601 1218 686 ἀπολύτρωσις,
1240 627 1322 692 quae
1344 607 1523 693 propriore

351 714 545 779 demtionem
575 713 751 802 significat,
774 736 835 799 que
861 713 1006 800 captivus
1027 715 1134 779 soluto
1151 737 1210 801 pro
1233 715 1339 801 capite
1361 737 1422 781 suo
1439 716 1524 802 pretio

350 824 511 889 liberatur.
535 828 653 909 Atque:
681 826 769 900 Quia
783 832 818 887 in
833 832 904 906 ipse
922 829 1121 907 complacuit
1135 828 1193 909 (sc.
1210 826 1312 907 Patri)
1335 849 1463 891 emnem
1473 830 1524 910 ple·

349 938 528 997 altudinem
564 932 702 1020 (grstiao
727 954 765 996 ac
798 933 1007 1017 perfectiouis
1032 933 1062 999 ei
1092 947 1127 999 ut
1151 934 1247 1020 copiti
1269 934 1443 1001 Ecclesiae
1465 957 1524 1000 con·

349 1042 718 1129 gruentis)inltndilere,
731 1054 763 1106 et
773 1066 847 1124 per
863 1066 946 1107 eum
963 1048 1233 1109 reconciliare
1248 1053 1290 1109 ie
1305 1053 1435 1127 ipsum
1450 1043 1524 1126 (sibi)

258 1220 262 1228 Ι
344 1158 586 1236 pacificans
598 1175 670 1236 per
686 1162 919 1233 sanquinem
936 1162 1069 1218 crucis
1085 1161 1199 1235 ejece,
1218 1164 1287 1220 eioe
1302 1178 1391 1238 quae
1414 1162 1449 1217 ie
1462 1176 1524 1218 eoe-

348 1265 391 1325 lis
406 1271 473 1325 eive
489 1270 624 1345 quaein
639 1272 740 1326 terrie
755 1274 834 1327 eunt
865 1264 1018 1345 (uniendo
1041 1263 1167 1329 scilicet
1194 1263 1318 1339 omnia,
1340 1261 1488 1329 coelestia
1500 1275 1533 1327 et

348 1371 531 1447 terrestria,
558 1384 716 1458 tamquam
732 1353 828 1437 unum
846 1395 965 1460 corpus
981 1372 1014 1437 in
1032 1372 1176 1448 Christo,
1197 1386 1232 1437 ut
1248 1373 1371 1458 capite,
1393 1394 1451 1458 per
1465 1392 1533 1437 sao-

346 1478 477 1567 gninem
493 1482 563 1565 ejus
578 1481 610 1545 in
628 1503 725 1547 cruce
741 1481 887 1558 effusum,
904 1504 966 1569 quo
984 1494 1161 1568 peccatum,
1178 1483 1263 1568 quod
1280 1494 1352 1547 erat
1367 1502 1466 1547 causa
1477 1480 1534 1545 ini-

346 1589 484 1655 micitiae
517 1604 611 1677 etque
642 1591 885 1677 disjunctionis,
907 1593 1044 1657 deletum
1077 1596 1152 1672 est).
1191 1594 1241 1655 Et
1257 1614 1317 1655 voe
1333 1615 1408 1655 eum
1423 1598 1533 1655 emti·

347 1703 524 1783 aliquande
546 1703 700 1783 admeti,
734 1712 767 1765 et
789 1710 912 1765 inimici
932 1724 1035 1765 eerteu
1058 1706 1195 1783 (mente)
1218 1710 1253 1765 io
1269 1705 1428 1785 operibus
1441 1702 1533 1764 melia

346 1810 468 1895 (pravis
501 1811 616 1897 quippe
647 1813 761 1878 studiis
793 1813 916 1893 dediti),
948 1835 1036 1876 nune
1058 1822 1168 1876 eutem
1190 1815 1533 1876 reconciliantis

345 1943 519 2003 corpore
551 1931 693 1986 ceroto
724 1930 814 2002 ejice
836 1924 936 2009 (quod
954 1943 1051 1987 earne
1069 1924 1252 1998 constabat,
1276 1934 1392 1987 nostro
1410 1919 1533 1986 cratei-

344 2030 432 2110 mile)
446 2054 519 2112 per
535 2042 715 2113 mertem,
733 2037 927 2097 extoliere
943 2039 994 2114 (ut
1009 2031 1191 2112 exhiberet)
1207 2055 1276 2096 voe
1292 2041 1483 2112 sanctes,
1497 2051 1533 2094 es

343 2146 648 2223 immaculatos,
673 2152 712 2208 et
731 2146 1127 2225 irreprehensibiles
1144 2164 1278 2205 eorem
1293 2146 1435 2223 ἐμοὶ).
1456 2140 1533 2205 Nm

343 2248 374 2312 in
393 2249 541 2316 omnibus
557 2250 646 2316 bisce
662 2251 743 2316 iocis
759 2253 934 2336 Apostolus
956 2263 1065 2336 aperte
1082 2250 1200 2315 merito
1215 2262 1311 2335 atque
1327 2249 1434 2335 pretio
1450 2270 1533 2314 mor·

342 2356 385 2422 tis
417 2358 547 2435 Christi,
579 2382 672 2446 quam
704 2363 743 2425 ad
780 2360 885 2425 vicem
924 2372 1069 2425 nostram
1108 2359 1236 2435 subivit,
1269 2358 1533 2444 justificationem

342 2481 487 2534 nostram
504 2482 596 2555 atque
613 2492 685 2534 cum
701 2472 770 2534 Deo
787 2469 1082 2535 reconciliationem
1099 2468 1262 2535 adscribit.
1280 2470 1316 2533 ld
1330 2468 1440 2554 ipsum
1453 2467 1533 2532 idem

344 2580 519 2661 Apostolus
551 2581 706 2655 declarat,
737 2580 792 2643 ubi
822 2582 895 2645 loeo
924 2580 1174 2665 supralaudato
1202 2577 1402 2644 sacrificium
1424 2574 1533 2642 mortis

345 2687 464 2753 Christi
481 2712 553 2754 enm
569 2688 739 2754 sacrificiis
755 2692 792 2754 Α.
810 2691 847 2753 Τ.
866 2710 1057 2775 comparans
1075 2688 1133 2753 ait:
1160 2690 1201 2752 St
1216 2697 1302 2753 enim
1318 2696 1458 2768 sanquis
1471 2694 1533 2750 iia·

255 2794 258 2799 ’
344 2821 458 2863 cerum
465 2846 477 2879 ‚
507 2808 540 2863 el
555 2797 751 2880 terreorum,
775 2808 809 2863 et
828 2807 912 2863 einis
926 2802 1048 2864 vitulae
1065 2821 1226 2881 aspersus
1240 2806 1436 2882 inquinatos
1452 2818 1533 2862 sett-

344 2915 467 2990 ettfieel
488 2913 533 2971 ad
551 2914 813 2972 emendationem
835 2918 949 2973 cornis
980 2908 1015 2990 (i.
1038 2930 1065 2974 e.
1082 2922 1216 2973 externe
1235 2909 1409 2994 purificat,
1430 2906 1533 2992 expin

344 3017 462 3082 tionem
478 3031 684 3102 peccatorum
701 3021 851 3107 legalem,
879 3040 940 3105 que
955 3019 1056 3107 Legis
1073 3018 1343 3083 comminationes
1367 3020 1533 3083 evaderet·

343 3140 404 3203 tur,
421 3141 453 3193 et
463 3130 539 3212 jura
555 3127 660 3193 civilio
674 3128 791 3192 iterum
807 3129 1029 3203 redderentur,
1046 3140 1234 3213 praestans,
1251 3140 1284 3192 et
1307 3126 1533 3193 immunditia·

343 3238 420 3302 item
451 3240 588 3326 legalem
621 3259 660 3302 ac
691 3251 857 3319 externam
887 3239 1038 3318 tollens);
1070 3246 1192 3322 quanto
1232 3245 1340 3317 meets
1372 3242 1533 3317 sanese

348 3350 519 3428 otrtett,
555 3356 620 3432 qui
648 3371 710 3429 per
742 3349 905 3430 Spiritum
928 3348 966 3411 S.
999 3355 1257 3428 semetipsum
1288 3351 1444 3411 obtulit
1470 3354 1533 3409 in

345 3459 587 3519 rneceeletu'm
626 3459 729 3536 Deo,
772 3461 1003 3520 emundabit
1039 3464 1329 3519 conscientiam
1372 3463 1533 3538 (mentetc

344 3575 527 3628 nestram
558 3571 607 3627 ab
639 3570 834 3647 operibus
857 3574 1033 3628 mortuis
1055 3565 1249 3649 (peccatis),
1274 3569 1320 3628 ed
1335 3569 1533 3629 servientis·

347 3678 418 3735 Deo
441 3681 556 3736 viventi
580 3675 614 3754 (i.
638 3695 664 3738 e.
688 3688 722 3738 ut
744 3676 923 3740 serviamus
940 3675 1010 3738 Deo
1027 3675 1101 3738 vivo
1119 3696 1157 3739 ac
1172 3696 1253 3739 vero
1271 3674 1304 3737 in
1321 3675 1491 3740 sanctitate
1503 3690 1533 3729 1

342 3781 468 3866 justitia
483 3785 599 3861 vero)?
614 3784 657 3845 Et
673 3805 767 3868 quum
783 3782 910 3848 scribit:
926 3787 1042 3867 Neque
1052 3790 1265 3865 (introivitin
1276 3792 1387 3866 ipsum
1399 3786 1533 3847 coctana

347 3900 391 3954 ul
404 3915 521 3973 saepe
538 3895 699 3971 offeret
712 3901 987 3974 semetipsum,
1014 3896 1286 3974 quemadmodum
1303 3895 1533 3973 Pontiseeia

349 4010 419 4064 trel
446 4009 480 4063 in
502 4001 631 4063 Sancte
649 4023 710 4081 per
736 4003 885 4079 nnyulee
902 4024 1009 4064 annos
1024 4009 1060 4063 ire
1080 4009 1279 4079 sanquine
1302 4005 1440 4065 aliene
1456 4006 1533 4081 (cul

349 4109 505 4196 sanguine
528 4108 648 4184 alieno,
679 4107 699 4173 i.
721 4131 748 4173 e.
774 4109 964 4196 sanguinem
993 4109 1129 4174 alienum
1160 4108 1366 4190 offerendo).·
1400 4106 1533 4192 autad

351 4222 523 4299 oportebat
536 4241 609 4282 eum
622 4223 817 4302 frequenter
830 4227 918 4300 poti
935 4223 976 4282 od
995 4228 1119 4298 oriyine
1135 4223 1248 4282 mundi
1273 4227 1307 4301 (a
1331 4222 1447 4285 mundo
1463 4230 1533 4282 cet!

350 4328 416 4392 dite
438 4348 537 4411 usque
560 4329 599 4391 ad
615 4328 685 4411 ejus
702 4326 829 4407 finem):
847 4351 933 4390 nune
950 4338 1058 4392 aetem
1073 4312 1201 4390 semel
1216 4335 1252 4390 in
1264 4334 1533 4393 consummatione

351 4439 559 4498 soeculorum
581 4437 662 4513 (hoc
681 4448 827 4520 tempore
844 4444 1005 4518 extremo)
1043 4442 1093 4500 ed
1113 4442 1417 4503 destitutionem
1444 4452 1520 4518 pw

352 4553 435 4608 cate·
465 4545 520 4623 (ad
552 4557 717 4627 peccatum
746 4546 952 4609 artferendum
983 4568 1021 4610 ec
1053 4548 1235 4625 delendum)
1266 4571 1341 4629 per
1371 4552 1509 4612 nostran

352 4676 463 4716 suem
496 4659 568 4736 (per
590 4651 783 4718 sacrificium
808 4651 924 4737 ipsius)
953 4660 1110 4737 apperuit
1132 4656 1217 4737 (Dee
1236 4677 1274 4721 se
1290 4655 1445 4733 exhibuit).
1470 4646 1500 4709 ll

354 4803 567 4820 *annun-

465 4875 490 4949 ¹)
501 4874 613 4954 Epires.
632 4870 662 4946 1,
681 4868 709 4934 7.
729 4872 794 4936 Col.
815 4872 844 4948 l,
864 4871 915 4942 14,
932 4910 976 4922 —-
993 4871 1020 4965 ²)
1040 4876 1105 4939 001.
1126 4875 1156 4952 l,
1176 4875 1321 4944 19-20.
