3775 5625
388 350 453 417 124

386 515 550 595 atii1).-
580 515 698 579 Cone.
721 515 847 577 tandem
880 513 1160 580 Tridentinnm
1193 536 1317 581 amone
1340 517 1581 603 supralaudato

386 624 571 688 declarans:
590 624 631 686 st
646 631 720 707 quta
740 645 806 686 nau
822 629 1008 705 confitetur,
1023 633 1167 706 primum
1182 632 1344 688 bominem
1360 629 1470 690 Adara
1478 672 1491 706 ,
1510 648 1582 690 eum

385 736 577 797 mandatum
591 735 655 795 na
669 740 705 795 in
717 737 878 814 paradiso
893 738 1019 813 fuisset
1034 743 1280 815 tranopreaeua,
1298 742 1411 799 statim
1424 743 1581 800 aamttta·

386 847 682 920 rememoratum,
700 852 810 924 inqua
822 849 1020 904 couotttutus
1034 847 1163 922 suerat,
1183 849 1353 923 amisisse,
1375 850 1581 908 tncurrtaae·

385 973 447 1034 que
458 973 520 1033 per
537 956 694 1032 offensam
710 957 1011 1032 praevaricationis
1026 955 1215 1029 hujusmodi
1230 959 1317 1014 tram
1333 960 1367 1014 et
1379 956 1581 1032 tndtpuatio·
1638 994 1667 1007 -

384 1082 457 1123 uem
473 1062 548 1139 Det,
566 1058 610 1123 ita
626 1059 743 1145 pergit,
760 1068 857 1142 atque
873 1064 944 1121 ideo
962 1082 992 1121 m
1002 1082 1045 1122 or
1056 1069 1142 1140 tem,
1161 1082 1259 1144 quam
1275 1068 1373 1123 autea
1388 1063 1439 1124 aa
1454 1070 1581 1126 commt-
1606 1103 1667 1115 —

384 1177 484 1232 natue
497 1173 616 1248 suerat
640 1171 752 1248 Deus,
777 1177 809 1230 et
833 1191 906 1231 cum
929 1178 1034 1231 morte
1066 1177 1285 1251 captivitatem
1309 1172 1371 1232 aab
1397 1174 1471 1248 eJ’ue
1492 1179 1667 1253 pote—

383 1286 469 1341 state
479 1323 492 1357 ,
518 1286 574 1361 qui
594 1285 711 1340 mortio
727 1282 842 1341 deinde
857 1281 973 1340 babuit
987 1286 1176 1360 imperium,
1210 1286 1271 1341 boc
1287 1288 1354 1358 eet,
1373 1281 1517 1359 dedali,
1537 1288 1667 1342 to—

384 1395 516 1469 tumque
531 1390 651 1466 Adam,
666 1409 727 1467 per
744 1390 836 1449 ittam
853 1395 1154 1469 praeuaricationis
1179 1392 1353 1468 offensam,
1371 1390 1667 1452 secandar-

386 1516 535 1577 corpue
552 1504 585 1557 et
599 1502 742 1558 animam
765 1503 805 1557 tu
821 1499 1001 1558 deterius
1018 1505 1303 1559 commutatum
1317 1501 1471 1576 futare:
1489 1518 1522 1561 a.
1537 1518 1565 1561 s.

488 1602 519 1667 3.
533 1604 559 1666 E
577 1602 728 1687 paradiso
746 1601 871 1687 expulsi
888 1615 983 1688 atque
1000 1604 1145 1688 perlecto
1160 1602 1301 1668 dominio
1317 1602 1350 1667 in
1367 1623 1424 1668 res
1441 1615 1639 1678 creatas=
1660 1650 1667 1676 ,

384 1733 446 1797 quo
472 1723 545 1775 ante
566 1723 734 1795 peceatum
755 1712 955 1798 gaudebant,
972 1710 1086 1795 privati
1104 1723 1187 1777 sunt.
1227 1713 1306 1775 lllud
1322 1710 1454 1777 disertis
1470 1711 1667 1777 verbi&

385 1822 481 1886 docet
495 1821 668 1904 Moyses,
685 1842 835 1885 narrans:
861 1823 911 1883 It't
925 1829 1034 1884 emisit
1053 1845 1126 1885 eum
1147 1824 1312 1885 Dominus
1336 1824 1431 1885 Deua
1449 1825 1497 1886 de
1510 1842 1667 1903 ptr-

388 1934 527 1992 radten
544 1933 670 2012 volup
682 1937 795 2003 tatia,
812 1939 850 1992 ut
865 1939 1061 2011 operaretur
1078 1939 1216 2010 terram,
1236 1934 1276 1993 de
1292 1952 1357 2013 qua
1373 1938 1507 1994 sumtus
1524 1935 1667 1994 ear-¹!

383 2040 598 2122 Ejecttque
630 2042 773 2101 Adam:
799 2046 833 2101 et
854 2041 1082 2102 collacavit
1106 2048 1195 2103 ante
1216 2042 1667 2120 paradtaamaotu—

380 2155 518 2229 ptatts
538 2149 769 2226 Cherubim,
788 2155 826 2209 et
841 2150 1072 2227 flammeum
1086 2150 1284 2226 pladtamz
1311 2155 1426 2230 atque
1442 2168 1667 2210 aerea—-

385 2259 514 2336 tidem,
539 2260 589 2318 ad
613 2259 919 2319 custodiendam
934 2263 1033 2318 atam
1050 2259 1154 2334 tiqui
1170 2259 1324 2334 vitaer).
1363 2256 1513 2320 Alterum
1533 2260 1667 2321 sa-l

384 2366 469 2429 clare
501 2384 543 2429 ex
574 2377 680 2429 terrae
712 2385 770 2448 per
802 2364 905 2428 Deum
936 2365 1123 2439 devotione,
1156 2387 1216 2430 nec
1246 2386 1311 2429 non
1343 2385 1385 2429 ex
1413 2384 1667 2451 compara-‘-

382 2474 469 2539 tione
501 2486 604 2539 status
630 2486 895 2558 protoparentum
922 2487 994 2539 ante
1015 2487 1183 2558 peccatum
1207 2496 1281 2539 cum
1301 2485 1389 2537 statu
1409 2484 1490 2558 post
1506 2466 1667 2538 illu-l

384 2581 555 2670 colligitur.

472 2691 532 2756 llic
548 2691 674 2777 quidem
690 2703 741 2755 est
757 2704 860 2756 status
877 2704 1142 2776 protoparentum
1157 2703 1233 2777 post
1248 2692 1382 2776 lapsum.
1403 2690 1511 2755 Erant
1527 2692 1569 2755 do
1640 2716 1662 2731 ·

382 2801 433 2867 nis
450 2799 745 2888 supernaturalibus
766 2799 904 2886 spoliati,
927 2814 960 2865 et
981 2799 1013 2865 in
1036 2800 1233 2866 naturalibus
1248 2798 1423 2876 vulnerati,
1440 2798 1519 2887 quin
1537 2813 1600 2866 ta,-
1638 2825 1658 2839 ·

382 2933 455 2976 men
473 2909 653 2996 quidquam,
670 2911 754 2994 qnod
772 2911 811 2973 ad
828 2910 1003 2974 essentiam
1018 2923 1150 2974 naturae
1166 2911 1323 2974 humanae
1339 2909 1492 2994 pertinet,
1510 2931 1605 2996 spe>
1639 2933 1658 2948 ·

383 3018 489 3085 ciatim
519 3017 659 3082 indolem
689 3019 878 3082 rationalem
904 3040 942 3082 ae
963 3021 1135 3094 moralem,
1167 3040 1227 3084 sen
1248 3018 1384 3084 liberum
1411 3018 1653 3084 atinum-1

383 3127 563 3201 amiserint,
587 3140 621 3192 ut
647 3128 823 3193 delirabant
838 3128 1084 3193 Reformatores
1102 3148 1188 3193 saec.
1204 3129 1292 3201 XVl;
1316 3148 1412 3213 quum
1427 3149 1490 3214 per
1507 3150 1646 3214 pov·

382 3251 488 3302 catum
504 3239 680 3303 secundum
696 3237 915 3302 testimonium
933 3241 967 3302 S.
985 3237 1173 3323 scripturae
1195 3236 1341 3302 homines
1364 3257 1441 3303 esse
1462 3258 1637 3324 nequ*-

382 3369 475 3433 quam
499 3346 661 3412 desierint.
701 3345 758 3412 Sic
781 3368 863 3434 ergo
890 3346 986 3432 primi
1012 3346 1159 3411 homines
1180 3345 1326 3411 infelices
1347 3358 1441 3410 erant
1462 3333 1634 3413 effecti

380 3458 504 3521 Eorum
520 3468 625 3520 autem
641 3454 804 3518 miseriam
820 3454 853 3518 id
870 3455 969 3529 auxit,
984 3454 1049 3518 imo
1067 3455 1107 3519 ad
1124 3476 1282 3519 summum
1298 3454 1436 3541 gradum
1460 3455 1626 3520 erexi·

382 3566 466 3651 quod
483 3585 526 3629 ex
540 3563 649 3648 iniqua
664 3564 858 3638 conditione,
874 3563 906 3627 in
924 3584 1018 3649 quam
1035 3563 1154 3650 delapsi
1171 3576 1255 3637 sunt,
1271 3562 1394 3628 viribus
1412 3563 1485 3647 suis
1510 3584 1618 3629 evr-

383 3675 460 3738 dere
476 3671 612 3758 amplius
632 3674 873 3759 haudquaquam
898 3685 1083 3758 potuerant;
1106 3693 1178 3736 nam
1201 3693 1302 3758 neque
1319 3692 1469 3756 poenam,
1488 3685 1612 3758 quam

381 3803 441 3869 pro
458 3781 574 3867 injuria
589 3794 683 3866 atque
700 3780 825 3847 offensa
841 3781 966 3847 infinita
984 3782 1054 3846 Deo
1071 3802 1129 3866 per
1145 3780 1395 3845 inobedientiam
1406 3779 1498 3846 illata
1507 3797 1605 3867 pre·

381 3903 580 3965 meruerant,
603 3912 661 3976 per
684 3891 937 3957 satisfactionem
966 3912 1143 3980 congruam
1160 3902 1321 3965 avertere,
1354 3910 1458 3975 neque
1485 3890 1598 3955 etia:

383 4021 418 4065 se
437 4002 475 4064 ed
485 4001 586 4065 Deum
599 4021 656 4085 per
667 4000 854 4066 charitatem
870 4002 987 4066 iterum
1003 4012 1204 4074 convertere,
1222 4020 1281 4065 seu
1298 4000 1339 4064 ad
1354 3997 1506 4085 priorem
1517 4011 1591 4064 ste

382 4236 563 4315 concupiuit,
596 4241 724 4298 duram
754 4239 997 4316 miseramque
1029 4245 1157 4317 aperet
1179 4237 1416 4310 seruitutem
1442 4244 1575 4298 maru·

382 4327 497 4407 spiritu
512 4330 622 4410 vabus,
640 4336 668 4388 et
682 4349 836 4406 corpore
850 4330 1062 4391 moriturus
1079 4329 1213 4403 iuvitas;
1231 4333 1367 4390 desertor
1382 4336 1522 4389 aeternae
1536 4345 1570 4387 r:

384 4428 431 4480 tae
461 4419 552 4479 amur
572 4427 702 4494 adana,
728 4421 792 4481 uisi
814 4421 918 4498 pratia
939 4422 1089 4502 liberaret,
1110 4428 1204 4480 morte
1221 4424 1394 4482 damnatus.

495 4510 519 4586 ¹)
536 4509 582 4572 of.
600 4510 753 4590 Gregor.
780 4513 889 4592 Nyss.
909 4511 994 4573 Oout.
1016 4514 1146 4572 Eauom.
1176 4512 1228 4573 Or.
1247 4515 1275 4573 2.
1293 4508 1372 4590 Opp.
1390 4512 1461 4572 Per.
1484 4505 1557 4572 163

381 4603 424 4663 Τ.
442 4598 472 4662 2.
489 4622 519 4681 p.
538 4598 615 4666 482.
647 4602 808 4665 Tertull.
835 4602 911 4666 Ado.
927 4605 1025 4664 Mare.
1046 4605 1064 4661 t.
1088 4606 1116 4662 2.
1134 4622 1159 4661 e.
1176 4605 1226 4665 25.
1252 4599 1332 4682 Opp.
1349 4601 1387 4663 V.
1404 4598 1436 4663 2.
1451 4622 1483 4681 p.
1500 4597 1552 4664 20

382 4692 555 4753 Lactant.
588 4691 662 4752 Dio.
690 4695 768 4757 laet.
795 4695 815 4755 t.
833 4697 862 4757 2.
879 4712 904 4756 c.
921 4696 971 4757 13.
997 4691 1078 4776 Opp.
1096 4694 1134 4757 Τ.
1155 4690 1183 4757 1.
1200 4713 1232 4778 p.
1252 4689 1313 4756 167
1333 4711 1375 4756 ss.
1393 4727 1436 4740 -
1455 4686 1483 4776 ²)
1502 4690 1547 4753 aa

380 4779 412 4856 3,
428 4778 472 4847 23
489 4802 515 4847 s,
