3775 5625
1384 387 1454 468 '2'45

326 566 397 626 liter
421 566 457 625 ad
481 584 589 625 omnes
609 565 802 642 pertinebat,
827 565 877 643 qui
893 566 993 643 primo
1010 576 1100 643 partu
1117 568 1302 638 edebantur,
1318 568 1385 629 sive
1402 571 1455 630 alii

326 675 354 735 ri
369 676 439 734 dein
456 684 673 751 sequerentur,
689 675 757 734 sive
773 694 831 733 non
845 673 882 746 ¹).

367 780 401 847 3.
417 785 549 844 Mariam
573 786 742 843 mulierem
766 784 796 842 in
818 784 880 843 SS.
898 784 1029 842 Litteris
1046 785 1203 860 adpellari.
1236 820 1280 831 -
1310 789 1454 847 Attamen

366 896 485 955 mulier
527 893 557 952 in
598 894 632 956 S.
670 892 836 970 Scriptura
868 895 997 953 alterum
1035 911 1142 953 sexum
1174 895 1360 965 universim,
1396 916 1454 957 non

326 1022 340 1061 n
364 1013 482 1063 tantum
507 1012 625 1062 certam
651 1002 742 1078 hujus
759 1022 854 1063 sexus
871 1003 1075 1064 conditionem
1094 1012 1146 1061 aut
1162 1004 1339 1080 qualitatem
1357 1006 1455 1085 signi·

326 1120 347 1171 t.
387 1113 443 1172 Sic
467 1116 535 1171 ilva
551 1112 656 1170 statim
678 1130 696 1169 a
721 1130 777 1170 sua
799 1113 972 1181 creatione,
991 1121 1022 1170 et
1040 1121 1202 1188 antequam
1220 1131 1237 1170 a
1253 1114 1321 1173 viro
1339 1133 1456 1194 cogno·

326 1232 417 1291 retur,
435 1221 545 1281 mulier
562 1222 713 1297 adpellata
730 1225 830 1293 θεῖ’).

370 1327 403 1391 4.
419 1334 524 1407 Neque
542 1330 733 1391 contrarium
759 1350 798 1389 ex
820 1350 856 1389 eo
874 1330 985 1390 inferri
1002 1341 1120 1407 potest,
1152 1332 1230 1408 quod
1262 1332 1457 1391 matrimonio

326 1450 367 1501 rte
399 1441 494 1499 inerit
524 1442 563 1500 Β.
593 1440 695 1517 Virgo
711 1439 859 1516 Josepho.
893 1439 1124 1498 Matrimonium
1142 1439 1221 1497 enim
1238 1440 1269 1498 in
1286 1439 1457 1499 animorum

326 1568 373 1609 uae
399 1569 436 1609 ac
459 1549 631 1608 individuae
653 1548 735 1607 vitae
753 1548 903 1608 societate
922 1549 1068 1608 consistit
1089 1549 1209 1624 potius,
1232 1567 1322 1625 quam
1339 1549 1370 1607 in
1387 1567 1456 1609 car·

339 1658 578 1727 cohabitatione,
596 1668 628 1717 et
643 1659 711 1717 ideo
727 1658 894 1737 virginitas
909 1677 978 1718 cum
996 1657 1190 1717 matrimonio
1209 1677 1246 1716 ex
1263 1667 1367 1718 mutuo
1385 1676 1456 1717 con·

326 1786 359 1828 su
382 1777 470 1826 sture
493 1777 604 1844 potest.
645 1769 844 1842 Desponsata
865 1776 1034 1825 astantem
1051 1767 1152 1825 Maria
1169 1768 1271 1846 Virgo
1290 1767 1457 1826 secundum

343 1880 462 1937 Patres
483 1878 567 1945 viro,
589 1876 721 1951 atejus,
738 1878 863 1953 etquod
882 1894 1075 1952 consequens
1094 1885 1157 1945 est,
1176 1875 1292 1935 christi
1309 1877 1455 1953 prosapia

328 1987 521 2064 Josephum,
542 1988 593 2064 qui
610 2006 648 2045 ex
665 1987 771 2045 eadem
788 1985 905 2044 familia
921 1994 1010 2043 ortus
1027 1994 1106 2053 erat,
1125 1987 1208 2045 clare
1225 1985 1456 2054 innotesceret;

326 2125 328 2153 l
347 2105 383 2156 ut
399 2095 520 2173 Joseplr
537 2095 693 2156 castitatis
709 2096 817 2154 uxoris
834 2104 921 2153 esset
942 2095 1033 2153 testis
1056 2105 1088 2154 et
1110 2104 1234 2165 custos3
1261 2104 1323 2154 tum
1342 2103 1374 2152 ut
1390 2094 1458 2171 ipse

326 2223 369 2264 rm
386 2207 423 2263 B.
441 2204 585 2282 Virginis
603 2213 635 2263 et
651 2202 744 2262 divini
761 2203 828 2277 ejus
844 2202 913 2261 Filii
930 2213 1069 2282 gereret.

659 2456 686 2537 ς.
705 2450 771 2521 55.
788 2452 1068 2523 incarnatio.

377 2643 418 2699 Ut
441 2642 538 2699 Jesus
561 2638 705 2699 Christus
727 2640 880 2699 Servator
901 2640 1030 2719 generis
1052 2640 1176 2700 humani
1196 2660 1232 2701 ao
1257 2650 1349 2717 capnt
1365 2649 1459 2708 esset,

357 2750 537 2809 subiciebat
568 2768 676 2825 porro,
703 2759 736 2808 ut
758 2750 824 2827 ipse
848 2752 936 2809 Dens
954 2760 985 2808 et
1002 2751 1091 2809 homo
1117 2751 1286 2811 exsisteret
1311 2750 1459 2807 duntaxat

333 2859 520 2921 necessario
542 2861 783 2934 deposcebatur,
805 2869 848 2938 ut,
870 2879 961 2936 quum
977 2860 1064 2918 Deus
1089 2860 1273 2919 satisfacere
1291 2877 1327 2918 ac
1344 2858 1460 2916 mereri

326 2969 345 3028 d
362 2969 473 3047 possit,
492 2978 523 3027 et
538 2969 626 3026 homo
643 2968 866 3027 satisfactionis
887 2986 923 3028 ae
940 2968 1043 3026 meriti
1059 2969 1248 3027 solummodo
1264 2969 1342 3026 finiti
1360 2985 1457 3043 capax

330 3079 373 3138 ad
391 3087 529 3136 nostram
546 3086 647 3134 autem
664 3077 883 3136 redemtionem
900 3077 1075 3135 satisfactio
1092 3096 1128 3136 ac
1145 3077 1288 3135 meritum
1305 3075 1397 3152 pretii
1412 3077 1457 3134 iu·

327 3186 343 3245 i
360 3187 550 3263 requiratur,
566 3195 718 3262 tamquam
736 3186 824 3245 bomo
841 3186 943 3245 divini
961 3186 1058 3244 Verbi
1075 3185 1209 3262 persona
1225 3185 1386 3257 subsistat,
1404 3203 1456 3243 na·

326 3296 489 3360 ‚bumana
506 3313 574 3353 cnm
591 3295 692 3353 divina
713 3287 786 3354 καθ’
801 3286 981 3373 ὑπόστασιν,
998 3294 1028 3352 in
1045 3311 1208 3369 personam
1226 3294 1292 3368 ejus
1310 3303 1458 3375 assumta,

326 3415 406 3472 rtur,
422 3406 466 3463 ita
483 3415 530 3471 ut,
548 3405 622 3464 licet
639 3405 680 3461 sit
696 3405 782 3461 Deus
800 3413 831 3460 ct
847 3403 952 3481 bomo,
968 3421 1026 3461 non
1044 3413 1145 3461 tamen
1163 3406 1231 3475 duo,
1249 3404 1399 3462 sedunus
1416 3403 1457 3461 sit

326 3515 427 3595 istus,
459 3516 568 3573 runicus
595 3532 688 3572 verus
720 3515 780 3572 Dei
805 3514 898 3570 Filius
920 3531 980 3570 uon
1003 3522 1118 3571 tantum
1142 3515 1314 3590 quaDeus,
1347 3530 1456 3571 verum

326 3641 357 3685 m
374 3625 548 3702 quahomo.

373 3735 480 3808 Quoad
496 3735 637 3792 unionem
654 3735 772 3792 hancce
786 3733 953 3792 divinitatis
971 3743 1001 3791 et
1012 3732 1210 3792 humanitatis
1228 3751 1245 3790 a
1262 3733 1454 3790 veritatere·

332 3854 368 3904 ta
383 3845 579 3903 deflexerunt
589 3845 792 3904 sacculoV.ll
803 3845 972 3901 estorius
990 3847 1083 3902 etblu
1093 3843 1238 3917 tyches‚
1252 3843 1376 3900 saeculo
1386 3842 1456 3903 vll.

326 3954 564 4022 nothcletae,
598 3963 687 4029 atque
710 3953 835 4012 saeculo
858 3952 941 4009 Vlll.
965 3952 1189 4028 lilipandus,
1205 3951 1379 4027 Episcopus
1397 3951 1453 4008 Ur·
1480 4014 1491 4035 Ε

326 4069 432 4131 tanus,
444 4064 609 4133 etl'elix,
624 4062 886 4139 Archiepiseopus
898 4062 1083 4132 Toletanus3
1101 4060 1271 4121 recentiori
1285 4078 1359 4118 vero
1378 4069 1453 4118 tem·
1493 4048 1497 4055 ’

326 4189 351 4246 a,
384 4173 405 4230 i.
440 4191 466 4233 e.
499 4175 624 4232 saeculo
655 4173 739 4232 XVl.
772 4172 1003 4240 Lutherani,
1025 4181 1115 4248 atque
1141 4170 1315 4246 nuperrime
1348 4168 1455 4228 schola

326 4281 549 4352 etheriano,
567 4301 643 4359 quae
660 4292 761 4340 tamen
789 4281 906 4356 jndicio
936 4281 1028 4340 Sedis
1049 4278 1246 4357 Apostolicae
1268 4297 1302 4336 se
1326 4279 1452 4337 submit·

330 4434 345 4459 ,
379 4391 554 4450 doctrinam
582 4411 668 4450 suam
685 4392 749 4467 jam
778 4391 844 4468 ipsa
861 4390 1009 4453 deseruit.

326 4549 477 4566 ψ-

370 4645 394 4725 ¹)
412 4644 455 4706 Cf.
472 4645 570 4705 Exod.
591 4643 641 4717 13,
658 4644 688 4707 2.
708 4643 758 4707 12.
776 4642 829 4718 34,
849 4641 899 4705 19.
917 4642 969 4714 22,
986 4640 1039 4705 29.
1056 4643 1145 4703 Num.
1164 4639 1225 4714 18,
1249 4637 1390 4703 15—16.
1410 4677 1450 4686 —

327 4747 378 4799 ur.
395 4734 448 4810 23,
469 4733 518 4796 17.
535 4736 601 4796 Jos.
621 4734 671 4811 lt,
690 4735 718 4797 l.
735 4737 804 4801 coll.
820 4737 910 4795 Num.
928 4733 981 4803 26,
999 4732 1052 4796 29.
1069 4767 1115 4779 -
1130 4737 1158 4813 ²)
1176 4732 1253 4793 Gen.
1270 4729 1300 4808 2,
1317 4729 1370 4797 22.
1406 4731 1451 4797 Of.

326 4846 417 4909 gen.
433 4831 473 4888 Io
487 4830 559 4890 Leo.
577 4831 666 4891 Hom.
683 4832 712 4893 8.
729 4848 759 4888 re.
776 4832 805 4892 2.
824 4825 904 4909 Opp.
921 4828 960 4890 Τ.
978 4823 1054 4910 2.'p.
1072 4821 1149 4893 229,
1164 4824 1202 4895 B,
