3775 5625
1443 418 1507 493 237

326 590 501 654 nembrum
523 589 607 674 ejus,
632 610 769 674 corpore
790 601 823 654 et
846 586 951 652 animi
974 586 1125 662 humani,
1142 611 1206 653 non
1222 589 1412 673 pertineret:
1431 613 1507 676 quo-

326 699 419 763 nodo
440 697 603 783 potuisset
622 696 692 782 ipse
715 709 810 784 caput
831 711 977 762 nostrum
1000 719 1109 762 verum
1131 720 1169 762 ac
1184 698 1289 762 rivum
1306 698 1397 764 fieri?
1432 723 1507 785 quo-

326 806 417 871 nodo
435 828 557 892 poenas
574 818 703 869 nostras
719 805 750 869 in
767 826 802 869 se
820 805 996 889 suscipere,
1013 828 1088 870 suas
1106 806 1246 881 ehicere,
1263 828 1300 871 ae
1317 809 1388 872 ioco
1406 809 1508 873 nostri

326 929 354 973 ue
370 915 536 981 victimam
551 914 745 999 piacularem
763 914 895 989 offerre,
912 927 944 979 et
960 935 978 978 a
995 914 1087 979 nobis
1105 914 1237 980 offerri?
1260 919 1420 1001 quomodo
1444 939 1507 982 me·

327 1018 416 1089 itum
433 1027 505 1110 ejus
521 1024 669 1088 meritum
687 1037 833 1088 nostrum
850 1027 948 1088 esse?
973 1027 1132 1109 quomodo
1154 1025 1224 1109 ipse
1248 1026 1343 1090 vitam
1360 1026 1507 1111 spiritua·

326 1149 384 1196 em
397 1133 473 1198 vitis
489 1132 590 1197 instar
607 1154 740 1197 succum
755 1132 882 1197 vitalem
898 1132 930 1195 in
947 1133 1092 1216 palmites
1109 1132 1324 1208 diffundentis,
1342 1134 1507 1200 nobiscum

330 1243 582 1307 ommunicare?
621 1244 670 1305 Et
689 1246 816 1325 quidem
826 1289 837 1321 ,
858 1254 891 1305 ut
906 1254 994 1306 recte
1012 1242 1137 1327 quidam
1155 1242 1386 1318 animadvertit,
1403 1254 1457 1328 poi
1473 1254 1506 1309 tn

326 1372 420 1416 arne
434 1357 585 1416 veniebat
598 1351 759 1415 Salvator
776 1360 907 1431 cornis,
932 1356 1021 1435 quod
1034 1361 1183 1415 nostrum
1201 1357 1311 1415 debuit
1325 1362 1505 1435 suscipere,

326 1470 349 1525 t
368 1484 432 1526 ooo
448 1467 604 1541 alienum,
622 1466 912 1540 manifestarunt,
932 1465 1042 1525 alieno
1058 1471 1159 1542 ersten,
1177 1472 1333 1544 suscepto
1348 1467 1443 1527 sol-us
1465 1468 1510 1525 od

326 1592 378 1633 os
390 1595 461 1635 oon
472 1578 698 1653 portinerev).
725 1572 828 1635 Porro
845 1570 905 1635 nisi
924 1571 1071 1636 Christus
1089 1584 1122 1635 ut
1138 1573 1233 1636 homo
1251 1573 1344 1637 simul
1368 1584 1505 1636 mentem

326 1699 485 1744 amanam
516 1680 695 1745 habuisset:
727 1682 886 1765 quomodo
908 1692 1053 1744 naturam
1083 1682 1265 1755 humanam,
1289 1704 1361 1747 cum
1378 1682 1505 1746 nonnisi

326 1786 450 1854 ›iritus
467 1789 682 1874 conjunctioni
699 1790 917 1874 hypostaticae
935 1789 1048 1854 habilis
1065 1790 1116 1864 sit,
1133 1790 1293 1873 potuisset
1308 1790 1340 1854 in
1354 1791 1505 1855 unitatem

326 1916 477 1964 ersonae
499 1920 575 1964 suae
597 1899 721 1963 divinae
744 1902 935 1963 assumere?
969 1902 1129 1987 quomodo
1148 1900 1301 1965 obediens
1318 1900 1387 1964 lieri
1404 1922 1504 1987 usque

326 2004 339 2068 Ι
361 2022 508 2074 mortem
525 2008 653 2073 crucis?
670 2010 829 2093 quomodo
847 2008 981 2081 rnereri,
1006 2031 1101 2096 qumn
1118 2010 1215 2082 Deus,
1233 2009 1277 2073 uti
1294 2009 1504 2084 obedientiae,

326 2132 347 2177 a
366 2130 404 2181 et
420 2116 526 2181 meriti
544 2138 646 2199 capax
661 2117 743 2181 haud
760 2116 860 2195 sit²)?
879 2117 917 2180 Ut
935 2112 1107 2191 taceamus,
1126 2119 1209 2203 quod
1220 2119 1288 2201 jam
1300 2130 1443 2181 notatum
1456 2130 1504 2182 est

333 2222 511 2299 Patribus,
536 2225 565 2289 si
586 2224 733 2290 Christus
758 2237 877 2290 tanturn
894 2246 1014 2309 corpus
1031 2225 1212 2291 simulatum
1230 2226 1407 2299 habuisset3
1433 2249 1504 2291 cum

326 2348 418 2398 unen
450 2333 564 2419 ubique
589 2355 624 2398 se
648 2355 759 2397 verum
782 2334 942 2399 hominem
960 2335 1158 2400 exhibuisset
1173 2357 1211 2399 ac
1229 2337 1500 2400 demonstrasset:

326 2457 384 2515 os,
399 2454 433 2507 et
449 2440 576 2527 quidem
591 2440 660 2507 sine
678 2443 739 2507 ulla
755 2463 862 2517 causa,
878 2442 910 2506 in
927 2463 1075 2507 errorem
1090 2443 1289 2519 induxisset,
1306 2456 1399 2529 atque
1416 2466 1502 2509 men·

327 2556 370 2611 ta
383 2564 473 2616 esset
488 2572 613 2616 summa
627 2573 666 2617 ac
682 2551 824 2616 increata
841 2551 970 2627 veritas,
989 2552 1051 2616 sahi
1068 2564 1100 2616 et
1116 2552 1225 2617 saltere
1244 2552 1397 2641 nescia³).

420 2721 551 2779 Adnot.
591 2721 688 2780 Hisce
712 2739 769 2779 nou
788 2722 901 2791 obstat,
928 2721 1136 2791 Christum,
1160 2741 1249 2797 quum
1266 2721 1324 2797 ipsi
1343 2722 1499 2781 nuntiare·

326 2839 377 2895 ¹1⁸,
393 2841 522 2889 matrem
540 2840 571 2889 ot
587 2840 738 2909 cognatos
756 2830 929 2899 advenisse,
948 2850 1036 2890 manu
1059 2833 1088 2890 in
1115 2831 1280 2907 discipulos
1308 2841 1436 2891 externa
1458 2835 1501 2891 di·

326 2929 412 2995 isse:
443 2936 531 2997 ane
550 2947 653 2999 motor
675 2956 758 3016 otoo,
785 2944 817 2997 et
837 2939 966 3009 fratres
982 2943 1042 2998 met
1055 2936 1094 3012 ⁴).
1144 2941 1216 2997 Nam
1237 2939 1380 2997 Christus
1397 2942 1501 2999 verbis
1606 2953 1609 2957 ’

326 3043 384 3102 stis
399 3067 458 3106 non
476 3058 580 3127 negat,
600 3049 729 3106 Mariam
754 3067 823 3106 osse
850 3058 979 3107 nratrem
998 3067 1094 3116 suam,
1117 3048 1170 3105 sed
1189 3057 1316 3117 tantum,
1334 3050 1383 3124 qui
1400 3050 1501 3128 legem

326 3151 375 3210 'ei
399 3158 548 3236 religioso
570 3159 752 3226 observent,
775 3158 883 3233 spiritu
910 3158 969 3215 sibi
991 3157 1189 3231 conjunctos,
1213 3159 1363 3234 sanguine
1383 3158 1501 3232 junctis

326 3274 406 3340 tngo
423 3266 649 3342 anteponendos
667 3285 737 3324 osse
755 3267 901 3336 affirmat,
919 3277 948 3324 et
962 3267 1074 3342 potiori
1085 3269 1152 3325 loco
1165 3267 1242 3342 apud
1254 3285 1288 3324 se
1300 3266 1454 3325 habendos
1465 3266 1500 3340 ⁵¹).

326 3361 418 3446 seque
436 3376 572 3434 Paulus
589 3376 765 3436 contrarius
790 3386 848 3444 est,
872 3395 961 3452 quum
980 3377 1037 3434 ait:
1062 3376 1197 3434 Primus
1221 3376 1313 3434 borno
1338 3381 1376 3432 do
1396 3386 1498 3453 terro,

326 3488 481 3544 trochus:
507 3490 666 3544 secundus
681 3485 775 3543 bomo
793 3490 832 3543 de
853 3489 956 3562 coeto,
975 3487 1173 3555 coetestem).
1196 3486 1336 3560 Adpettat
1354 3486 1432 3542 onim
1450 3483 1499 3543 hie

326 3596 477 3656 spostolus
496 3594 651 3651 Christum
670 3596 846 3662 coelestem,
872 3612 929 3650 non
949 3594 1121 3652 conditione
1141 3593 1291 3669 eorporis,
1310 3594 1362 3651 sed
1380 3594 1498 3650 ratione

327 3687 407 3769 'itae
424 3724 499 3780 quaa
518 3713 580 3762 tota
597 3705 626 3761 in
645 3704 696 3760 iiio
713 3704 813 3762 divina
831 3721 867 3761 ao
885 3703 1031 3761 eoelestis
1049 3713 1128 3771 arat,
1151 3704 1315 3761 admonens
1333 3703 1450 3770 fideles,
1467 3712 1499 3760 ut

326 3801 368 3869 [Εἰ
390 3811 551 3890 imaginem
577 3812 705 3879 terreni,
730 3822 846 3870 terram
871 3813 1021 3888 sapientis
1048 3832 1083 3871 ae
1101 3813 1262 3889 cupientis,
1288 3820 1498 3887 portaverunt,

326 3916 458 3981 selenis
470 3922 534 3995 jam
552 3921 659 3979 exinde
677 3921 843 3996 imaginem
866 3939 939 3995 prae
958 3939 991 3978 se
1009 3923 1091 3978 serre
1109 3921 1262 3990 studeant,
1280 3919 1450 3996 spiritualia
1468 3928 1499 3976 et

326 4027 460 4088 ’seleutia
477 4040 646 4092 sectantes.

326 4134 524 4211 ς...-
1299 4220 1303 4227 .

420 4299 443 4384 ¹)
467 4301 512 4360 Os.
535 4300 629 4362 Hebr.
655 4299 686 4377 2,
712 4300 762 4363 14.
797 4301 883 4364 Rom.
901 4299 933 4374 5,
953 4295 1003 4365 14.
1023 4299 1052 4364 1.
1070 4301 1140 4365 Cor.
1161 4297 1212 4375 15,
1228 4299 1282 4365 21.
1318 4295 1371 4365 22.
1405 4298 1495 4364 'Per-

327 4381 393 4455 illl,
407 4396 482 4451 Ado.
500 4395 650 4453 Marcion.
669 4395 687 4453 l.
705 4395 733 4453 3.
752 4413 776 4452 c.
793 4396 822 4453 8.
858 4391 938 4473 Opp.
960 4394 994 4455 V.
1013 4391 1044 4454 2.
1067 4391 1143 4456 221.
1178 4429 1219 4438 -
1253 4393 1493 4475 2)Of.oyrill.

326 4468 613 4547 slenoelncaru.
648 4482 727 4564 Opp.
746 4484 783 4543 Τ.
801 4482 834 4547 5.
867 4505 895 4562 p.
919 4485 943 4546 l.
978 4507 1007 4565 p.
1034 4481 1097 4547 691
1132 4505 1172 4544 ss.
1206 4484 1357 4563 Gregor.
1380 4487 1493 4564 NysS.

326 4551 389 4636 ido.
403 4577 532 4636 Iauoouu
552 4577 603 4636 Or.
620 4579 648 4633 2.
668 4573 746 4653 Opp.
765 4575 803 4636 T.
821 4572 852 4639 2.
869 4596 898 4653 p.
917 4572 992 4636 483.
1012 4611 1052 4621 -
1073 4575 1156 4652 ³)Of.
1174 4575 1331 4638 Tertuli.
1348 4578 1394 4634 De
1410 4581 1495 4636 carre.

326 4643 518 4729 i'tristub
551 4664 631 4746 Opp.
665 4666 701 4728 V.
721 4664 751 4729 2.
785 4687 815 4744 p.
848 4662 901 4726 49.
936 4667 1130 4744 Augustin.
1168 4669 1284 4726 Eoorr.
1309 4667 1343 4724 iu
1364 4668 1419 4726 Ps.
1442 4670 1493 4726 44.

328 4757 406 4815 ·19.
425 4754 504 4836 Opp.
522 4756 552 4818 4.
571 4778 598 4816 e.
617 4754 692 4818 391.
727 4792 767 4800 -
800 4761 828 4834 ⁴)
845 4756 953 4816 Matth.
975 4756 1025 4828 12,
1043 4754 1085 4818 46
1104 4778 1144 4827 ss,
1167 4792 1209 4803 -
1238 4755 1417 4837 ⁵)Of.Luc.
1441 4754 1493 4831 11,

329 4826 453 4910 ἳ-28.
472 4881 513 4894 -
530 4852 560 4922 ⁶)
580 4847 609 4908 1.
627 4846 698 4912 eor.
719 4843 768 4918 15,
791 4842 845 4909 47.
1461 4894 1464 4898 ,
