3775 5625
1476 422 1542 491 tue

459 610 485 652 e.
510 587 654 653 Tertium
676 586 893 651 testirnoniurn
910 586 941 650 iu
959 587 1040 652 loeis
1063 588 1322 672 deprehenditur,
1340 586 1392 676 qui
1416 591 1543 667 docent,

347 698 707 763 nosuDeoinhonis
726 698 876 782 operibus
901 696 1105 782 perficiendis
1139 699 1328 781 adjuvari3
1362 721 1427 763 nou
1459 700 1543 764 enim

305 837 308 842 ·
347 807 479 893 proprie
512 809 654 893 adjuvari
687 809 839 873 dicendus
861 821 926 883 est,
949 809 1000 893 qui
1022 807 1097 872 nihil
1120 807 1202 895 ugit,
1224 810 1282 872 sed
1304 809 1356 893 qui
1372 810 1544 874 laboratio

348 918 486 1003 agendo.
517 918 680 982 Similiter
703 930 821 999 auteur,
848 916 949 1003 inquit
964 917 1195 1002 Apostolus,
1218 930 1251 981 et
1266 918 1414 997 Spiritus
1429 926 1496 1000 adj
1502 943 1543 983 u-

348 1040 414 1090 vat
439 1032 657 1104 infirmitatem
673 1039 835 1090 nostrum:
868 1049 943 1089 nam
960 1028 1198 1105 reiteremus,
1216 1034 1303 1090 sieut
1318 1042 1460 1111 oportet,
1483 1051 1543 1092 rte·

348 1142 469 1198 seimus
479 1139 517 1214 ¹).
550 1137 618 1214 Quo
635 1135 666 1198 iu
684 1136 755 1199 loeo
773 1134 910 1219 loquitur
927 1136 1043 1198 Paulus
1061 1136 1099 1197 de
1116 1134 1279 1210 oratione,
1297 1158 1375 1221 quae
1393 1151 1444 1201 est
1460 1139 1544 1204 aetio

348 1243 488 1308 maxime
505 1244 556 1328 piu
572 1257 604 1308 et
620 1245 784 1318 salutaris,
806 1264 900 1329 quarn
917 1243 1057 1329 Spiritus
1076 1248 1108 1308 S.
1128 1258 1280 1330 operatur
1296 1245 1327 1308 in
1345 1246 1453 1322 nobis,
1471 1249 1545 1313 dum

348 1353 425 1417 lacit
446 1374 506 1416 nos
529 1374 623 1417 orare
646 1375 684 1417 ac
705 1374 848 1440 gernere.
881 1353 947 1416 Sed
968 1352 1040 1437 quia
1061 1373 1124 1415 non
1148 1353 1222 1418 lucit
1242 1353 1274 1417 id
1296 1356 1401 1429 solus,
1434 1378 1545 1421 verum

348 1463 533 1527 nobiscum:
565 1464 638 1527 ideo
661 1462 768 1548 posuit
792 1464 966 1547 Apostolus
997 1464 1140 1538 verburn,
1172 1468 1319 1543 eruerat,
1346 1468 1430 1550 quod
1446 1480 1497 1531 est
1512 1467 1544 1531 in

348 1593 471 1659 graeco
493 1574 591 1636 multo
613 1572 863 1659 significantius,
880 1593 952 1636 narn
969 1567 1297 1651 συναντιλαμβάνεσθαι
1320 1576 1451 1661 proprie
1468 1575 1543 1641 dici.

347 1694 401 1744 tur
418 1682 456 1744 de
472 1681 527 1756 iis,
549 1682 601 1766 qui
622 1682 712 1767 quusi
729 1703 745 1745 e
762 1682 897 1768 regione
914 1682 1060 1746 manibus
1078 1684 1207 1768 cupiunt
1224 1707 1323 1759 onus,
1346 1698 1379 1749 ut
1396 1685 1470 1748 illud
1487 1688 1544 1750 tol·

347 1790 425 1854 lenti
451 1804 650 1855 succurrant.
682 1794 724 1855 Et
750 1789 823 1854 alibi
844 1792 887 1853 uit
902 1791 987 1855 idern
1004 1794 1194 1877 Apostolus:
1224 1794 1345 1857 Gratia
1361 1808 1467 1858 eutem
1483 1799 1546 1859 Dei

348 1922 421 1963 sum
446 1908 498 1982 itt,
527 1910 724 1981 quodsum,
751 1914 784 1964 et
804 1906 916 1979 pretia
936 1906 1007 1979 rjus
1023 1907 1057 1963 iu
1073 1924 1122 1964 me
1145 1925 1249 1965 uacua
1281 1926 1346 1966 non
1375 1909 1459 1979 fuit,
1492 1914 1549 1968 sed

347 2018 565 2075 attendentius
581 2018 650 2074 iltis
669 2017 816 2073 omnibus
833 2017 998 2073 laborari:
1022 2033 1089 2074 mom
1110 2034 1168 2091 eqo
1187 2026 1307 2087 autem,
1334 2023 1390 2075 sed
1410 2020 1547 2093 qratia

346 2122 424 2182 Dei
447 2128 638 2199 meeum2).

458 2238 487 2294 u.
513 2231 665 2308 Quartum
687 2230 814 2292 tandem
835 2228 1052 2292 testimouium
1069 2228 1091 2292 ii
1107 2228 1169 2294 loci
1187 2227 1366 2305 continent,
1384 2230 1482 2316 quiid
1500 2231 1544 2295 di-

347 2338 636 2413 serte'enuntiant,
653 2338 813 2402 hominem
831 2359 849 2401 a
865 2339 935 2402 Deo
957 2349 1122 2413 vocaturn,
1153 2361 1271 2424 posse
1304 2362 1377 2404 non
1397 2341 1546 2415 venire,

351 2462 389 2513 et
408 2448 561 2536 gratiae
586 2448 738 2511 divinae
760 2448 875 2512 etium
900 2448 1049 2512 deesse.
1083 2453 1207 2513 Beatus
1231 2457 1334 2525 diver,
1358 2450 1459 2536 inquit
1491 2450 1544 2514 si-

349 2558 523 2633 raeides,
548 2564 604 2637 qui
635 2564 785 2622 irrueretur
809 2570 858 2621 eet
878 2564 948 2620 sime
964 2565 1109 2620 oracula:
1127 2596 1170 2605 —
1188 2566 1244 2639 ptri
1272 2566 1386 2639 potui
1392 2573 1405 2624 t
1419 2598 1420 2601 κ
1435 2573 1547 2624 trans·

347 2675 457 2750 qrerti,
482 2681 514 2732 et
539 2690 605 2731 oon
621 2682 668 2731 eet
684 2681 926 2748 transmersus:
957 2672 1073 2744 ferere
1093 2673 1193 2743 mela,
1210 2682 1241 2733 et
1256 2691 1323 2732 mon
1336 2674 1421 2745 feeit
1432 2675 1470 2749 ³).
1502 2671 1546 2733 Et

351 2779 583 2864 Apostolus:
609 2780 732 2840 Pacem
757 2784 931 2858 sequimini
948 2800 1019 2841 eum
1044 2784 1205 2853 emunitus,
1231 2792 1262 2843 et
1281 2786 1542 2862 sanctimoniam,

349 2895 421 2950 eine
437 2910 500 2967 qua
516 2908 606 2949 memo
625 2893 742 2949 videbit
756 2889 877 2978 Deum:
904 2889 1183 2969 Contemptenteo,
1202 2911 1242 2950 me
1258 2896 1330 2968 quir
1346 2899 1367 2950 d
1373 2897 1429 2951 esi
1435 2902 1448 2952 t
1460 2912 1542 2969 qra-

349 3003 416 3060 tiae
430 2998 493 3058 Dei
505 2995 542 3073 ⁴).
573 2998 615 3058 Et
633 2997 744 3079 procul
760 2994 855 3059 dubio

458 3147 483 3188 e.
501 3135 622 3187 tentum
638 3136 825 3207 propterea,
842 3123 990 3208 quonium
1006 3125 1102 3187 horno
1120 3125 1225 3211 tegern
1244 3124 1380 3188 divinam
1397 3145 1542 3199 servans,

346 3245 458 3319 potest
473 3255 543 3297 earu
560 3233 654 3297 etiarn
671 3232 853 3320 negligere,
885 3232 1000 3296 dicitnr
1020 3234 1108 3296 Deus
1132 3233 1243 3318 ouiqne
1267 3235 1442 3298 seeundum
1466 3256 1540 3320 pro-

347 3341 419 3428 pria
439 3364 537 3427 opera
558 3342 787 3416 retributurus,
808 3356 840 3406 et
860 3341 1076 3428 unusquisque
1095 3355 1302 3426 recepturus,
1328 3355 1422 3427 prout
1438 3342 1543 3430 gessit

345 3452 379 3516 in
398 3473 535 3537 corpore
553 3474 631 3526 suo,
648 3452 715 3516 sire
733 3453 851 3516 bonurn
868 3452 935 3516 sive
952 3454 1077 3516 malurn.

348 3588 350 3591 ’
456 3584 496 3643 Β.
521 3581 573 3642 Ex
597 3578 826 3642 'traditione
857 3579 1041 3652 Ecclesiae,
1061 3578 1094 3641 in
1116 3600 1177 3663 qua
1199 3579 1305 3643 statim
1328 3581 1367 3644 alr
1387 3579 1478 3642 initio
1503 3601 1541 3643 ae

345 3709 406 3772 per
424 3689 530 3752 omnia
545 3701 691 3773 tempora
712 3688 868 3753 sententia
889 3701 1001 3753 nostra
1023 3691 1182 3753 celebrata
1213 3688 1279 3753 fuit.
1312 3691 1423 3752 Patres
1458 3688 1541 3753 eninr

347 3796 487 3861 unanimi
504 3820 560 3862 ore
578 3799 719 3871 tradunt,
741 3798 781 3861 ad
798 3810 902 3861 aetum
919 3819 1075 3883 quemque
1091 3800 1209 3862 honuni
1227 3811 1259 3862 et
1275 3799 1446 3862 salutarem
1464 3819 1538 3862 eon·

347 3927 479 3970 currere
501 3919 565 3971 tarn
586 3907 721 3991 gratiani
743 3907 893 3980 divinam,
916 3928 1008 3992 quant
1029 3910 1222 3973 voluntatem
1238 3906 1376 3970 hominis
1393 3906 1539 3978 liberam3

346 4027 440 4098 atque
461 4015 531 4078 sine
546 4017 607 4079 huo
623 4016 768 4079 libertate
793 4029 967 4101 praeoepta
983 4030 1015 4080 et
1031 4019 1178 4102 exempla
1193 4017 1263 4080 l'ore
1281 4014 1415 4088 inutilia,
1437 4014 1537 4078 horni-

345 4145 480 4208 nemque
511 4145 612 4208 neque
645 4125 787 4208 praemio
821 4146 922 4209 neque
948 4147 1052 4210 poena
1072 4126 1222 4212 dignuin,
1252 4137 1286 4187 ut
1308 4123 1538 4209 ignatius⁵)‚

455 4395 480 4480 ¹)
496 4400 582 4461 Rom.
601 4397 638 4480 8,
660 4396 714 4461 26.
732 4436 775 4444 -
792 4401 817 4479 ²)
837 4399 866 4460 1.
883 4399 952 4461 Cor.
972 4397 1027 4468 15,
1053 4398 1103 4460 10.
1121 4435 1166 4445 -
1183 4402 1209 4481 ³)
1225 4400 1318 4463 Eruli.
1336 4396 1392 4472 31,
1416 4396 1536 4461 8-10.

344 4517 391 4537 -ν-
409 4489 435 4567 ⁴)
451 4490 547 4554 Hebr.
567 4487 618 4560 12,
639 4487 779 4555 12-15.
797 4490 842 4555 Of.
858 4491 951 4549 Prov.
971 4489 999 4562 1,
1016 4487 1068 4552 24.
1085 4491 1193 4552 Matth.
1204 4487 1257 4565 23,
1270 4487 1323 4554 31.
1340 4489 1432 4549 Joan.
1442 4487 1472 4570 6,
1484 4487 1536 4552 68.

343 4582 417 4642 Aet.
436 4578 465 4661 7,
482 4577 535 4642 51.
552 4583 649 4660 Apoo.
665 4579 696 4652 3,
714 4579 766 4643 20.
784 4618 826 4626 -
844 4582 869 4658 ⁵)
885 4581 988 4658 Epist.
1006 4585 1047 4640 ad
1059 4582 1193 4658 Mapnes.
1209 4583 1319 4660 interp.
1336 4602 1366 4640 rt.
1384 4584 1412 4641 5.
1429 4579 1536 4640 Cote-

343 4673 411 4732 ler.
427 4674 495 4731 ΡΡ.
512 4692 562 4747 ap.
580 4673 706 4732 Amstel.
725 4670 820 4733 1724.
838 4672 876 4731 V.
895 4670 924 4734 2.
941 4692 972 4751 p.
990 4664 1043 4733 55.
1076 4672 1112 4733 St
1132 4673 1201 4748 quio
1223 4672 1329 4750 pietati
1345 4674 1456 4744 studet,
1477 4671 1537 4729 Dei

343 4767 434 4822 ltomo
456 4771 515 4822 eet:
535 4764 565 4821 si
586 4783 655 4822 vero
671 4763 762 4841 impie
778 4769 850 4838 apat
864 4764 949 4845 quio,
967 4762 1081 4823 diaboli
1096 4766 1182 4823 homo
1199 4771 1258 4836 est,·
1275 4784 1336 4823 nom
1353 4761 1386 4820 id
1395 4763 1501 4839 fartim
1518 4783 1537 4819 a

343 4861 473 4928 matura,
489 4858 541 4915 red
555 4876 611 4936 per·
628 4855 747 4914 animi
762 4853 969 4915 arbitrium
985 4876 1004 4914 a
1019 4875 1076 4914 seta
1091 4855 1190 4932 ipsius
1205 4857 1362 4916 uoluntate.
