3775 5625
1448 425 1493 492 45

299 588 424 653 animae
452 586 566 674 negari
585 608 650 651 non
672 586 794 671 possit,
812 586 874 652 nisi
891 586 981 671 prius
998 600 1116 674 negata
1131 586 1270 652 honrinis
1285 587 1434 655 rationali
1448 590 1495 654 in·

299 700 383 773 dole,
400 710 495 783 atque
512 696 659 761 homines
675 698 877 761 solummodo
894 697 955 760 hac
972 696 1098 760 funesta
1118 698 1344 785 praerogativa
1359 720 1379 764 a
1394 700 1496 765 brutis

298 805 591 893 distinguerentur,
614 808 698 891 quod
714 805 862 870 interitus
880 805 930 870 sui
949 805 1082 880 conscii,
1097 827 1208 870 veram
1224 807 1425 885 felicitatem,
1443 831 1495 874 cu·

294 918 351 1002 juo
370 916 632 981 ardentissimum
649 915 845 981 desiderium
861 915 893 979 in
910 936 948 980 se
966 916 1099 990 hahent,
1122 915 1243 981 frustra
1259 931 1497 1002 exspectantes,

297 1025 672 1113 miseriohestias'longe
690 1038 897 1111 superarent3
916 1038 1010 1111 atque
1026 1026 1122 1090 homo
1139 1025 1198 1090 Dei
1216 1026 1389 1091 dominium
1406 1028 1498 1115 quasi

297 1137 430 1200 cludere
453 1148 582 1221 posset,
606 1135 680 1222 quia
695 1149 810 1221 posset
824 1149 928 1200 morte
944 1135 1124 1200 voluntaria
1138 1156 1260 1221 poenas
1278 1136 1402 1203 divinas
1419 1138 1495 1215 effu·

297 1266 390 1333 gere,
407 1244 530 1331 Deique
548 1258 755 1311 contemnere
773 1245 1049 1310 comminationes.
1068 1247 1212 1311 Tandem
1276 1280 1278 1284 ·

407 1354 438 1420 6.
455 1355 580 1420 accedit
596 1375 778 1420 consensus
796 1355 937 1420 omnium
955 1357 1147 1441 populorum
1165 1376 1204 1421 ac
1220 1355 1400 1431 hominum,
1417 1358 1497 1422 salsa

296 1465 518 1549 speculatione
541 1478 574 1530 et
596 1465 712 1530 inertia
728 1466 841 1530 morali
858 1488 922 1529 non
939 1468 1164 1541 seductorum,
1182 1465 1235 1551 qui
1253 1487 1382 1542 omnes,
1398 1468 1497 1532 rudes

295 1589 330 1640 et
350 1575 462 1641 inculti
490 1584 592 1661 aeque
608 1596 646 1641 ac
663 1575 847 1651 mitissimi,
864 1576 1134 1641 immortalitatem
1151 1575 1275 1640 animae
1298 1576 1496 1641 admiserunt

295 1684 527 1771 admittuntque
534 1709 543 1759 ;
577 1685 692 1772 quique
715 1707 895 1750 consensus
925 1685 1117 1751 universalis
1150 1684 1338 1749 necessario
1367 1707 1496 1751 causam

294 1794 512 1861 sufficientem
527 1794 558 1859 in
575 1794 646 1879 ipsa
661 1794 709 1859 rei
725 1807 839 1860 natura
854 1795 949 1859 sitam
965 1794 1077 1882 exigit

407 1909 579 1968 Obmovent
597 1918 700 1968 autem
718 1910 907 1978 adversarii,
926 1910 1057 1968 animam
1073 1910 1104 1967 in
1122 1909 1188 1967 suis
1205 1909 1416 1969 functionibus
1433 1910 1493 1968 rite

294 2018 446 2078 obeundis
464 2036 480 2077 e
498 2037 629 2095 corpore
646 2019 791 2096 pendere,
809 2028 900 2094 atque
917 2019 1027 2096 vigere
1045 2018 1103 2078 hoc
1120 2018 1267 2095 vigente,
1286 2019 1420 2079 delicere
1435 2018 1494 2080 lroo

293 2128 460 2188 deficiente
477 2136 537 2188 etc.
547 2150 556 2198 ;
574 2147 652 2206 ergo
670 2130 763 2187 ctiam
781 2129 860 2186 mori
875 2128 934 2187 hoc
952 2128 1114 2188 moriente.
1141 2161 1180 2171 -
1206 2130 1240 2184 ln
1257 2128 1412 2205 plerisqne
1427 2129 1493 2188 luu-

293 2238 449 2298 ctionibue
471 2238 602 2297 enimam
625 2257 642 2296 e
665 2255 797 2314 corpore
819 2238 971 2314 pendere,
989 2238 1100 2316 negari
1117 2256 1177 2295 non
1193 2247 1312 2313 potest:
1341 2247 1373 2298 at
1392 2238 1423 2297 id
1439 2238 1494 2296 mi·

292 2348 376 2406 nimo
406 2348 438 2406 in
464 2348 603 2407 omnihus
626 2349 747 2407 omnino
774 2348 892 2407 obtinet
901 2371 910 2418 3
944 2367 1013 2406 nam
1038 2348 1140 2406 anima
1166 2366 1259 2423 saepe
1277 2366 1409 2423 corpore
1427 2350 1492 2407 len·

292 2467 410 2535 guento
433 2465 465 2514 et
485 2457 620 2532 pessime
646 2459 758 2517 allecto
775 2466 890 2535 vegeta
906 2468 966 2527 est,
984 2476 1163 2533 summaque
1181 2457 1344 2517 alacritate
1366 2457 1493 2538 fruitur,

292 2575 383 2643 atque
401 2584 471 2627 cum
492 2576 642 2642 provecta
663 2576 764 2626 aetate
789 2567 881 2646 vigor
903 2583 1050 2627 sensuum
1068 2577 1099 2625 ct
1114 2569 1209 2626 robur
1231 2585 1421 2645 organorum
1438 2567 1491 2625 he·

291 2676 406 2745 hescit,
422 2676 534 2735 mentis
550 2677 776 2754 perspicacitas
794 2677 977 2737 strationis
994 2677 1059 2756 vie,
1076 2676 1258 2753 prudentiae
1275 2686 1306 2737 et
1322 2677 1493 2752 sapientiae

291 2805 370 2848 usus
401 2805 615 2863 nonnunquam
640 2787 804 2863 plurimum
832 2787 938 2866 viget,
971 2787 1015 2845 ita
1038 2796 1070 2845 ut
1093 2805 1171 2865 ergo
1190 2787 1311 2845 minime
1329 2786 1492 2846 deficiente

292 2916 427 2973 corpore
453 2897 543 2956 etiam
571 2898 673 2958 anima
696 2898 877 2957 necessario
894 2897 1032 2967 deficiet,
1050 2907 1140 2973 atque
1156 2897 1210 2955 illo
1229 2897 1380 2955 moriente
1398 2897 1492 2957 etiam

290 3007 382 3083 plane
400 3006 479 3064 mori
495 3007 615 3066 debeat.

401 3111 432 3175 2.
445 3116 546 3175 Porro
564 3117 659 3191 ajunt,
678 3117 779 3176 omnia
795 3117 825 3175 in
843 3136 948 3176 rerum
967 3127 1078 3175 natura
1094 3135 1165 3177 esse
1183 3116 1388 3186 transeuntia,
1400 3125 1491 3193 atque

291 3225 388 3284 rebus
410 3226 499 3284 novis
527 3226 699 3285 orientibus
723 3228 845 3303 priores
862 3228 964 3286 locum
982 3227 1104 3284 cedere.
1121 3260 1163 3269 -
1180 3226 1307 3284 Plantas
1325 3234 1356 3284 et
1372 3225 1491 3284 bestiae

289 3333 444 3403 interire,
466 3335 595 3412 aliisque
617 3337 718 3396 locum
737 3336 868 3408 cedere,
885 3353 994 3394 verum
1012 3335 1133 3411 quidem
1151 3343 1209 3393 est.
1248 3337 1392 3392 Attamen
1409 3335 1490 3392 inter

289 3444 412 3521 plantas
430 3454 462 3504 et
478 3445 631 3513 animalia,
650 3455 740 3522 atque
757 3446 839 3504 inter
855 3445 1008 3502 hominem
1024 3444 1143 3520 paritas
1162 3461 1220 3501 non
1238 3451 1301 3511 est3
1320 3461 1388 3502 cum
1401 3443 1490 3517 homo

290 3557 335 3615 eit
350 3574 405 3614 cns
431 3555 583 3614 rationale
608 3555 753 3614 libertate
770 3555 952 3630 praeditum,
969 3555 1004 3613 ad
1032 3555 1212 3613 sectandum
1240 3553 1350 3611 bonum
1369 3553 1490 3613 absolu·

289 3675 356 3724 tum
367 3664 480 3733 iactus,
497 3663 600 3735 finem,
616 3673 743 3740 propter
760 3682 848 3740 quem
866 3664 999 3732 exsistit,
1017 3665 1047 3722 in
1065 3682 1099 3721 se
1117 3663 1245 3733 habens,
1262 3664 1331 3722 dum
1349 3681 1402 3721 res
1417 3663 1490 3721 reli·

289 3792 370 3852 quae
381 3774 503 3833 nonnisi
519 3792 644 3833 sensum
656 3773 860 3847 jucunditatis
878 3782 1034 3849 expetunt,
1052 3783 1142 3849 atque
1161 3783 1277 3831 tantum
1294 3782 1420 3848 propter
1437 3772 1490 3829 ho·

288 3883 403 3942 minem
421 3883 639 3952 exsistunt,·—
649 3883 783 3960 adeoque
795 3882 1005 3941 essentialiter
1016 3883 1052 3940 ab
1066 3883 1206 3959 utrisque
1224 3882 1357 3940 differet.
1370 3881 1456 3940 Unde
1472 3900 1491 3940 a

289 3993 408 4071 plantis
425 4002 515 4070 atque
532 3993 634 4053 brutio
649 3993 749 4050 minus
767 3992 863 4051 illatio
882 3992 918 4051 ad
934 3991 1088 4050 hominem
1105 3993 1200 4061 valet,
1218 4010 1306 4068 quam
1324 4010 1342 4051 a
1359 3976 1507 4050 minero?

288 4102 372 4161 libus
389 4103 427 4160 ad
443 4102 525 4172 illas,
544 4111 596 4162 aut
610 4102 761 4162 vicissim.
1226 4177 1233 4184 ἢ

399 4207 430 4273 3.
441 4214 560 4272 Verum
579 4213 709 4290 spiritus
727 4231 783 4271 ceu
801 4211 901 4271 anima
915 4211 1133 4282 individualis,
1150 4211 1299 4286 objiciunt
1313 4229 1423 4290 porro,
1441 4219 1491 4284 est

287 4330 347 4382 ene
371 4323 510 4392 linitum,
534 4323 593 4383 hoc
616 4332 717 4381 autem
735 4322 816 4381 omni
833 4329 1000 4397 respectu,
1018 4331 1049 4380 et
1066 4341 1105 4380 ex
1122 4321 1203 4380 omni
1219 4330 1309 4396 parte
1326 4321 1488 4380 limitatum

287 4432 332 4490 sit
358 4450 490 4492 necesse
513 4441 571 4490 est.
613 4431 696 4489 Undo
716 4431 816 4488 ardma
832 4430 1024 4500 necessario,
1041 4440 1134 4506 prout
1150 4438 1198 4488 est
1215 4439 1294 4501 orta,
1311 4441 1342 4489 et
1359 4448 1489 4490 cessare

288 4542 391 4607 debet,
423 4544 500 4601 Nam
528 4561 583 4600 ens
601 4560 670 4601 cum
686 4539 773 4598 initio
792 4549 823 4598 et
839 4539 905 4597 sine
923 4539 995 4610 line,
1012 4559 1071 4598 non
1089 4548 1138 4598 cst
1154 4558 1207 4597 res
1225 4539 1324 4597 minus
1342 4539 1487 4609 absurda,

287 4670 379 4729 quam
398 4671 452 4710 cns
470 4671 538 4712 eum
557 4652 626 4721 line,
645 4659 694 4710 ast
711 4649 778 4708 sine
795 4649 931 4721 initio¹].
950 4652 1146 4708 -Attamcn
1165 4650 1238 4709 licet
1256 4649 1356 4708 anima
1373 4650 1416 4708 sit
1431 4650 1486 4708 im·

396 4883 423 4973 ¹)
439 4885 605 4969 Qtoltic,
628 4885 731 4967 philol.
754 4884 1091 4964 unitatitictptclttteiyce.
1120 4884 1164 4949 Q
1181 4882 1223 4947 27
1242 4885 1264 4963 f.
1283 4883 1310 4949 i.
1329 4884 1487 4968 &troam

286 4978 348 5046 tote
365 4977 467 5062 oripi.
486 4977 733 5060 &taritaticum
751 4974 825 5041 ott.
842 4972 940 5038 1841.
958 4974 990 5043 2.
1008 4973 1051 5041 Q.
1069 4976 1113 5041 ὓ.
1133 4973 1198 5039 736
1216 4977 1239 5057 f.
