3775 5625
341 414 386 482 48

447 577 554 643 Prima
586 577 745 643 sententia
776 590 827 643 est
853 577 1127 643 Gnosticorum
1156 591 1193 643 et
1220 578 1538 644 Manichaeorum

345 688 732 773 (emanationismus),
759 690 812 775 qui
831 702 908 774 post
931 689 1092 754 Stoicos
1113 691 1366 765 contendebant,
1382 689 1539 754 humanas

344 797 466 864 animas
499 819 574 864 esse
592 799 745 885 quasdam
760 798 934 883 particulas
961 798 1160 863 substantiae
1188 798 1327 874 divinae,
1349 811 1382 864 et
1402 797 1539 883 proinde

343 931 405 974 nec
427 909 545 985 creari,
577 918 638 974 nec
660 930 702 974 ex
721 908 909 994 parentibus
926 908 1066 984 traduci,
1090 910 1148 973 sed
1165 929 1184 973 a
1200 910 1270 974 Deo
1288 908 1477 973 mirabiliter
1492 908 1540 973 in·

344 1018 526 1104 spirari¹).·

449 1149 613 1222 Attamen,
639 1167 734 1232 quum
754 1147 843 1210 Deus
865 1142 924 1210 sui
944 1142 1058 1210 natura
1075 1144 1117 1210 sit
1133 1144 1338 1211 necessarius
1356 1167 1394 1211 ae
1415 1145 1542 1211 infinite

343 1257 522 1342 perlectus,
544 1257 650 1322 anima
677 1268 783 1321 autem
802 1269 915 1321 nostra
939 1268 974 1319 ut
992 1256 1187 1343 contingens
1203 1277 1241 1320 ac
1258 1255 1390 1321 limitata
1415 1278 1541 1344 cogno·

344 1379 468 1443 scatur‚
485 1379 579 1453 atque
598 1367 686 1431 Deus
702 1379 861 1452 tamquam
883 1365 1019 1450 simplex
1040 1365 1169 1429 omnino
1187 1386 1314 1430 omnem
1334 1365 1544 1452 partitionem

343 1474 480 1561 prorsus
501 1488 646 1561 respuat:
679 1475 795 1540 merito
814 1474 921 1560 opinio
943 1475 1023 1539 baec
1048 1475 1080 1538 in
1098 1475 1280 1541 Concilio
1302 1474 1544 1540 bracarensi

346 1606 374 1649 a.
392 1585 504 1666 563²)
521 1596 554 1648 et
570 1606 588 1649 a
603 1586 735 1649 Leone
751 1585 791 1649 Μ.
808 1586 931 1669 rejecta
948 1588 1043 1666 est³).

432 1710 1220 1797 Alterasententia(praeexistentianismus)
1239 1723 1289 1775 est
1306 1710 1545 1798 Origenis⁴),

343 1822 396 1908 qui
412 1834 487 1908 post
502 1823 668 1887 Platonem
685 1821 803 1897 docuit,
821 1843 934 1886 omnes
952 1820 1072 1885 animas
1089 1842 1107 1885 e
1125 1821 1220 1884 nihilo
1234 1833 1360 1886 creatas
1376 1842 1451 1886 esse
1461 1834 1544 1886 tem·

344 1953 434 2018 pore,
468 1953 530 2018 quo
564 1932 663 1997 creati
696 1945 771 1996 sunt
790 1931 922 2019 Angeli,
943 1943 1037 2016 atque
1060 1932 1100 1995 ob
1123 1943 1268 2016 peccata,
1288 1930 1320 1994 in
1336 1931 1439 1996 hocce
1456 1943 1546 1995 statu

345 2041 536 2118 commissa,
557 2063 576 2106 a
596 2042 666 2107 Deo
688 2042 722 2105 in
744 2063 884 2127 corpora
899 2055 935 2106 ut
951 2063 1102 2106 carceres
1119 2040 1255 2107 immitti.
1293 2042 1394 2121 Quam
1411 2054 1544 2107 senten·

345 2150 421 2214 tiam
438 2150 488 2215 alii
506 2151 620 2217 deinde
636 2152 681 2217 ita
696 2152 912 2227 immutarunt,
931 2164 966 2216 ut
982 2152 1103 2216 animas
1115 2152 1270 2217 humanas
1282 2151 1375 2216 simul
1388 2173 1463 2215 cum
1479 2154 1545 2217 An·

344 2260 427 2348 gelis
448 2259 538 2324 initio
563 2261 709 2325 conditas
733 2261 834 2327 luisse
857 2264 1079 2337 adsumerent,
1102 2283 1181 2348 quae
1203 2274 1309 2326 tamen
1326 2283 1390 2325 non
1406 2273 1547 2347 propter

344 2382 513 2453 peccatum
545 2371 671 2457 aliquod
694 2372 886 2457 corporibus
913 2371 1114 2437 nascentium
1136 2372 1353 2446 includantur,
1375 2372 1433 2435 sed
1454 2371 1548 2437 inea

345 2478 496 2545 divinitus
513 2480 676 2546 mittantur
694 2495 748 2546 aut
763 2495 878 2568 sponte
896 2483 1041 2546 labantur
1050 2486 1087 2562 ⁵).

454 2610 682 2675 Verumtamen
705 2610 847 2696 opinioni
868 2610 942 2675 huic
965 2611 1087 2674 obstat:
1113 2615 1146 2691 a)
1165 2610 1257 2689 Quod
1273 2622 1439 2674 anteactae
1456 2608 1546 2674 vitae

345 2717 378 2781 in
394 2716 488 2783 nobis
512 2719 597 2783 nulla
615 2719 694 2783 insit
715 2718 928 2795 conscientia,
951 2740 1031 2805 quac
1049 2732 1171 2795 tamen,
1188 2716 1345 2804 imprimis
1362 2719 1391 2783 si
1408 2719 1449 2782 ob
1468 2740 1545 2804 pec·

345 2841 417 2893 cata
436 2828 619 2913 personalia
638 2829 670 2892 in
693 2830 793 2893 altera
813 2828 879 2894 vita
894 2843 1026 2914 peracta
1042 2829 1075 2893 in
1091 2829 1254 2915 praesenti
1271 2828 1469 2914 puniremur,
1486 2850 1544 2893 no·

345 2937 394 3003 bis
412 2939 528 3002 deesse
545 2939 628 3002 haud
646 2951 767 3023 posset.
784 2938 819 3019 b)
834 2939 913 3004 Cum
931 2939 1035 3004 anima
1052 2961 1124 3003 cum
1142 2959 1281 3024 corpore
1297 2951 1333 3002 ut
1348 2938 1454 3002 forma
1472 2959 1547 3003 cum

345 3069 404 3112 sua
425 3047 558 3111 materia
580 3049 808 3136 conjungatur,
831 3050 1098 3134 quemadmodum
1118 3048 1268 3113 Ecclesia
1288 3047 1414 3112 solenni
1430 3046 1545 3111 delini-

345 3157 433 3221 tione
459 3157 569 3221 tradit:
610 3157 783 3222 absurdum
809 3156 934 3223 videtur
962 3180 1127 3235 asserere,
1153 3180 1247 3223 unam
1275 3171 1399 3243 partem
1424 3157 1548 3221 factam

344 3267 444 3332 luisse
466 3266 556 3331 initio
579 3267 703 3343 mundi,
721 3265 852 3333 alteram
870 3282 976 3333 autem
993 3269 1063 3334 fieri
1079 3281 1156 3354 post
1171 3270 1269 3332 multa
1285 3268 1429 3342 saecula,
1449 3279 1546 3352 atque

345 3378 447 3441 Deum
465 3399 546 3462 opus
564 3401 656 3443 suum
674 3400 743 3443 are
759 3380 949 3465 imperfecta
964 3379 1146 3444 inchoasse.
1171 3377 1315 3464 Denique
1349 3383 1377 3457 c)
1401 3380 1545 3462 Aposto-

344 3488 395 3551 lus
417 3509 574 3572 expresse
597 3489 702 3562 docet,
719 3488 882 3563 homines,
905 3502 1074 3574 antequam
1096 3500 1279 3564 nascantur,
1301 3487 1377 3551 nihil
1400 3487 1480 3550 boni
1495 3487 1548 3549 vel

345 3595 419 3659 mali
435 3597 544 3683 egisse
553 3598 596 3676 6);
614 3619 713 3682 porro
731 3611 867 3662 mortem
890 3599 985 3663 etiam
1001 3599 1033 3662 in
1050 3620 1109 3663 eos
1124 3619 1294 3685 regnasse,
1314 3596 1449 3683 quinon
1468 3617 1545 3682 pec·

347 3704 491 3769 caverint
505 3704 538 3767 in
555 3704 791 3770 similitudinem
807 3707 1094 3791 praevaricationis
1109 3709 1198 3771 Adae
1206 3712 1250 3787 ⁷);
1269 3719 1362 3793 atque
1374 3718 1547 3790 peccatum

346 3835 405 3899 per
422 3835 519 3877 unum
541 3814 719 3891 hominem,
742 3829 775 3880 et
794 3837 853 3901 per
868 3830 1038 3902 peccatum
1059 3829 1197 3880 mortem
1213 3816 1246 3879 in
1263 3835 1377 3880 omncs
1393 3814 1547 3879 homines

346 3923 597 4009 pertransivisse
608 3929 644 4003 Β).
677 3924 767 3989 Unde
790 3937 823 3989 et
844 3925 1004 3990 sententia
1026 3927 1123 4000 baec,
1148 3927 1261 3989 saltem
1284 3924 1329 3989 uti
1345 3924 1384 3988 ab
1403 3922 1547 4011 Origene

346 4031 515 4117 proposita
535 4032 607 4108 fuit,
629 4034 668 4097 ab
688 4033 839 4099 Ecclesia
860 4035 893 4098 in
914 4036 1029 4099 eodem
1051 4033 1287 4099 bracarensi
1315 4031 1544 4112 concilior),

348 4141 455 4226 prouti
475 4155 508 4206 et
527 4163 546 4207 a
565 4144 694 4207 Leone
717 4143 821 4224 tt.¹⁰),
843 4164 904 4208 nec
926 4165 992 4207 non
1014 4143 1154 4209 Concil.
1180 4141 1544 4237 Constantinopoli·

455 4402 484 4478 ¹)
501 4400 546 4464 of.
564 4400 761 4481 Angustia.
794 4405 843 4462 De
863 4405 979 4466 laceres.
997 4423 1021 4463 c.
1041 4405 1068 4464 6.
1086 4405 1137 4464 46.
1155 4408 1184 4462 et
1199 4405 1248 4468 70.
1265 4400 1346 4483 Opp.
1363 4401 1402 4464 Τ.
1422 4396 1454 4464 8.
1472 4422 1499 4466 c.
1518 4402 1542 4462 7.

350 4489 401 4553 14.
420 4489 474 4554 22.
498 4527 539 4537 -
565 4493 591 4571 ²)
609 4495 643 4556 0.
660 4496 689 4557 5.
706 4495 839 4559 Mensi.
858 4495 934 4559 Oott.
957 4496 1047 4557 Oooc.
1065 4495 1104 4557 T.
1122 4491 1153 4556 9.
1171 4514 1196 4555 c.
1216 4491 1291 4558 775.
1309 4529 1352 4538 -
1369 4496 1398 4572 ³)
1416 4495 1478 4568 Ep.
1498 4493 1543 4554 16.

348 4587 390 4643 ad
409 4584 530 4648 Turrib.
548 4605 573 4648 c.
590 4587 619 4644 5.
637 4583 716 4666 Opp.
734 4608 763 4667 p.
780 4582 857 4648 228.
880 4623 922 4630 —
948 4583 976 4663 ⁴)
993 4589 1042 4645 De
1057 4585 1161 4661 princ.
1180 4588 1199 4645 l.
1218 4589 1244 4646 1.
1266 4606 1291 4649 c.
1311 4589 1338 4646 7.
1355 4582 1438 4665 Opp.
1456 4581 1546 4656 ml.

347 4696 379 4756 p.
397 4671 437 4735 71
456 4695 495 4737 ss.
514 4710 557 4720 —
575 4679 602 4755 ⁵)
620 4675 667 4736 Of.
684 4677 840 4757 August.
856 4680 904 4737 De
920 4677 972 4738 lib.
989 4679 1057 4741 arb.
1074 4680 1094 4742 l.
1110 4680 1140 4742 3.
1158 4697 1181 4739 o.
1200 4680 1250 4737 22.
1266 4697 1298 4740 o.
1315 4677 1366 4742 59.
1375 4676 1416 4740 Τ.
1433 4672 1464 4735 1.
1476 4695 1501 4734 c.
1513 4668 1553 4735 5.

350 4801 392 4812 ——
412 4761 438 4851 6)
454 4767 542 4828 Rom.
560 4764 590 4840 9,
609 4765 661 4829 ll.
678 4803 719 4814 -
741 4768 764 4850 ⁷)
780 4770 867 4830 Rom.
886 4764 918 4843 5,
938 4765 990 4831 14.
1008 4804 1050 4814 -
1070 4763 1095 4855 ⁸)
1112 4769 1200 4829 Rom.
1219 4765 1250 4844 5,
1269 4765 1321 4830 12.
1349 4802 1392 4813 —
1419 4765 1444 4848 ⁹)
1463 4767 1498 4828 0.
1514 4765 1588 4836 6,

349 4879 375 4922 c.
394 4854 470 4922 775.
488 4896 529 4903 -
548 4859 588 4940 ¹⁰)
604 4860 705 4937 Epist.
723 4880 747 4922 c.
766 4881 790 4923 o.
810 4864 859 4927 10.
876 4882 907 4942 p.
924 4857 1001 4924 229.
