3775 5625
404 435 448 503 30

402 606 491 665 citati
514 608 655 684 corporis
677 624 732 683 per
749 605 831 663 illam
848 605 1003 663 excitatae
1027 623 1085 662 non
1112 614 1160 663 est
1176 623 1231 681 per
1248 605 1349 666 omnia
1373 605 1550 689 contraria,
1566 612 1597 668 et
1633 655 1643 670 .

401 715 471 776 hine
484 717 576 776 etiam
587 718 650 776 vita
662 714 833 794 spiritualis
850 714 947 773 avita
972 715 1113 791 corporis
1131 733 1189 773 non
1206 733 1337 791 prorsus
1354 701 1490 778 diversa.
1507 716 1596 793 Quod

402 834 503 884 auteur
528 826 630 885 anima
653 824 814 884 rationalis
839 843 895 901 per
920 842 1033 900 corpus
1058 825 1185 883 multum
1209 835 1420 903 aggravatur,
1442 826 1522 885 etin
1539 845 1596 887 sua

401 934 591 994 efficacitate
607 935 820 1011 perturbatur,
838 933 1023 992 senteutiam
1040 943 1179 992 nostram
1196 936 1296 1011 potius
1314 936 1487 1008 confirmat,
1505 955 1595 1013 quam

400 1043 535 1103 infirmat
558 1044 754 1103 antevertit.
789 1044 825 1103 Si
849 1044 929 1102 enim
952 1044 1052 1102 anima
1071 1044 1248 1114 rationalis,
1271 1054 1305 1103 ut
1321 1046 1466 1105 lleelesia
1482 1044 1595 1105 (latho-

400 1152 461 1213 lica
477 1154 583 1234 docet,
607 1154 707 1212 forma
731 1153 874 1230 corporis
891 1163 956 1222 est,
982 1153 1069 1229 eique
1086 1154 1117 1212 vi
1134 1172 1204 1235 sus,
1229 1172 1319 1231 quam
1343 1154 1526 1214 sensitivam
1544 1156 1595 1214 ad·

400 1264 524 1342 pellant,
539 1264 674 1322 inserta:
691 1281 750 1321 non
767 1272 870 1339 potest
885 1281 957 1333 non,
974 1264 1226 1341 quemadmodum
1241 1264 1310 1341 ipsa
1325 1264 1356 1321 iu
1373 1282 1500 1324 caruem
1518 1264 1596 1343 agit,

400 1390 511 1431 rursus
536 1390 611 1432 caro
628 1372 659 1430 in
676 1390 761 1452 eam,
778 1382 809 1431 et
826 1373 947 1449 quidem
964 1372 1153 1433 'necessario
1177 1391 1290 1452 egem
1323 1384 1413 1450 atque
1437 1373 1482 1433 ita
1503 1372 1595 1433 iaeile

399 1480 602 1560 intelligitur,
620 1482 768 1558 quomodo
786 1481 887 1541 anima
903 1482 1064 1541 radoualis
1081 1501 1137 1559 per
1155 1501 1268 1559 corpus
1283 1482 1315 1542 in
1333 1500 1390 1541 sua
1407 1482 1594 1543 efficacitate

399 1592 539 1669 impediri
556 1579 587 1650 et
604 1591 695 1651 etiam
717 1592 897 1667 perturbari
919 1591 1034 1668 possit3
1066 1592 1189 1651 minime
1221 1602 1324 1652 autem
1354 1592 1596 1672 intelligeretur,

400 1701 428 1760 si
444 1701 545 1760 anima
560 1701 722 1760 rationalis
740 1719 809 1760 oum
827 1720 958 1778 corpore
974 1721 1030 1779 per
1047 1720 1081 1759 se
1095 1702 1276 1771 exsistente,
1288 1711 1320 1761 et
1335 1702 1455 1779 quidem
1473 1700 1595 1760 nonnisi

399 1810 583 1890 formaliter,
599 1820 634 1869 ut
649 1811 831 1887 loquuntur,
848 1810 869 1870 i.
887 1828 914 1868 e.
933 1810 1141 1889 cogitatione,
1159 1829 1218 1868 nou
1242 1811 1387 1881 realiter,
1403 1810 1424 1869 i.
1442 1828 1469 1869 e.
1487 1827 1549 1869 non
1565 1809 1593 1868 in

399 1940 489 1981 uuam
506 1939 589 2003 rem,
606 1930 693 1979 esset
710 1919 882 1995 conjuncta.
905 1922 1056 1980 Mentitus
1074 1931 1122 1980 est
1139 1940 1214 1981 sane
1232 1939 1324 1980 error
1340 1920 1410 1984 sibi.

507 2025 539 2089 3.
557 2030 593 2089 Si
610 2029 741 2098 animus,
772 2028 858 2104 ajunt
881 2029 1051 2101 instantes,
1078 2040 1164 2089 esset
1188 2031 1271 2089 vitae
1289 2028 1462 2105 corporalis
1479 2028 1593 2104 princi·

398 2140 495 2217 pium:
516 2140 614 2215 primo
633 2138 768 2212 animus,
792 2138 880 2213 cujus
897 2140 1035 2198 essentia
1057 2140 1202 2199 libertate
1219 2140 1406 2208 absolvitur,
1423 2139 1460 2197 de
1479 2138 1592 2197 anima·

398 2249 481 2309 tione
498 2248 656 2326 corporis,
674 2265 762 2323 quam
779 2250 936 2308 voluntate
955 2250 1111 2321 efiiceret,
1129 2250 1213 2309 scire
1231 2250 1375 2318 deberet,
1400 2247 1592 2324 conjunctio·

398 2377 528 2436 nemque
545 2378 615 2419 cum
632 2375 764 2433 corpore
787 2358 970 2435 abrumpere
993 2358 1117 2435 posset,
1142 2358 1220 2436 quod
1237 2368 1380 2418 neutrum
1397 2358 1499 2417 locum
1517 2355 1593 2416 obti-

398 2477 466 2539 net;
499 2468 607 2527 deinde
632 2485 691 2525 uon
715 2477 823 2544 posset
848 2468 884 2526 de
907 2469 1002 2526 rebus
1019 2468 1158 2527 externis
1176 2468 1266 2527 aliter
1282 2485 1371 2545 quam
1388 2485 1503 2526 seusus
1513 2466 1593 2541 jndi-

399 2598 489 2648 care3
515 2588 577 2637 tum
595 2586 697 2636 motus
712 2577 793 2636 haud
809 2578 994 2648 voluntarii,
1022 2579 1068 2639 sic
1094 2578 1168 2638 dicti
1192 2577 1412 2655 primo-primi,
1435 2577 1498 2635 imo
1520 2593 1591 2636 eon·

400 2687 591 2764 cupisceutia
606 2687 637 2745 in
654 2687 775 2745 homine
792 2704 851 2745 nou
863 2697 992 2763 possent
1008 2688 1109 2747 locum
1125 2687 1257 2757 haltere,
1271 2696 1364 2764 >atque
1381 2686 1512 2762 denique
1533 2703 1592 2744 nou

398 2807 505 2876 posset
521 2797 640 2858 animus
656 2797 687 2856 in
704 2796 907 2857 morientibus
925 2815 1055 2875 corpore
1074 2796 1172 2857 adhuc
1185 2797 1312 2876 vigente
1328 2796 1358 2856 in
1376 2815 1433 2855 sua
1451 2794 1593 2856 efficacia

397 2926 529 2985 prorsus
543 2926 613 2966 esse
629 2907 809 2984 impeditus,
828 2916 931 2965 elnon
949 2917 1093 2983 possent,
1117 2907 1229 2982 spiritu
1240 2906 1305 2980 jam
1323 2923 1341 2964 a
1357 2922 1488 2982 corpore
1505 2922 1592 2981 sepa·

397 3027 477 3089 rato,
496 3017 599 3094 capilli
616 3026 707 3093 atque
724 3035 846 3094 ungues
860 3014 958 3075 adhue
974 3017 1231 3079 crescere—At
1241 3014 1469 3091 sententiaque
1481 3014 1592 3073 statui·

398 3137 459 3198 tur,
477 3125 644 3185 essentiam
663 3125 780 3183 animae
797 3118 960 3183 rationalis
976 3125 1120 3183 libertate
1132 3123 1424 3200 absolvi,seu,qu0d
1435 3122 1516 3181 idam
1533 3132 1592 3192 est,

398 3234 715 3295 animamratioualem
723 3252 840 3292 merum
852 3243 954 3292 aetum
965 3250 1047 3305 esse,
1061 3242 1110 3291 est
1126 3233 1288 3291 manifeste
1306 3232 1387 3292 ialsa
1404 3249 1440 3291 ae
1456 3232 1592 3302 insulsa3

397 3365 467 3406 nam
484 3344 521 3404 cai
537 3343 687 3414 admissi,
708 3362 768 3402 non
801 3352 917 3402 tantum
948 3342 1165 3401 immortalitas
1197 3342 1313 3400 animae
1334 3340 1459 3420 negari,
1483 3359 1593 3399 verum

397 3455 489 3514 etiam
498 3454 650 3513 affirmari
659 3444 798 3522 deberet,
804 3451 952 3520 infantes,
963 3450 1012 3509 sui
1023 3451 1103 3509 haud
1120 3450 1274 3520 conscios,
1286 3451 1347 3510 imo
1360 3451 1453 3509 etiam
1471 3450 1594 3509 adultos

397 3564 585 3623 dormientes
608 3572 660 3622 aut
684 3562 733 3620 sui
755 3561 836 3620 haud
858 3569 1015 3637 compotes
1041 3560 1142 3620 anima
1163 3560 1308 3620 rationali
1325 3578 1445 3620 carere.
1482 3560 1594 3619 Anima

396 3672 561 3733 rationalis
592 3671 694 3748 potius
717 3679 766 3728 est
787 3670 976 3739 substantia,
1009 3671 1148 3747 quamvis
1180 3671 1328 3746 simplex,
1351 3670 1416 3739 cui,
1437 3679 1471 3727 ut
1497 3687 1593 3746 supra

397 3781 599 3861 ostendimus,
611 3780 744 3840 facultas
761 3779 924 3848 sentiendi,
938 3780 1147 3858 cognoscendi
1167 3790 1197 3839 et
1213 3780 1310 3838 libere
1324 3778 1487 3856 appetendi
1498 3779 1592 3848 inest,

396 3893 433 3951 ad
450 3891 538 3967 cujus
555 3891 658 3968 itaque
675 3899 817 3949 naturam
835 3888 956 3947 omnino
972 3889 1118 3965 pertinet,
1132 3899 1165 3948 ut
1182 3876 1279 3948 etiam'
1290 3889 1464 3948 voluntarie
1479 3888 1593 3949 efficax

397 4001 453 4072 sit3
478 4009 613 4060 attamen
629 3999 727 4059 hacce
744 4000 811 4058 sola
827 3998 925 4056 libera
942 3999 1084 4059 efficacia
1100 3998 1153 4058 illa
1170 3998 1292 4071 minime
1310 3998 1491 4068 conficitur,
1519 4017 1592 4075 (ptio-¹

396 4111 477 4170 uiam
487 4108 723 4186 secussibiipsi
738 4108 951 4168 exsistentiam
965 4109 1049 4178 dare,
1065 4118 1096 4167 et
1109 4108 1308 4168 efficientiam
1325 4107 1525 4189 exteriorem,
1534 4109 1557 4172 i.
1565 4126 1592 4167 e.

396 4220 572 4282 facultatem
586 4237 621 4278 se
633 4238 651 4277 a
664 4219 757 4276 rebus
770 4217 838 4276 aliis
853 4220 997 4278 affectam
1007 4217 1170 4286 sentiendi,
1179 4227 1210 4276 et
1220 4236 1332 4276 rursus
1348 4218 1379 4276 iu
1396 4235 1450 4276 eas
1466 4218 1592 4297 agendi,

396 4330 427 4388 in
445 4347 479 4387 se
495 4328 563 4405 ipsa
579 4346 636 4386 sua
652 4328 812 4387 voluntate
828 4326 998 4404 procreare
1016 4328 1152 4388 deberet.
1171 4326 1286 4403 Quodsi
1303 4338 1405 4387 autem
1422 4326 1525 4387 anima
1541 4346 1592 4388 ra·

396 4439 519 4498 tioualis
537 4437 629 4497 etiam
651 4436 731 4497 haud
746 4437 920 4496 voluntarie
938 4437 1005 4516 agit
1026 4456 1082 4496 seu
1098 4446 1262 4514 operatur,
1286 4448 1317 4497 et
1333 4437 1495 4514 speciatim
1511 4437 1592 4499 haud

394 4548 570 4607 voluntarie
585 4546 664 4606 vivit
680 4565 716 4608 ac
734 4546 844 4606 sentit:
870 4546 960 4607 lacile
983 4547 1188 4624 perspicitur,
1211 4549 1360 4625 quomodo
1376 4548 1445 4624 ipsa
1459 4547 1592 4624 huiusce

396 4657 586 4733 operationis
608 4674 683 4715 suae
704 4656 856 4715 naturalis
878 4657 1068 4734 generatim,
1091 4666 1123 4716 et
1138 4657 1324 4716 efficientiae
1340 4656 1372 4715 in
1389 4675 1505 4733 eorpus
1522 4675 1592 4734 spe·

508 4891 532 4973 1)
550 4891 596 4954 οι.
612 4889 777 4976 garant,
793 4891 838 4958 ste
852 4845 1028 4974 uolumen.
1044 4912 1075 4971 p.
1095 4887 1158 4954 158
1175 4913 1199 4954 s.
1218 4888 1292 4954 ree.
1312 4886 1481 4956 164158.
