3775 5625
1472 423 1537 492 tta

318 606 444 674 quum
463 583 629 651 manifeste
651 583 777 650 lucilius
793 595 883 649 esset
901 586 1005 659 Adae,
1029 585 1262 651 abundantibus
1293 586 1407 674 gratiis
1432 588 1536 653 omnis

302 694 478 786 generis
508 694 724 781 praemunito,
755 706 961 779 praeceptum
992 694 1174 759 facillimum
1205 697 1407 762 observando
1441 696 1536 782 justi·

302 806 426 873 nan
439 803 532 869 nobis
549 824 754 879 conservare,
771 824 864 889 qnam
880 823 950 869 eam
967 804 1027 868 sibi
1044 824 1083 869 ac
1098 804 1193 869 nobis
1209 807 1385 890 deperdere
1391 830 1401 879 ;
1418 806 1538 892 etquis

295 916 333 981 in
374 912 562 998 hypothesi
576 912 701 998 peccati
716 913 803 977 Adae
820 925 1068 998 praeparaverat
1083 912 1176 977 nobis
1191 914 1279 978 Deus
1296 914 1539 991 redemtionem,

298 1043 428 1111 quae
448 1034 482 1087 ut
502 1021 603 1087 totius
622 1020 754 1109 generis
775 1022 904 1086 humani
918 1020 1028 1097 fieret,
1054 1023 1241 1088 necessario
1265 1022 1430 1111 exigebat,
1453 1036 1486 1088 ut
1506 1037 1555 1090 etx

300 1142 448 1198 totum
463 1152 569 1218 genus
584 1131 755 1196 humanum
769 1130 861 1217 perdi
876 1144 991 1216 posset
1001 1134 1035 1211 ¹).

450 1241 561 1305 Altero
578 1261 656 1305 vero
671 1254 837 1326 respectu,
854 1243 937 1326 quod
955 1239 1080 1328 scilicet
1095 1243 1135 1305 ad
1152 1242 1400 1308 transfusionem
1416 1243 1536 1308 aversi·

307 1348 418 1414 omis
426 1349 594 1416 habitualis
604 1350 725 1426 attinet,
738 1372 794 1416 res
806 1351 888 1415 haud
898 1350 1004 1435 inepte
1012 1350 1157 1436 sequenti
1170 1353 1266 1416 modo
1276 1352 1429 1438 explicari
1437 1372 1536 1438 posse

311 1456 784 1538 videtur.Quatenusasersio
795 1461 874 1525 hacc
889 1459 1056 1524 habitualis
1065 1459 1127 1525 sita
1143 1473 1194 1525 est
1209 1460 1240 1525 in
1252 1459 1429 1546 privatione
1440 1461 1535 1548 justi·

314 1565 405 1631 tiae
429 1566 612 1656 originalis:
638 1569 709 1655 ipsa
730 1569 897 1634 manifeste
920 1569 1107 1634 necessario
1123 1590 1165 1634 ex
1181 1572 1273 1656 culpa
1289 1570 1421 1646 actuali,
1444 1591 1537 1657 quam

319 1695 396 1760 per
418 1676 665 1743 inobedientiam
680 1678 807 1754 Adami,
824 1700 919 1765 quae,
936 1692 970 1744 ut
986 1678 1199 1753 ostendimus,
1220 1680 1313 1744 simul
1329 1693 1441 1746 nostra
1457 1692 1536 1755 crat,

324 1786 582 1862 contr-eximus,
604 1801 720 1873 sponte
741 1810 800 1853 sua
820 1787 1036 1873 consequitur.
1070 1787 1128 1866 Qui
1145 1788 1229 1852 enim
1243 1790 1368 1874 pcccati
1388 1810 1464 1854 reus
1486 1801 1537 1855 est
1649 1863 1653 1870 ,

327 1891 496 1971 effectus,
522 1896 554 1960 in
571 1910 656 1962 statu
679 1898 803 1985 gratiae
820 1898 997 1962 collocatus
1014 1918 1088 1963 esse
1104 1898 1221 1983 nequit.
1242 1899 1331 1963 Unde
1351 1920 1446 1985 quum
1466 1919 1536 1965 rea·

329 2010 386 2066 tus
421 2004 529 2070 violati
559 2026 617 2092 per
632 2008 788 2071 Adamum
805 2006 943 2071 mandati
959 2006 1056 2070 divini
1072 2008 1111 2071 ad
1128 2028 1222 2071 omne
1238 2027 1341 2093 genus
1365 2009 1537 2073 humanum

330 2112 518 2190 pertineat:
542 2114 637 2180 etiam
653 2118 693 2180 ad
709 2137 803 2180 omne
820 2137 924 2203 genus
941 2116 1113 2180 humanum
1129 2137 1187 2180 scu
1207 2128 1353 2180 naturam
1368 2117 1537 2182 humanam
1552 2167 1554 2172 >

327 2217 481 2297 privatio
493 2223 638 2308 justitiae
658 2237 691 2289 et
710 2225 890 2290 sanctitatis
908 2224 1075 2312 originalis
1097 2224 1271 2310 pertinere,
1293 2238 1326 2290 ct
1346 2224 1419 2290 ideo
1441 2226 1536 2291 etiam

325 2344 420 2397 eum
430 2332 492 2398 ista
508 2334 815 2421 pergenerstionem
826 2337 866 2400 ad
878 2357 991 2400 omnes
1002 2335 1089 2400 Adae
1102 2346 1264 2420 posteros,
1280 2334 1325 2399 uti
1342 2336 1433 2420 culpa
1449 2347 1535 2400 actu·

320 2432 422 2516 atis,
446 2441 490 2506 ita
506 2442 650 2508 defectus
666 2443 789 2531 gratiae
812 2443 1043 2509 sanctificantis
1055 2443 1198 2509 transire
1215 2446 1326 2519 debet,
1362 2442 1423 2508 nisi
1455 2443 1536 2530 quis,

315 2552 360 2605 υἱ
383 2548 582 2617 beatissima
600 2553 659 2618 Dei
682 2553 839 2641 genitrix,
860 2576 902 2619 ex
925 2553 1080 2641 singulari
1102 2552 1271 2640 privilegio
1301 2553 1537 2638 praeveniendo

310 2659 576 2737 sanedfioatus,
592 2682 611 2726 a
626 2676 717 2727 reatu
739 2665 958 2729 contrahendo
977 2676 1204 2749 praeservatus
1220 2662 1328 2736 brerit3
1353 2664 1433 2728 haec
1453 2662 1538 2728 enim

305 2771 385 2828 0⁸1
411 2771 631 2860 generationis
646 2772 746 2850 ratio,
767 2786 802 2839 ut
816 2795 874 2860 per
890 2796 977 2850 eam,
995 2793 1075 2861 quae
1092 2776 1131 2839 ad
1148 2786 1292 2839 naturam
1313 2772 1488 2859 pertinent,
1519 2793 1538 2838 a

299 2880 521 2946 generante
538 2904 610 2947 cum
625 2896 781 2970 generato
798 2884 1083 2949 communicentur.
1107 2921 1150 2932 -
1174 2884 1335 2963 Quatenus
1353 2904 1430 2947 vero
1447 2902 1536 2947 aver·

297 2971 385 3043 ⁸5⁰
428 2989 597 3056 habitualis
629 3005 758 3058 constat
776 2992 807 3057 in
828 2993 1040 3078 perversitate
1073 2992 1257 3067 voluntatis,
1291 3012 1385 3078 quum
1417 3012 1459 3056 ex
1481 3011 1539 3055 sua

295 3093 460 3164 natura
490 3101 665 3166 attenuatio
697 3123 756 3168 seu
781 3102 967 3179 infirmitas,
996 3124 1058 3167 non
1082 3115 1188 3168 autem
1209 3103 1301 3187 culpa
1322 3101 1381 3165 sit:
1403 3122 1444 3166 ex
1470 3101 1539 3165 sola

293 3203 574 3294 conjunctione
591 3212 713 3277 animae
729 3212 894 3279 redonabo
912 3235 984 3279 cum
997 3233 1134 3298 corpore
1152 3234 1210 3297 per
1220 3223 1387 3297 peccatum
1402 3208 1539 3296 primum

292 3297 459 3383 vitisto
474 3318 668 3407 intelligitur.
700 3321 780 3386 Nam
798 3343 855 3407 per
876 3335 1043 3407 peccatum
1065 3321 1218 3406 primum,
1246 3341 1307 3405 quo
1324 3332 1539 3405 protoparens

286 3525 460 3612 v‘'Ptit,
482 3559 602 3624 corpus
638 3540 686 3603 vel
706 3540 840 3605 naturali
872 3539 1098 3625 dispositione,
1130 3539 1284 3604 charitate
1305 3536 1539 3624 supernaturali

288 3634 525 3720 exstincta,
555 3648 606 3712 vel
636 3667 694 3733 per
724 3670 817 3713 usum
848 3649 971 3714 fructus
1002 3648 1090 3714 vetiti
1124 3649 1155 3712 in
1188 3647 1328 3714 deterius
1365 3659 1538 3713 commuta·

288 3733 416 3819 tum
445 3769 506 3830 est,
522 3769 556 3820 ut
572 3759 631 3821 SS.
648 3757 788 3823 Litterae
806 3759 984 3824 clarissime
1000 3759 1138 3833 tradunt,
1155 3770 1188 3822 et
1203 3757 1301 3823 Cone.
1319 3755 1539 3822 Tridentinum

292 3853 525 3930 ⁸⁰lenniter
546 3865 702 3941 definivit;
724 3888 803 3954 quae
825 3868 974 3955 corporis
996 3866 1176 3953 corruptio,
1198 3888 1262 3931 non
1281 3868 1321 3932 ad
1337 3867 1440 3932 solum
1455 3867 1537 3930 Ada-

294 3961 450 4048 mum,
467 3975 540 4049 sed,
557 3987 590 4039 ut
604 3988 786 4060 peccatum,
808 3977 900 4062 eujus
916 3999 1020 4063 poena
1036 3989 1102 4052 est,
1125 3977 1164 4041 ad
1187 3988 1288 4040 totum
1310 3996 1414 4063 genus
1429 3975 1538 4040 huma·

296 4070 501 4148 ¹¹¹11mseu
517 4085 556 4147 ad
573 4096 718 4150 naturam
733 4086 901 4151 humanam
918 4085 1065 4171 pertinet.
1082 4086 1208 4170 llnplex
1224 4097 1328 4148 autern
1345 4096 1395 4149 est
1410 4085 1472 4158 lex,
1489 4081 1540 4149 cui

300 4179 464 4256 natan-a
477 4205 591 4258 nostra
606 4194 751 4278 subjecta
767 4207 832 4270 est,
849 4195 977 4260 fundata
992 4194 1024 4258 in
1040 4196 1112 4282 lege
1133 4193 1185 4257 illa
1207 4214 1305 4277 supra
1315 4194 1384 4277 jam
1401 4213 1538 4258 comma·

305 4290 489 4378 moran,
503 4323 563 4389 pro
581 4325 657 4388 qua,
674 4325 753 4389 quac
770 4306 809 4368 ad
826 4317 972 4370 naturam
988 4302 1157 4390 pertinent,
1174 4301 1359 4367 necessario
1376 4302 1415 4368 ad
1431 4312 1538 4388 poste·

306 4441 619 4488 N*

462 4581 485 4660 ¹)
504 4580 548 4644 (tf.
565 4581 763 4660 Augu'stin.
779 4585 827 4642 De
842 4600 925 4656 pecc.
949 4601 1020 4643 mer.
1042 4587 1071 4640 et
1090 4600 1161 4642 rem.
1183 4581 1202 4641 l.
1223 4581 1252 4639 3.
1277 4598 1302 4639 c.
1326 4581 1352 4640 t.
1374 4598 1403 4639 rt.
1430 4580 1479 4639 14.
1500 4574 1538 4639 Τ.

322 4641 407 4723 ῙΟ·
428 4689 450 4734 e.
466 4669 519 4735 78.
536 4671 748 4733 Bellarmin.
769 4675 817 4732 Dc
832 4673 936 4734 omiss.
950 4692 999 4750 pr.
1017 4679 1045 4732 et
1059 4679 1094 4733 st.
1110 4690 1189 4748 pecc.
1207 4671 1226 4729 l.
1244 4671 1272 4733 ὅ.
1290 4689 1313 4730 c.
1331 4672 1379 4730 17.
1401 4688 1431 4733 n.
1447 4670 1476 4730 5.
1493 4669 1540 4726 De

325 4753 514 4840 ⁰⁰²²²tfid
532 4763 604 4824 Otr.
621 4763 714 4842 Prag.
733 4760 830 4828 1721.
846 4763 885 4824 Τ.
902 4761 933 4825 4.
949 4786 981 4845 p.
1001 4760 1073 4825 190.
1090 4759 1282 4825 '1¹ournsll.
1298 4762 1348 4819 De
1358 4778 1440 4833 pecc.
1459 4778 1493 4835 p.
1510 4762 1538 4822 2.

329 4844 362 4892 ⁰·
392 4847 428 4908 1·
442 4872 469 4915 a.
485 4857 514 4917 2.
533 4851 623 4918 Citra.
640 4855 725 4914 theol.
742 4852 807 4918 (iol.
823 4854 952 4936 Agripp.
971 4850 1066 4917 1752.
1083 4852 1121 4914 Τ.
1139 4849 1169 4914 6.
1186 4872 1217 4932 p.
1235 4846 1299 4913 153
1315 4870 1339 4913 s.
