3775 5625
356 417 423 486 380

459 585 490 650 4.
507 590 536 646 in
559 589 698 648 doctrina
720 589 756 646 de
768 586 991 662 justificatione
1010 588 1103 646 cardo
1126 588 1364 648 controversiae
1386 590 1466 650 inter
1480 597 1527 653 Ec·

355 699 482 758 alesiam
500 698 689 758 Catholicam
706 708 796 774 atque
813 700 1029 756 Proteslantes
1046 696 1194 766 vertitur;
1212 699 1256 756 ita
1272 708 1306 757 ut
1316 700 1383 773 jam
1402 719 1438 758 eo
1454 703 1525 777 parili·

353 810 405 867 bet
421 808 567 867 cordatus
585 808 764 886 Theologus
782 810 818 866 ad
836 809 1013 867 adcuratam
1032 807 1186 884 dogmatis
1206 809 1375 880 Catholici,
1397 810 1473 888 quod
1487 814 1524 872 ad·

353 918 487 976 versarii
504 917 603 975 nostri
620 919 763 977 continuo
781 917 1019 986 calumniantur,
1051 935 1108 976 nec
1130 936 1188 976 non
1206 920 1367 995 oppositae
1384 921 1522 981 doctrinae

353 1038 533 1087 novatorum
551 1028 670 1086 saeculi
685 1028 769 1085 xvl.
788 1027 846 1085 sibi
863 1028 1097 1102 comparandam
1116 1028 1280 1088 excitetur.
1321 1008 1325 1013 Ι

458 1135 493 1197 ln
509 1134 663 1197 tradenda
679 1132 826 1197 doctrina
851 1145 964 1197 nostra
979 1132 1028 1197 sic
1043 1133 1254 1209 versabimur,
1270 1148 1307 1199 ut
1320 1136 1467 1221 exposita
1479 1160 1518 1202 no·

353 1242 439 1306 tione
456 1241 578 1329 gratiae
597 1241 625 1305 1.
643 1243 682 1306 de
699 1241 948 1306 necessitate
966 1241 1137 1329 gratiam

458 1351 885 1439 2.deind01egratiae;

457 1463 487 1526 3.
506 1464 544 1527 de
562 1463 715 1550 gratiae
732 1449 1039 1534 distributione;
1058 1473 1152 1547 atque

456 1572 488 1637 4.
506 1574 544 1637 de
562 1572 759 1637 fructibus
775 1572 930 1660 gratiae
948 1572 1154 1637 disseramus.

718 1830 744 1911 5.
756 1825 823 1895 82.
839 1825 975 1896 Notio
992 1824 1184 1913 gratiae.

456 2033 581 2104 Gratia,
604 2031 648 2091 uti
665 2051 814 2110 graccum
830 2024 934 2106 χάρις,
951 2033 981 2090 in
1000 2032 1061 2091 SS.
1077 2031 1209 2090 Litteris
1226 2033 1315 2091 vario
1332 2051 1427 2093 sensu
1442 2034 1517 2093 sumi·

349 2152 411 2205 tur.
434 2146 474 2200 llt
491 2143 611 2219 quidem
628 2142 799 2221 significat:

443 2246 471 2310 1.
496 2252 762 2329 Elegantiam,
794 2260 1051 2323 venustatem,
1084 2251 1323 2309 suavitatem
1355 2253 1520 2331 generatim,

349 2360 417 2418 sive
434 2362 474 2420 sil
493 2362 575 2431 oris,
609 2363 674 2420 sive
692 2362 856 2431 sermonis,
875 2362 940 2420 sive
965 2378 1162 2438 quaecunque
1184 2361 1254 2424 elia.
1295 2361 1361 2436 Quo
1384 2380 1474 2421 sensu
1488 2362 1521 2420 ait

350 2480 458 2530 aneton
478 2472 792 2530 Proverbiocnm:
833 2470 962 2530 Fallax
979 2474 1140 2546 pratia,
1164 2476 1196 2529 et
1218 2490 1305 2530 vana
1324 2477 1377 2530 est
1387 2471 1521 2551 pulcbrt·

349 2579 442 2637 tudo:
460 2581 578 2640 mutter
595 2585 711 2640 timens
728 2580 904 2640 Dominum
920 2585 994 2659 ipsu
1011 2580 1248 2656 laudabitur¹).
1332 2625 1335 2640 .

453 2684 484 2749 2.
508 2694 716 2757 Favorem,
733 2690 1057 2759 benevolentiam,
1076 2689 1134 2760 uti,
1157 2689 1273 2765 quando
1297 2672 1468 2768 Abgelus
1494 2689 1524 2748 ad

348 2797 558 2878 B.Virginem
576 2799 637 2859 ait:
653 2798 706 2861 Ne
723 2797 979 2877 timeasMaric,
997 2802 1147 2860 invenisti
1163 2802 1247 2859 enim
1261 2804 1437 2875 pretium
1452 2798 1526 2879 apud

346 2907 498 2985 Deum2).

451 3012 482 3077 3.
499 3020 644 3077 Donum
662 3039 700 3076 ex
717 3019 775 3079 bae
793 3038 878 3078 mera
899 3020 1113 3079 benevolentia
1144 3039 1200 3078 seu
1226 3020 1359 3099 gratis
1379 3039 1524 3082 conces·

346 3145 433 3185 sum.
467 3124 506 3185 ut
544 3134 652 3187 autem
682 3133 872 3205 pratia,
906 3129 949 3187 ait
979 3131 1249 3206 Apostolus,
1272 3130 1397 3190 scilicet
1432 3133 1522 3189 salvae

345 3238 448 3296 factae
466 3247 537 3295 sunt
554 3238 703 3314 reliquiae
720 3238 822 3314 populi
838 3238 1022 3320 lsraiilitici,
1044 3241 1121 3313 jam
1136 3257 1203 3297 non
1219 3258 1262 3297 eac
1279 3240 1454 3316 operibns,
1472 3240 1489 3298 i.
1503 3257 1524 3298 e.

344 3356 470 3422 propter·
487 3348 706 3422 praecedentia
724 3349 848 3408 merita:
884 3348 1032 3428 alioquin
1043 3352 1183 3423 pratia
1200 3350 1279 3422 jam
1301 3368 1369 3408 non
1391 3354 1442 3408 est
1452 3366 1521 3424 pra-

344 3452 435 3530 toan.
462 3455 527 3529 Quo
545 3476 639 3515 sensu
657 3458 761 3536 gnatia
778 3459 905 3547 debito
923 3459 1096 3535 opponitur.

450 3561 482 3624 4.
501 3567 638 3624 Tandem
671 3568 882 3646 gratiarum
915 3568 1107 3626 actionem
1132 3587 1187 3644 pco
1210 3569 1372 3628 beneficiis
1390 3567 1521 3645 acceptis.

344 3673 413 3732 Hoc
445 3692 538 3732 sensu
572 3675 732 3734 adhibetur
765 3677 802 3734 ab
833 3675 1022 3752 Apostolo
1048 3677 1078 3734 in
1095 3676 1146 3735 illo
1163 3677 1321 3747 loco‚ubi
1338 3679 1401 3736 ait:
1426 3675 1464 3736 St·
1476 3691 1520 3750 epo

344 3800 416 3841 cum
430 3789 562 3857 pratia
575 3790 750 3864 participo,
769 3787 848 3865 quid
862 3785 1083 3863 blasphemor,
1102 3786 1191 3865 quod
1201 3790 1331 3860 pretias
1350 3806 1409 3860 apo
1422 3780 1473 3861 Ἦ

450 3890 556 3954 Prima
572 3904 677 3955 tamen
695 3905 726 3955 et
741 3891 849 3956 ultima
865 3892 1030 3957 notionum
1047 3893 1159 3955 barum
1175 3893 1381 3976 adpraesens
1394 3903 1517 3956 roostrnn

342 3997 520 4063 institutum
552 4023 616 4064 non
642 4001 794 4085 pertinet,
827 4004 884 4065 sed
908 4003 1060 4066 duntaxat
1081 4003 1222 4066 secunda
1250 4014 1282 4065 et
1304 4001 1407 4065 tertia.
1434 3997 1516 4065 Nobis

342 4106 448 4193 itaque
464 4110 593 4197 gratia
609 4124 659 4175 est
674 4112 919 4176 benefactum
937 4111 1172 4198 gratoritum,
1194 4110 1214 4173 i.
1238 4132 1264 4174 e.
1283 4111 1379 4175 nobis
1396 4131 1465 4174 oron
1480 4105 1514 4169 ob

342 4218 508 4302 praevia
540 4219 680 4283 merita
712 4241 962 4294 concessum,
1001 4240 1058 4304 sen
1096 4218 1334 4283 beneficium
1368 4214 1512 4282 immeri-

342 4341 436 4402 tum,
469 4329 529 4393 eine
553 4331 933 4412 castrametantem
966 4331 1017 4392 vel
1040 4349 1119 4392 vero
1136 4328 1203 4392 illa
1219 4328 1337 4391 antimi
1361 4322 1509 4393 adlectio

342 4438 541 4522 ejusmodi
560 4440 754 4504 beneficia
771 4440 945 4522 gratuita
963 4438 1204 4503 confercndi.
1237 4440 1325 4501 Haec
1351 4434 1507 4524 gratiain·

343 4646 558 4660 -ψ

451 4765 475 4845 ¹)
492 4771 583 4829 Prov.
605 4767 667 4842 31,
690 4766 743 4832 30.
767 4767 811 4830 Of.
835 4770 887 4831 Ps.
904 4766 960 4839 44,
978 4766 1009 4831 3.
1042 4805 1085 4814 -
1115 4765 1357 4848 '²)Luo.1,30.
1390 4759 1498 4830 cidon

343 4855 396 4938 30,
412 4854 465 4926 27.
482 4857 536 4932 39,
553 4856 690 4941 4.-⁸)
707 4861 795 4924 Rom.
814 4857 867 4934 ll,
884 4857 914 4924 6.
941 4897 983 4909 -
1010 4858 1040 4926 1.
1059 4859 1128 4929 Gor.
1149 4857 1200 4938 10,
1217 4856 1272 4926 30.
