3775 5625
382 447 447 514 100

380 612 507 688 tatibus,
524 612 636 699 quibus
654 635 738 678 nunc
755 615 911 698 subjacet,
926 614 1115 690 immunem,
1133 636 1206 679 cum
1222 614 1411 702 aequilibrio
1429 636 1489 680 seu
1505 616 1573 680 bar·

378 722 486 787 monia
502 721 837 808 viriumsuperiorum
859 745 897 788 ac
920 722 1109 788 inferiorum
1131 724 1334 790 conditurum
1350 724 1468 801 fuisse,
1483 724 1530 792 ita
1545 738 1576 789 ut

378 834 474 896 borno
490 853 548 917 per
564 847 731 917 peccatum
749 832 906 920 originale
924 832 966 896 nil
984 832 1120 918 quidem,
1137 835 1221 919 quod
1238 836 1277 899 ad
1293 834 1472 900 essentiam
1488 846 1574 900 natu·

378 962 432 1007 rae
449 955 581 1007 nostrae
608 943 739 1007 omniuo
757 942 910 1028 pertinet,
927 941 1086 1017 amiserit,
1104 955 1242 1008 attamen
1258 944 1393 1029 hujusce
1408 943 1574 1032 integrita-

378 1065 441 1116 tem
458 1054 635 1117 naturalem
651 1076 716 1117 nou
733 1051 914 1126 retinuerit,
937 1064 1031 1136 atquc
1053 1053 1230 1117 secundum
1253 1074 1373 1138 corpus
1390 1066 1424 1118 et
1439 1052 1574 1119 murum

376 1163 535 1237 absolute,
552 1184 618 1227 non
635 1175 757 1227 tantum
774 1162 898 1226 ratione
914 1160 1043 1246 pristini
1060 1173 1163 1227 status
1179 1161 1384 1228 innocentiae
1404 1161 1529 1238 habita,
1544 1161 1574 1226 in

375 1271 516 1336 deterius
534 1284 748 1337 commutatus
766 1271 818 1347 sit,
835 1293 894 1337 seu
910 1293 975 1336 non
992 1272 1096 1336 solum
1113 1270 1299 1356 spoliatum,
1321 1273 1379 1337 scd
1394 1282 1430 1337 et
1445 1292 1524 1338 vere
1539 1293 1575 1338 ac
1632 1299 1667 1336 :

367 1380 505 1465 proprie
529 1395 715 1467 corruptum
732 1394 765 1446 et
781 1380 957 1446 sauciatum
975 1401 1058 1446 esse.
1093 1382 1180 1460 Quae
1197 1381 1307 1446 ultima
1323 1380 1485 1447 sententia
1502 1382 1573 1445 dua·
1632 1420 1667 1431 -

374 1491 434 1556 bus
450 1489 613 1575 prioribus
630 1492 842 1576 pracferenda
858 1511 932 1556 esse
949 1488 1044 1554 nobis
1060 1490 1195 1555 videtur.
1228 1490 1310 1555 Nam

484 1601 512 1665 1.
538 1601 711 1686 Apostolus
733 1602 906 1665 loannes
923 1620 1081 1684 expresse
1099 1599 1158 1663 ait:
1185 1601 1279 1677 Quae
1295 1598 1667 1685 (concupiscentia-

374 1709 493 1785 carnis,
510 1712 679 1775 oculorum
696 1722 728 1774 et
744 1708 894 1794 superbia
909 1708 1008 1788 vitae)
1025 1731 1092 1772 non
1108 1730 1152 1773 eo
1166 1712 1288 1785 Patre,
1305 1714 1364 1773 real
1376 1731 1423 1774 ear
1439 1717 1571 1790 mundo,
1607 1756 1665 1783 -

373 1819 393 1884 i.
410 1840 439 1885 e.
456 1839 499 1883 ex
513 1819 678 1884 homiuum
696 1818 906 1903 corruptione
923 1830 955 1882 et
970 1816 1064 1893 vitio,
1081 1823 1175 1899 eat¹).
1200 1822 1304 1904 Atque
1324 1820 1475 1896 Paulus
1499 1840 1572 1885 con·
1583 1855 1667 1868 —

372 1927 603 2013 cupiscentiam
632 1944 800 2011 peccatum
832 1929 983 2013 adpellat,
1010 1935 1104 2012 quia,
1132 1941 1167 1992 ut
1189 1927 1329 2013 explicat
1352 1927 1667 1996 Conciliumm

372 2037 665 2114 Tridentium,
681 2060 731 2103 eor
748 2051 910 2119 peccato
934 2051 1005 2111 est,
1021 2051 1055 2102 et
1069 2046 1291 2119 caperratum
1306 2044 1462 2115 inclinat,
1481 2050 1667 2124 atquae

371 2165 407 2210 se
429 2147 468 2210 ab
481 2166 530 2211 vea
553 2168 664 2232 saepe,
688 2147 762 2213 licet
783 2147 917 2223 invitus,
934 2149 974 2212 ad
995 2150 1111 2212 malum
1128 2147 1211 2212 trabi
1235 2146 1455 2234 conqueritur.
1488 2148 1667 2227 Qua&

371 2268 461 2322 certo
484 2257 555 2341 plus
588 2258 733 2334 edicunt,
756 2279 849 2343 quam
870 2269 1038 2343 peccatum
1060 2256 1197 2342 primum
1221 2257 1432 2323 occasionem
1454 2258 1665 2323 solum-

370 2366 467 2430 modo
493 2366 775 2452 concupiscentiae
797 2388 833 2433 se
856 2369 1055 2432 exserendae
1072 2388 1156 2443 esse,
1172 2369 1319 2453 hancque
1338 2366 1427 2433 inse
1447 2379 1664 2454 specta-

368 2487 435 2540 tam
451 2479 676 2553 essebonum,
697 2499 761 2542 non
783 2479 898 2541 malam
914 2498 953 2542 ac
968 2477 1133 2552 vitiosam,
1159 2490 1252 2563 atque
1273 2478 1378 2543 Deum
1398 2476 1608 2551 bominem:
1636 2519 1663 2546 -‚

369 2583 486 2650 sicum
509 2587 549 2651 od
570 2599 690 2651 statum
713 2587 989 2671 supernaturalem
1011 2588 1148 2652 evehere
1167 2586 1342 2661 noluisset,
1359 2608 1436 2652 cum
1452 2607 1661 2652 conca—-

367 2694 527 2781 piscentia
550 2710 732 2761 creaturum
754 2696 869 2771 fuisse,
890 2696 935 2761 ita
955 2709 991 2760 ut
1011 2716 1108 2782 saepe
1130 2696 1225 2762 etiam
1241 2695 1313 2761 sine
1329 2695 1480 2781 perlecto
1497 2716 1658 2761 con-

369 2826 470 2871 sensu
486 2808 525 2871 ad
542 2807 659 2872 malum
676 2806 887 2892 abriperetur.

480 2916 511 2981 2.
533 2920 593 2981 SS.
614 2919 753 2981 Patres
777 2938 906 2992 omnes,
928 2915 1019 2982 etita
1036 2916 1131 2982 etiam
1149 2915 1336 3003 Scriptores
1353 2914 1560 3002 posteriores
1645 2954 1654 2979 9

367 3025 541 3111 imprimis,
558 3026 611 3110 qui
626 3025 728 3090 libros
745 3025 908 3091 asceticos
926 3038 1115 3101 exararunt,
1138 3028 1177 3092 de
1194 3025 1405 3112 corruptione
1439 3033 1652 3090 natura&

368 3148 499 3201 nostrae
515 3157 574 3221 per
591 3147 759 3221 peccatum
777 3134 912 3222 originis
928 3137 1116 3221 loquuntur,
1140 3157 1276 3222 quorum
1295 3134 1397 3200 verba
1413 3132 1489 3201 siue
1506 3133 1647 3199 vio—‘-

367 3245 465 3312 lentia
481 3248 519 3310 de
536 3247 608 3311 sola
622 3244 755 3310 relativa
779 3244 1002 3329 corruptione,
1034 3256 1219 3329 comparate
1250 3242 1377 3309 scilicet
1394 3243 1437 3308 ad
1453 3250 1645 3309 statnn‘t

367 3354 584 3430 innocentem,
601 3353 720 3439 exponi
736 3375 801 3417 non
819 3365 964 3438 possunt.
976 3353 1031 3418 Sic
1047 3374 1075 3418 e.
1092 3375 1153 3441 gr,
1171 3365 1205 3418 ut
1222 3375 1319 3418 unum
1335 3353 1455 3419 saltem
1471 3351 1643 3419 nomi‘

368 3486 498 3539 nemus,
514 3462 758 3549 Augustinus
776 3462 833 3526 ait·
868 3465 909 3524 In
929 3468 1006 3526 ittos
1021 3469 1123 3542 ἐρέται·
1140 3469 1347 3542 ipocrontioe
1362 3468 1643 3529 consimulat

368 3580 517 3638 tenebras
525 3619 535 3650 ,
561 3579 617 3634 aba·
631 3578 742 3634 animo
757 3575 898 3644 infantia
914 3578 1053 3634 recentia
1069 3578 1108 3634 ab
1125 3585 1232 3652 utero,
1250 3578 1365 3652 ntique
1379 3579 1497 3637 aalma
1512 3577 1641 3637 Ιιιικ

367 3685 478 3762 m'int’s,
496 3685 733 3760 utique‘ont'mo
750 3685 936 3761 rationalia,
964 3701 1030 3743 noo
1055 3689 1160 3744 solum
1176 3687 1325 3763 indocta,
1344 3703 1462 3747 aarum
1477 3685 1642 3747 eausa

368 3794 520 3853 moritis
527 3793 630 3869 jaret,
649 3810 765 3868 quare,
783 3799 842 3850 aut
857 3795 999 3868 quartale,
1016 3801 1074 3852 aut
1089 3799 1174 3853 arada
1189 3802 1348 3854 contrusa
1363 3803 1424 3857 est.
1442 3791 1492 3855 St
1506 3805 1642 3857 aas

369 3909 460 3962 tura
490 3910 550 3961 est
579 3901 752 3960 leontinis
783 3902 839 3959 sic
870 3901 1065 3978 incipere,
1089 3911 1126 3962 et
1145 3903 1319 3979 aurtjam
1338 3904 1499 3965 uitiosa
1518 3920 1559 3965 et
1588 3891 1645 3951 Α

363 4011 629 4084 toleraturum
648 4026 812 4067 cernon
829 4011 925 4068 tutia
947 4019 1108 4070 creatus
1123 4007 1376 4086 ancarano?
1409 4008 1521 4075 Porro
1537 4007 1643 4073 ‹1ss

269 4096 271 4099 V
369 4114 631 4199 concupiscentia
663 4112 771 4178 carnis
797 4124 911 4177 contra
940 4112 1099 4178 Julianum
1131 4113 1294 4181 scribens:
1320 4117 1445 4181 Libido
1468 4117 1645 4183 auter*

368 4231 526 4287 sertttemtr'
542 4238 607 4304 ast,
626 4233 665 4286 ue
680 4245 745 4301 quo
759 4243 847 4284 nuno
863 4229 1008 4303 opimas,
1033 4245 1116 4303 quae
1131 4245 1193 4286 noa
1208 4231 1493 4309 adsentiendum,
1510 4228 1645 4291 atad

369 4340 603 4396 commorientes
618 4343 736 4412 orente,
755 4337 824 4392 siae
839 4344 1074 4412 repuqnautea,
1093 4338 1238 4412 appetitu
1255 4340 1404 4399 carnalia
1420 4338 1643 4416 uoluptaae·

369 4447 413 4505 tia
428 4446 572 4521 impellit.
597 4443 702 4504 Haeo
718 4451 775 4502 eat
791 4445 1000 4503 contrariu
1024 4447 1265 4523 sapientiae,
1292 4445 1390 4507 leaeo
1407 4449 1553 4509 uirtuti
1584 4458 1641 4481 Α

369 4557 440 4615 boa
471 4552 642 4614 inintt'cu.
659 4549 861 4610 -Haoost
878 4554 1039 4612 voluisses
1056 4555 1550 4619 vetvatutaseaaseatteaatot
1591 4567 1637 4590 ⁴·

372 4706 635 4721 m

476 4791 502 4866 ¹)
522 4788 652 4852 1.J0on.
667 4785 697 4859 2.
718 4785 855 4868 16.-²)
871 4790 921 4848 De
936 4795 1047 4866 peccat.
1064 4809 1136 4852 mer.
1153 4797 1181 4851 et
1193 4791 1317 4860 remiss.
1334 4793 1541 4859 tremeat
1553 4778 1627 4843 d

369 4877 449 4963 Opp.
467 4882 506 4947 Τ.
527 4876 579 4944 10.
596 4900 621 4942 c.
638 4877 679 4941 31
699 4898 724 4941 s.
742 4876 788 4942 Of.
805 4897 830 4940 o.
846 4881 888 4939 38
902 4898 932 4941 rt.
951 4879 1000 4940 68.
1018 4900 1044 4942 c.
1062 4877 1115 4945 39.
