3775 5625
332 405 403 484 too

319 607 497 667 'rationem
514 601 551 679 ¹).
598 594 699 685 Atque
723 595 990 691 Ambrosius
1007 599 1083 663 Valt
1105 599 1196 663 Data
1219 603 1411 674 aoaaettlri,
1437 612 1474 665 at
1494 607 1520 665 si

337 720 411 793 quis
429 716 600 792 proposita
623 721 751 772 secatus
774 703 950 771 carinatas
970 714 1116 787 praemia
1139 714 1217 771 deae
1240 717 1429 793 certaverit,
1452 700 1521 787 fiac·

338 835 423 887 atam
446 817 715 884 renunciationis
736 829 915 899 exspectet,
942 822 1022 897 qaia
1037 824 1134 881 etiam
1149 824 1290 898 ecciaat
1305 817 1346 899 ²).
1377 818 1415 883 ln
1440 832 1522 885 ntro·

337 927 400 1019 que
422 932 485 994 hoc
504 926 689 993 testimonio
711 918 745 984 τὸ
766 933 898 1005 estpars
920 946 978 990 seu
1001 947 1169 1006 reposcere
1184 947 1249 990 non
1266 928 1410 994 obscure
1427 928 1522 1017 signi·

336 1036 428 1115 ficut,
452 1037 612 1103 hominnm
624 1038 787 1122 justorum
803 1034 916 1099 merita
932 1055 1007 1100 esse
1024 1035 1199 1123 condigna,
1223 1047 1317 1122 atque
1337 1037 1452 1103 'deberi
1467 1039 1524 1105 dlis

340 1146 518 1234 exjustitia
533 1145 688 1232 praemia;
713 1165 793 1231 qnae
813 1144 897 1209 enim
914 1145 1018 1230 aliquo
1029 1147 1103 1229 jure
1120 1165 1185 1209 non
1201 1146 1372 1223 debentur,
1398 1151 1524 1234 proprie

336 1253 428 1345 exigi
452 1277 516 1321 non
539 1267 685 1341 possunt.
731 1258 833 1339 Atque
855 1254 1106 1342 Augustinus
1136 1251 1192 1319 ait:
1217 1255 1295 1319 Noa
1320 1264 1407 1320 caim
1432 1263 1524 1340 inja-

341 1380 425 1432 stas
440 1369 537 1439 Deae,
561 1370 736 1445 qaijustos
748 1368 915 1439 fraudet
936 1373 1108 1427 mercede
1122 1370 1275 1445 justitiae
1292 1369 1330 1444 ⁸).
1378 1367 1523 1431 Necnon

339 1477 445 1561 ipsum
462 1474 573 1540 Cone.
599 1473 868 1536 Tridentinum
893 1485 944 1537 sat
965 1474 1050 1537 clane
1072 1471 1250 1559 significat,
1274 1495 1348 1538 cnm
1366 1473 1475 1540 definit
1491 1482 1525 1559 ⁴),

332 1584 444 1666 justas
462 1605 522 1664 per
542 1587 658 1646 merita
678 1603 739 1644 saa
768 1603 812 1644 ea·
837 1587 948 1661 aratia
971 1583 1034 1643 Dei
1055 1586 1148 1657 facta
1171 1604 1265 1645 aera
1287 1590 1411 1646 aserere·
1434 1591 1526 1648 vitan

343 1707 519 1775 aeternam,
534 1696 665 1772 qratiac
680 1703 776 1769 ataac
788 1696 916 1770 alariae
932 1702 1147 1770 allamannia,
1164 1711 1226 1775 quo
1239 1703 1349 1775 aperte
1362 1690 1526 1767 indicatur,

342 1800 481 1867 hominis
503 1799 584 1886 justi
610 1798 757 1863 meritum
785 1820 859 1864 esse
889 1800 976 1885 plns,
1000 1820 1094 1885 quam
1115 1820 1311 1887 congruum,
1335 1821 1375 1865 ac
1397 1801 1527 1885 proinde

342 1911 491 1976 mercede
508 1908 710 1995 condignum.
734 1907 856 1972 Deinde
872 1930 968 1993 quum
984 1907 1088 1995 gnatia
1104 1907 1321 1984 sanctificans,
1339 1923 1452 1995 utpote
1468 1911 1526 1974 for·

344 2020 436 2085 malis
452 2017 651 2104 participatio
667 2031 799 2083 naturae
816 2017 949 2093 divinae,
965 2019 1078 2083 reddat
1092 2017 1252 2083 hominem
1264 2020 1390 2104 justum
1404 2019 1528 2108 dignuin

343 2126 409 2193 viti
425 2125 569 2193 aeterni:
594 2127 688 2192 etiam
705 2147 813 2211 opera,
838 2148 918 2213 quae
935 2140 1027 2192 suam·
1043 2126 1231 2215 dignitatem
1248 2129 1286 2192 ah
1303 2128 1355 2194 illa
1372 2128 1531 2214 accipiunt

345 2238 459 2327 gratia,
483 2238 617 2301 evadere
643 2238 757 2301 dehent
777 2236 808 2300 vi
826 2238 969 2321 ejusdem
992 2236 1115 2324 gratiae
1140 2235 1254 2301 merita
1277 2237 1376 2325 digna
1400 2238 1529 2303 beatitu-

347 2348 418 2412 dine
434 2359 572 2411 aeterna.
589 2351 690 2432 Atque
703 2346 830 2411 nonnisi
839 2347 893 2412 tali
906 2345 1031 2410 ratione
1044 2367 1144 2432 opera
1154 2346 1239 2410 bona
1249 2345 1281 2410 in
1293 2359 1379 2411 statu
1391 2347 1530 2433 justitiae

347 2458 385 2521 ab
404 2456 554 2541 operibus
570 2456 664 2520 bonis
687 2468 760 2520 ante
778 2455 1041 2541 justificationem
1067 2454 1224 2530 differunt,
1249 2456 1368 2552 quibus·
1389 2456 1532 2521 meritum

348 2565 473 2651 aliquod
498 2565 719 2649 imperfectum
742 2586 801 2629 seu
824 2585 1004 2652 congruum
1026 2563 1199 2649 abjudicari
1224 2586 1430 2650 scuposas,
1455 2566 1533 2650 opud

349 2694 460 2738 omnes
474 2672 507 2736 in
526 2672 677 2737 confesso
695 2685 754 2748 est,
772 2687 804 2737 et
820 2673 948 2737 anobis
965 2672 1037 2737 alibi
1054 2685 1229 2738 ostensum.
1262 2673 1416 2753 Quamvis
1432 2686 1534 2738 autem

349 2782 509 2871 condigna
525 2781 588 2846 sint
603 2783 688 2847 hona
699 2784 860 2867 justorum
878 2804 978 2869 opera
994 2784 1143 2849 mercede
1160 2796 1305 2850 aeterna:
1323 2804 1420 2870 quam
1431 2796 1534 2848 tamen

350 2893 397 2958 eis
415 2893 503 2958 Deus
524 2892 678 2980 assignat,
703 2914 801 2977 supra
823 2893 1019 2981 condignum
1041 2915 1082 2958 ex
1105 2914 1193 2957 onera
1216 2891 1405 2957 liberalitate
1422 2891 1472 2956 eis
1488 2913 1532 2956 as·

350 3003 471 3090 signat,
490 3004 584 3086 juxta
608 3002 682 3066 illud
706 3002 943 3067 Salvatoris:
973 3007 1077 3085 Data,
1103 3016 1134 3067 at
1156 3009 1286 3066 dabitat·
1308 3008 1422 3066 aola's:
1446 3023 1535 3065 maa·

350 3118 604 3193 carantanam,
629 3123 661 3174 et
675 3115 868 3193 confertam,
894 3124 927 3175 et
941 3119 1147 3193 coaaitatam,
1171 3124 1205 3174 et
1225 3115 1535 3192 supereffluen-

352 3235 424 3285 tem
443 3227 566 3282 dadaat
584 3226 741 3282 insinuat
756 3234 899 3285 cestram
916 3225 954 3300 ⁵).
985 3222 1028 3284 Et
1048 3221 1123 3285 illud
1144 3219 1343 3304 Apostoli:
1369 3224 1535 3285 Emistiaso

352 3335 449 3412 enim,
474 3337 561 3408 qaod
578 3351 655 3392 aaa
679 3342 769 3393 sant
793 3336 1008 3407 cotidianae
1021 3335 1191 3409 passiones
1206 3334 1305 3410 liujus
1320 3335 1478 3408 canapario
1493 3338 1535 3392 ad

350 3444 531 3514 futuram
551 3445 740 3518 gloriam,
764 3462 848 3518 qaae
871 3445 1068 3502 revelabitur
1091 3445 1126 3500 ia
1149 3445 1242 3502 aedis
1259 3443 1298 3518 ⁶).

460 3547 550 3626 Quod
567 3560 672 3611 autem
688 3568 786 3631 porro
803 3549 842 3612 ad
858 3547 1079 3632 quaestionem
1099 3546 1184 3611 illam
1204 3546 1329 3621 attinet,
1355 3568 1432 3610 num
1455 3548 1534 3612 bona

354 3677 453 3742 opera
462 3658 625 3740 justorum
640 3656 803 3721 meritoria
818 3657 882 3721 sint
897 3656 1022 3721 ratione
1039 3655 1134 3741 pacti,
1158 3677 1198 3720 an
1214 3655 1339 3720 ratione
1356 3656 1478 3740 operis,
1498 3678 1533 3720 an

321 3764 323 3769 ’
353 3787 431 3830 vero
456 3763 580 3828 ratione
603 3765 766 3851 utriusque
792 3765 899 3830 simul:
930 3777 1004 3830 sunt
1028 3764 1187 3852 Theologi
1210 3763 1366 3829 Cadtolici
1394 3764 1463 3840 alii,
1490 3764 1536 3851 qni

355 3876 533 3949 defendant,
550 3894 650 3957 opera
665 3874 748 3936 bona
758 3876 919 3958 justorum
929 3894 1003 3938 esse
1016 3873 1178 3937 meritoria
1189 3875 1227 3938 de
1242 3872 1404 3961 condigno
1416 3874 1536 3939 ratione

466 4186 492 4264 ¹)
509 4189 597 4248 Hom.
614 4186 648 4244 ia
663 4186 747 4246 divit.
763 4207 794 4248 a.
810 4189 839 4246 8.
865 4185 943 4266 Opp.
966 4187 1004 4247 Τ.
1022 4183 1051 4247 2.
1068 4207 1099 4264 p.
1116 4183 1168 4247 60.
1202 4220 1245 4229 -
1281 4181 1305 4265 ²)
1329 4187 1372 4242 Ia
1393 4187 1451 4246 Pe.
1474 4189 1538 4246 118.

357 4296 444 4337 serm.
463 4281 490 4335 7.
507 4298 538 4336 a.
554 4280 585 4336 3.
603 4275 682 4356 Opp.
699 4278 737 4336 Τ.
757 4276 784 4338 l.
802 4299 827 4337 c.
847 4274 943 4338 1044.
976 4312 1019 4321 -
1051 4273 1078 4360 3)
1095 4280 1145 4336 Dc
1160 4283 1222 4336 aad.
1240 4283 1266 4334 el
1279 4284 1360 4351 prat.
1377 4296 1402 4336 c.
1420 4281 1450 4337 2.
1468 4298 1496 4337 a.
1514 4280 1539 4334 2.

358 4367 436 4447 Opp.
455 4367 492 4429 Τ.
505 4365 556 4428 10.
569 4389 593 4428 o.
614 4365 676 4428 128
693 4376 723 4428 et
739 4368 777 4427 al.
796 4404 836 4413 —
856 4366 979 4442 ⁴)Scss.
998 4371 1025 4427 6.
1043 4388 1109 4427 cao.
1127 4370 1177 4428 32.
1194 4365 1239 4427 Oi.
1258 4387 1282 4425 o.
1300 4368 1350 4426 16.
1370 4402 1408 4412 -
1433 4367 1538 4443 ⁶)Luc.

358 4455 388 4529 6,
406 4455 459 4518 38.
475 4492 519 4501 —-
537 4454 562 4540 ὃ)
578 4459 664 4517 Rom.
683 4456 712 4531 8,
732 4456 781 4520 18.
799 4458 843 4518 Of.
860 4459 974 4520 Basil.
997 4461 1037 4518 Ia
1051 4461 1106 4520 Ps.
1123 4462 1193 4519 114.
1210 4479 1240 4518 a.
1257 4459 1286 4520 5.
1309 4455 1391 4538 Opp.
1408 4459 1448 4518 Τ.
1469 4455 1496 4518 l.
1512 4479 1538 4536 p.

358 4545 433 4611 202.
465 4548 709 4626 Fulgentdd
724 4549 846 4609 Manita.
865 4551 1037 4611 t.1.a.10.
1066 4545 1239 4628 Opp.p.9.
1272 4548 1538 4627 BajiPaop.iil.

362 4639 462 4718 Opera
474 4643 629 4718 jastaaam
649 4659 710 4699 aaa
729 4641 878 4718 accipient
898 4640 932 4699 ia
947 4640 997 4700 die
1003 4639 1121 4718 judicii
1136 4639 1260 4699 extremi
1276 4640 1458 4723 ampliorem
1471 4659 1539 4703 aaa·

361 4735 466 4809 aedem,
483 4751 572 4813 qaam
579 4734 667 4816 pasto
682 4732 745 4795 Dei
752 4731 874 4813 jndicio
889 4737 1058 4796 mercantur
1073 4731 1217 4820 accipere.
