3775 5625
1422 435 1483 500 141

241 608 444 685 inhaesit,
464 610 504 673 ab
521 608 569 674 eis
586 605 715 681 debitis,
737 626 871 692 quorum
894 625 952 691 per
968 616 1081 668 nostra
1096 614 1229 688 peccata
1245 602 1360 666 foenus
1377 621 1486 666 accre-

243 726 329 791 vit
353 724 389 800 ¹).
417 722 522 784 Porro
548 715 813 782 Tertullianus
839 714 949 787 tradit,
974 725 1073 778 tenen
1093 734 1198 792 penne
1228 714 1417 792 humanum,
1450 718 1488 772 de

247 839 384 899 Adae
404 835 523 893 umine
543 832 713 909 infectum,
746 831 965 890 damnationis
987 832 1152 887 traducem
1166 844 1236 885 cese
1249 824 1432 900 sactone'),
1456 831 1488 883 et

251 943 369 1007 ideo
384 938 520 1003 animam
538 923 666 1002 omnem
682 935 713 1000 in
730 936 831 1001 Adam
850 932 988 1007 censeri,
1005 933 1109 996 dcrrcc
1124 942 1332 996 recenseatur
1347 929 1379 993 in
1397 927 1486 994 Chri·

258 1063 364 1122 sto,
384 1046 577 1113 immundam
594 1067 634 1112 ac
649 1044 861 1131 peccatricem
884 1065 925 1109 ex
947 1042 1054 1107 carnis
1076 1040 1246 1115 socictate,
1263 1052 1356 1125 atque
1373 1060 1486 1124 pecca·

261 1174 361 1225 tum
380 1178 422 1222 cx
445 1157 524 1222 vitio
542 1155 678 1244 originis
700 1156 890 1221 antecedere
923 1175 1018 1217 onrrre
1049 1163 1215 1237 peccatum
1248 1149 1434 1235 personale,
1456 1159 1488 1212 ct

268 1288 368 1334 esse
383 1268 617 1353 quodammodo
640 1265 829 1342 natrrraie2).
855 1262 1086 1348 Cyprianus,
1109 1282 1173 1324 non
1195 1281 1255 1324 suo
1278 1270 1412 1332 tantum,
1429 1258 1487 1322 sed

271 1375 393 1442 totius
416 1373 747 1464 carthaginensis
771 1371 936 1439 Concitii
968 1370 1111 1444 nomine,
1143 1370 1227 1456 quod
1252 1368 1295 1432 66
1315 1365 1487 1453 Episcopis

277 1487 476 1560 constabat,
500 1507 542 1550 ex
557 1497 625 1550 tota
646 1484 746 1550 ferme
770 1482 879 1547 Africa
903 1480 1106 1555 commeatis,
1139 1478 1329 1545 seutentiam
1360 1477 1486 1542 iliorum

281 1594 407 1680 rejicit,
424 1595 477 1681 qui
494 1595 740 1668 contendebant,
756 1591 967 1676 baptizandos
984 1611 1058 1655 esse
1074 1588 1212 1654 infantes
1229 1600 1344 1653 octavo
1361 1588 1486 1652 demum

285 1723 303 1767 a
319 1703 490 1770 nativitate
508 1703 573 1779 die,
597 1715 694 1790 prout
714 1702 745 1767 in
762 1702 864 1768 veteri
880 1703 969 1790 Lege
992 1672 1177 1767 circumcidi
1193 1700 1354 1774 solebant,
1372 1711 1405 1763 et
1421 1710 1485 1763 sta·

289 1811 366 1889 uie,
381 1813 466 1879 illico
483 1826 559 1899 post
574 1811 768 1878 nativitatem
786 1813 918 1877 eosdem
934 1811 1097 1897 baptismo
1115 1811 1153 1875 ad
1170 1809 1396 1875 remissionem
1412 1829 1486 1894 pec·

294 1921 354 1985 aeri
377 1944 441 1987 non
465 1922 597 2009 propria
620 1923 799 1995 voluntate,
823 1923 881 1985 sed
896 1933 1031 2005 propter
1048 1920 1208 1984 caritatem
1226 1939 1268 1983 ex
1283 1919 1405 1983 Adanro
1424 1917 1486 1982 ori·

290 2025 401 2113 §uem
418 2031 591 2105 contracti,
615 2051 689 2096 esse
706 2029 889 2118 tingendos.
914 2034 1043 2093 Etenim
1059 2052 1079 2093 a
1094 2032 1278 2111 Baptistae,
1303 2027 1417 2114 inquit,
1434 2040 1488 2092 nt·

289 2155 355 2212 nte
377 2148 490 2221 pratia
513 2163 605 2205 nemo
627 2143 836 2223 prohibeto&
862 2152 983 2220 quanto
1005 2145 1110 2220 menie
1132 2142 1301 2219 prohiberi
1316 2160 1383 2201 nnn
1398 2144 1490 2202 dedet

287 2246 419 2333 infans,
445 2257 503 2331 pai
528 2272 640 2314 recena
662 2262 760 2314 natue
781 2254 869 2314 ninii
889 2255 1048 2333 peccauit,
1072 2255 1139 2312 nisi
1165 2256 1252 2329 quod
1281 2255 1489 2311 secundum

286 2354 412 2423 Adane
443 2367 669 2424 carnaliter
699 2375 835 2444 natue,
869 2367 1093 2440 cantapium
1124 2366 1267 2425 mortis
1297 2366 1489 2441 antiquae

282 2470 584 2534 erimanertenare
606 2478 840 2552 contraxit,
866 2478 923 2551 pai
943 2480 992 2535 ad
1016 2477 1218 2534 remissam
1237 2479 1489 2550 peccatorum

284 2585 561 2660 accipiendam
591 2585 654 2644 doc
679 2588 749 2662 ipso
769 2586 911 2657 facilins
936 2587 1071 2661 accedit,
1101 2587 1188 2660 quod
1209 2583 1260 2643 iiii
1280 2585 1489 2643 remittuntur

283 2694 372 2749 ”on
387 2694 575 2770 propria,
599 2697 657 2753 aed
678 2696 812 2754 aliene
830 2702 1011 2771 peecata,
1039 2689 1102 2754 ie.
1121 2709 1186 2753 non
1207 2687 1338 2774 propria
1358 2700 1486 2773 sponte·

282 2795 533 2827 Ν...-

402 2873 429 2944 ’1
447 2872 554 2934 Affinis
571 2884 619 2934 est
642 2874 727 2936 locus
750 2878 841 2937 Hom.
858 2876 893 2935 in
909 2875 941 2938 S.
958 2878 1071 2936 Pascit.
1087 2896 1118 2935 n.
1134 2879 1164 2936 4.
1181 2875 1219 2936 Τ.
1241 2871 1271 2937 3.
1288 2896 1319 2955 p.
1339 2871 1413 2937 754.
1432 2875 1490 2934 Ille

285 2943 463 3049 (Christus)
480 2965 631 3038 surremit,
647 2967 756 3027 mortis
771 2967 903 3027 vineatis
920 2966 1088 3043 dissaeptio:
1113 2986 1178 3026 nos
1201 2973 1299 3026 numm
1321 2964 1489 3040 suscitavit,

280 3056 527 3116 vaccaeorum
542 3064 757 3119 nostrorum
780 3058 921 3119 catenis
944 3057 1091 3123 solutis.
1122 3057 1301 3119 Peccavit
1315 3059 1441 3130 Adam,
1458 3065 1492 3116 et

284 3147 430 3206 mornas
447 3153 499 3207 est.
519 3147 661 3209 Oeneae
676 3169 737 3208 non
748 3150 893 3225 peccavit,
911 3156 940 3209 et
953 3157 1091 3209 mortuus
1107 3157 1159 3210 est.
1178 3184 1219 3195 -
1238 3151 1397 3209 Adamas
1412 3153 1493 3207 erat

287 3223 443 3297 debitor
465 3245 499 3297 et
518 3240 630 3298 morti
645 3241 838 3314 obnoxius,
855 3246 888 3300 et
910 3241 1147 3301 detinebatur
1169 3261 1189 3299 a
1213 3239 1381 3300 diabolo:
1401 3238 1490 3301 Obri-

287 3322 358 3383 ’Μ
381 3349 436 3388 nec
459 3330 593 3403 debebat,
616 3351 669 3391 nec
693 3332 895 3392 mandatur:
918 3331 1001 3391 uenit
1015 3339 1114 3392 tamen
1129 3339 1156 3391 et
1172 3331 1303 3392 debitum
1317 3330 1425 3390 mertia
1441 3349 1490 3390 en·

284 3408 469 3496 eleetrpro
485 3440 539 3492 eo,
556 3422 619 3496 qui
635 3423 882 3496 detinebatur,
898 3430 938 3482 ut
959 3421 1065 3483 iilum
1080 3443 1100 3482 a
1115 3420 1280 3482 uinculis
1302 3422 1434 3482 mortis
1450 3421 1489 3480 ti·

290 3494 453 3572 ier-aret.
471 3511 535 3573 Sub
553 3513 683 3587 Adamo,
706 3515 754 3596 qui
771 3515 925 3594 peccavit,
945 3524 1035 3596 utque
1052 3514 1170 3575 debitor
1187 3522 1265 3584 erat,
1290 3522 1320 3574 et
1336 3513 1422 3573 morti
1438 3512 1490 3573 ob·

291 3601 418 3676 toxius,
443 3611 475 3663 et
500 3602 691 3664 detinebatur
708 3627 726 3665 a
742 3605 878 3678 diabolo,
905 3613 1001 3666 totum
1025 3626 1122 3685 genus
1144 3605 1304 3665 humanum
1320 3604 1490 3684 intelligam·

291 3673 363 3750 ‘lum
382 3713 465 3768 ease,
487 3703 518 3753 et
532 3694 599 3755 ideo
616 3696 705 3756 etiam
722 3696 771 3756 bic
795 3696 905 3777 dogma
927 3706 1063 3757 nostrum
1090 3697 1199 3778 asseri,
1224 3697 1411 3757 manifestum
1434 3705 1490 3757 est.

294 3764 335 3834 ⁰4·
358 3784 558 3863 Angustia.
577 3787 597 3844 l.
614 3806 638 3848 c.
656 3808 687 3849 n.
705 3789 842 3851 24-29.
860 3808 887 3849 c.
901 3784 1016 3849 bilsa.
1030 3787 1110 3866 -⁹)
1122 3790 1173 3849 De
1189 3787 1295 3848 testim.
1312 3787 1404 3849 enim.
1421 3789 1488 3848 u.3.

291 3852 377 3949 ΟΡΡ.
395 3875 434 3936 V.
454 3875 482 3938 1.
500 3897 529 3956 p.
549 3873 623 3939 124.
646 3881 710 3938 Per
730 3899 817 3955 quem
840 3881 1008 3960 (satanam)
1033 3883 1120 3940 bomo
1136 3900 1155 3938 a
1166 3880 1342 3955 primordio
1365 3879 1490 3938 circurn-

290 3965 416 4063 ''mfms
431 3973 466 4025 ut
474 3975 670 4044 praeceptum
692 3970 754 4030 Dei
777 3974 944 4052 excederet,
961 3978 989 4031 et
999 3979 1163 4047 propterea
1186 3971 1220 4030 in
1244 3976 1369 4032 mortem
1391 3972 1491 4041 datus,

288 4055 429 4117 ‘Unde
451 4064 563 4118 totum
582 4080 697 4136 penus
719 4063 760 4120 de
775 4080 840 4121 suo
856 4062 994 4121 semine
1009 4062 1187 4141 infectum
1202 4082 1290 4122 suae
1305 4061 1416 4122 etiarn
1432 4064 1491 4121 do·-

288 4147 505 4209 taurionis
521 4153 712 4212 traducem
722 4152 836 4230 fecit.
852 4188 896 4198 -
913 4156 941 4231 ³)
959 4156 1009 4213 De
1025 4154 1117 4214 onim.
1135 4174 1165 4213 n.
1184 4156 1234 4215 18.
1251 4154 1288 4214 V.
1303 4151 1333 4214 2.
1345 4175 1373 4234 p.
1389 4149 1490 4215 483⁸.

290 4218 425 4300 Omnis
454 4240 581 4301 anima
610 4262 766 4319 eousque
788 4245 826 4302 in
850 4246 968 4304 Adam
991 4252 1175 4318 censetur,
1199 4245 1219 4306 i.
1250 4265 1278 4309 e.
1303 4243 1341 4304 ad
1365 4244 1492 4304 classem

288 4308 406 4391 Mami
422 4334 592 4411 peccatoris
609 4334 768 4395 referenda
789 4334 971 4418 deputatur,
993 4336 1123 4397 dictione
1147 4336 1384 4397 aRcmanorum
1400 4355 1492 4396 censu

288 4418 446 4509 mutuata,
462 4426 554 4484 donec
570 4424 604 4483 in
621 4425 746 4487 Obristo
762 4434 968 4498 recenseatur,
994 4435 1063 4488 tarn
1087 4426 1151 4487 diu
1174 4427 1375 4498 immunda,
1399 4413 1492 4486 donae

289 4507 506 4593 {tesmonium
545 4516 747 4591 peccatrice
785 4523 895 4589 autern,
936 4517 1025 4594 quia
1064 4517 1261 4591 immunde,
1301 4517 1491 4593 recipiens

289 4597 548 4666 ‘tueminiam
579 4627 620 4667 ecc
651 4607 779 4668 carnis
809 4608 999 4671 societate.
1031 4645 1073 4655 —
1094 4611 1207 4670 Maium
1238 4609 1334 4686 ipitur
1364 4609 1491 4682 aniame,

287 4688 419 4781 isocen
433 4700 515 4773 quod
530 4718 567 4758 erc
583 4700 707 4759 obventu
723 4699 853 4774 spiritus
868 4720 997 4776 nequam
1014 4701 1250 4776 superstruitur,
1268 4720 1311 4761 eu
1326 4700 1408 4778 'arip
1414 4699 1471 4760 ini
1476 4702 1494 4760 s

289 4779 396 4869 ”Jtio
418 4789 622 4864 antecedit,
645 4792 822 4851 naturale
846 4794 1119 4868 quodammodo.
1144 4790 1190 4857 cf.
1214 4794 1263 4853 De
1278 4791 1397 4856 Poenit.
1412 4812 1444 4853 n.
1461 4794 1490 4854 2.

291 4850 324 4918 i·
353 4872 387 4937 l.
402 4898 432 4958 p.
452 4875 526 4941 189.
545 4880 624 4942 oete.
634 4882 730 4958 foern.
749 4882 768 4942 i.
786 4886 815 4944 1.
832 4903 863 4945 n.
881 4885 910 4943 1.
926 4904 958 4963 p.
974 4879 1050 4946 232.
