3775 5625
388 436 453 504 120

388 622 468 689 quae
490 613 657 686 peccatum
684 597 821 684 primum
850 596 1021 662 confestim
1048 610 1224 661 consecuta
1246 610 1297 662 est
1320 618 1438 682 poena,
1463 612 1499 663 ut
1515 600 1579 683 jam

387 723 501 775 natura
520 707 646 794 peccati
668 706 835 794 exigebat,
858 705 890 769 in
921 717 1046 770 morte
1071 704 1316 789 plenissima,
1343 719 1375 771 et
1396 706 1522 772 animae
1551 720 1581 773 ct

388 817 547 904 corporis.
563 816 692 881 Etenim

495 927 523 991 1.
541 926 667 1012 quoad
684 924 849 989 animam

492 1060 522 1103 a.
534 1034 968 1118 amiseruntprotoparentes
979 1031 1181 1116 justitiam
1192 1045 1230 1098 et
1246 1032 1497 1098 sanctitatem
1509 1034 1580 1099 ori·

386 1146 568 1235 ginalem,
584 1154 620 1206 ut
632 1141 724 1206 sacile
741 1162 784 1206 ex
799 1141 870 1226 ipsa
885 1140 933 1204 rei
948 1140 1055 1204 indole
1073 1139 1272 1225 concipitur;
1296 1161 1477 1222 nemeaea,
1490 1155 1527 1207 ut
1542 1142 1582 1207 ait

386 1252 617 1338 Apostolus,
646 1256 856 1329 participatio
869 1254 1024 1329 justitiae
1044 1269 1116 1312 cant
1136 1248 1331 1329 tntqattatet
1356 1262 1416 1314 nat
1434 1272 1520 1331 eane
1534 1272 1581 1315 so·

386 1368 490 1425 cietaa
516 1366 582 1422 laici
606 1367 649 1421 ad
668 1358 877 1436 tenebras¹)i
907 1356 990 1420 Hinc
1006 1368 1038 1420 et
1062 1357 1234 1421 ioannes
1258 1359 1403 1423 absolute
1430 1357 1581 1424 affirmat:

390 1471 506 1534 Omnis
521 1475 577 1549 pai
591 1480 689 1531 natas
706 1479 755 1529 est
770 1488 814 1529 ea
834 1467 918 1548 Deo,
931 1478 1096 1545 peccatam
1106 1488 1173 1530 non
1182 1472 1284 1548 facit:
1302 1474 1458 1546 qnoniam
1481 1490 1583 1532 remen

387 1585 492 1657 ipsias
508 1584 543 1640 in
558 1599 595 1640 eo
612 1589 731 1658 manet,
757 1589 789 1639 et
803 1597 869 1638 non
883 1588 992 1655 potest
1004 1580 1182 1656 peccare2).
1208 1576 1329 1654 Quibus
1344 1577 1456 1642 verbis
1477 1589 1583 1662 aperte

387 1688 499 1761 docet,
523 1684 595 1750 fieri
616 1706 680 1748 uon
701 1705 816 1769 posse,
840 1696 874 1747 ut
895 1696 1063 1768 peccatum
1095 1705 1167 1749 curn
1199 1684 1372 1760 charitate,
1396 1705 1457 1750 seu
1484 1698 1583 1752 status

388 1794 513 1883 peccati
530 1816 602 1858 cum
618 1806 703 1859 statu
719 1792 866 1878 justitiae
882 1805 915 1857 ct
930 1792 1088 1857 amicitiae
1105 1792 1230 1858 divinae
1248 1794 1342 1858 simul
1363 1806 1583 1881 componatur.

388 1904 508 1984 Quodsi
525 1916 631 1968 autem
642 1900 799 1987 justitiam
821 1914 854 1965 et
878 1901 1079 1967 sanctitatem
1100 1891 1353 1988 protoparentes
1370 1903 1586 1989 perdiderant

388 2011 595 2100 spiritualiter
614 2011 734 2075 mortui
754 2010 875 2076 effectis
900 2032 940 2074 eo
967 2010 1040 2095 ipso
1064 2032 1189 2098 quoque
1212 2010 1273 2077 sibi
1294 2012 1375 2077 bam
1400 2012 1462 2077 Dei
1495 2025 1589 2100 atque

389 2121 689 2189 condemnationem
726 2120 935 2186 consciscere
974 2121 1160 2185 debuerunt.
1203 2121 1405 2207 Quapropter
1445 2123 1592 2187 Paulus

388 2230 499 2297 uadit:
524 2234 691 2294 Jadiciam
707 2235 834 2309 quidem
849 2250 894 2292 ea
909 2250 993 2310 ano,
1019 2236 1054 2292 in
1070 2238 1449 2295 condemnationem:
1476 2238 1604 2311 praua

387 2352 494 2405 antem
509 2361 553 2402 ea
568 2346 678 2402 mattis
693 2345 822 2402 delictis
837 2341 1191 2419 injustificanonew).
1230 2340 1286 2403 Et:
1304 2340 1403 2404 Sicut
1412 2361 1475 2420 per
1488 2346 1607 2404 anias

387 2451 538 2515 delictam
553 2454 588 2512 in
604 2468 714 2511 omnes
728 2451 875 2511 leontinae
890 2454 927 2510 in
942 2454 1315 2512 condemnationem:
1345 2454 1393 2511 sic
1405 2469 1468 2529 per
1490 2456 1637 2512 anias

379 2565 547 2640 justitiam
563 2564 599 2620 in
615 2578 724 2620 omnes
739 2561 886 2621 domines
901 2559 1213 2636 injustificationem
1229 2561 1358 2637 citae4).
1378 2558 1521 2642 Propter
1538 2558 1646 2622 de·-

387 2667 496 2733 lictum
511 2665 599 2732 Adae
610 2686 773 2731 omuesex
783 2664 891 2731 verbis
907 2664 958 2729 his
975 2667 1241 2730 condemnantur:
1259 2678 1377 2751 quanto
1389 2664 1497 2753 magis
1509 2684 1656 2754 ergo:-

390 2775 615 2843 condemnatio
636 2775 742 2861 ipsum
758 2774 884 2862 peccati
900 2787 1067 2841 auctorem
1088 2774 1214 2863 attigit?
1239 2813 1281 2824 -
1309 2773 1429 2855 Quibus
1447 2794 1657 2864 congru-

391 2885 477 2951 entia
486 2887 605 2950 docent
620 2887 773 2959 Patres,
785 2898 819 2948 ut
836 2884 1002 2970 speciatim
1019 2885 1257 2965 lrcuaeus5),
1275 2883 1585 2964 Tertullianus⁶)
1643 2925 1660 2953 2

391 2995 668 3070 Ambrosius⁷).
701 3032 746 3042 -
762 2997 863 3080 Atque
886 2993 1104 3059 Concilium
1128 2993 1398 3058 Tridentinum
1426 2993 1516 3058 idem
1539 2997 1658 3060 de·-

392 3105 509 3177 clarat,
533 3125 628 3188 quum
650 3101 774 3167 definit:
799 3102 840 3165 Si
861 3109 935 3182 pais
957 3124 1023 3166 non
1046 3106 1234 3184 confitetur,
1261 3109 1403 3182 primam
1429 3107 1657 3170 bominem

391 3216 508 3287 Adam,
531 3234 604 3275 cane
619 3221 803 3275 mandatam
818 3214 883 3274 Dei
897 3217 933 3275 in
946 3219 1102 3292 paradiso
1117 3215 1239 3288 fnisset
1256 3225 1497 3298 transqressas,
1517 3228 1579 3280 sta
1594 3241 1652 3261 ὀ

392 3328 459 3385 tim
475 3328 721 3386 sanctitatem
735 3327 995 3403 etjastitiam,
1014 3327 1050 3385 in
1064 3343 1129 3401 aaa
1145 3326 1481 3399 consummassent,
1500 3331 1579 3388 ami
1593 3348 1648 3367 ό

392 3438 509 3512 sisse,
535 3437 839 3511 incurrissepae
851 3448 912 3509 pet·
929 3436 1244 3511 praevaricationem
1260 3434 1446 3510 dajasmodi
1473 3438 1643 3512 iram,

391 3551 429 3602 et
451 3547 760 3618 indiqnationem
781 3541 855 3602 Dei
875 3551 954 3603 eta:
978 3563 1008 3602 a.
1031 3539 1103 3620 s.⁸).
1127 3577 1172 3587 -
1189 3539 1245 3603 Sic
1265 3560 1347 3626 ergo
1363 3538 1461 3624 primi
1475 3561 1578 3626 paren
1591 3566 1640 3585 α

392 3660 458 3722 tes,
482 3648 535 3732 qui
551 3659 645 3711 autea
659 3660 793 3733 propter
814 3648 1000 3714 charitatem
1018 3648 1164 3714 diffusam
1186 3648 1219 3712 in
1237 3648 1391 3715 cordibus
1407 3648 1478 3714 suis
1500 3654 1639 3714 eraut

500 3931 530 3999 ¹)
546 3921 577 3986 2.
596 3924 667 3985 Cor.
686 3922 716 3997 6,
739 3922 791 3987 14.
815 3961 856 3970 -
875 3926 902 4002 ²)
921 3921 951 3990 1.
973 3925 1066 3988 Joan.
1088 3922 1120 3996 3,
1141 3920 1172 3986 9.
1197 3959 1239 3970 -
1266 3923 1292 4004 ³)
1315 3924 1403 3984 Rom.
1425 3920 1638 3996 5,16.-κ

394 4014 420 4095 ⁴)
436 4014 524 4074 Rom.
542 4011 573 4090 5,
592 4011 643 4077 18.
662 4051 706 4060 —
723 4019 750 4094 ⁵)
767 4017 844 4075 Ado.
862 4019 944 4075 haer.
963 4017 982 4075 t.
1007 4018 1037 4074 3.
1055 4036 1078 4075 c.
1107 4017 1156 4075 23.
1173 4035 1203 4074 n.
1224 4015 1253 4074 5.
1274 4035 1305 4094 p.
1322 4009 1399 4076 221.
1428 4012 1639 4084 Quantam,

393 4104 494 4180 inquit
509 4106 649 4186 (Adam),
674 4125 754 4177 eam,
780 4126 869 4182 qaam
891 4106 984 4166 babai
1005 4127 1024 4164 a
1049 4105 1188 4180 Spiritu,
1213 4103 1434 4164 sanctitatis
1461 4107 1642 4166 stolata

387 4215 447 4272 pen
462 4195 695 4256 inobedientiam
711 4197 812 4258 amisi.
836 4232 878 4242 —
897 4194 921 4277 ⁶)
942 4200 993 4257 De
1009 4196 1137 4272 patient.
1159 4216 1189 4256 n.
1207 4198 1235 4259 5.
1257 4193 1337 4275 Opp.
1353 4195 1393 4257 V.
1419 4193 1449 4257 1.
1467 4216 1497 4275 p.
1516 4193 1585 4259 221
1616 4226 1642 4242 -

393 4289 544 4346 Innocens
560 4294 627 4348 erat
643 4288 788 4366 (Adam),
814 4294 841 4345 et
859 4291 926 4348 Deo
948 4290 984 4346 de
1001 4286 1147 4363 proximo
1167 4287 1329 4347 amicisset
1346 4285 1500 4361 paradisi
1515 4293 1588 4348 colo
1600 4304 1643 4325 ‘

392 4396 468 4449 nns;
485 4384 518 4436 at
531 4378 584 4436 abi
600 4380 691 4438 semei
704 4377 837 4438 succidit
856 4377 1080 4454 impatientiae,
1106 4375 1250 4436 desivit
1269 4379 1347 4438 Deo
1363 4395 1521 4452 sapere,
1546 4381 1642 4438 de‘

393 4466 468 4527 sivit
483 4468 663 4527 eoelestia
679 4467 871 4528 sustinere
881 4488 984 4543 posse.
1003 4503 1045 4513 —
1066 4467 1283 4543 ⁷)Depanad.
1301 4467 1615 4550 c.14.n.70.0p1⁷
1632 4498 1646 4512 ⁴

395 4557 433 4622 Τ.
454 4556 483 4620 1.
501 4579 526 4616 c.
547 4556 621 4623 177.
638 4560 759 4629 „Adam
773 4558 826 4617 aot
842 4561 916 4618 θεῖ’*
933 4559 969 4618 id
985 4566 1039 4618 est:
1057 4593 1099 4602 -
1118 4562 1160 4618 de
1177 4557 1448 4634 pastinationis,
1466 4560 1508 4617 de
1525 4561 1648 4635 qna

392 4647 640 4723 beatitudine,
664 4653 706 4709 de
738 4670 809 4725 qna
828 4649 969 4725 pratia,
994 4649 1033 4707 in
1053 4669 1160 4723 qnam
1175 4648 1364 4709 miseriam
1389 4648 1573 4710 recidisti
1601 4631 1648 4696 2

394 4734 486 4799 cons.
508 4737 689 4818 biennes,
712 4740 799 4819 &stt
828 4740 877 4802 bet
897 4739 972 4819 tati).
998 4739 1101 4817 [petat.
1123 4728 1290 4820 &bertegis
1319 4738 1471 4821 neganti.
1493 4725 1648 4803 1841·

393 4823 424 4891 2.
442 4825 485 4895 ἕὸ.
504 4826 532 4896 1.
549 4829 587 4894 tt.
603 4851 634 4916 p.
652 4826 727 4895 384.
744 4865 788 4878 -
807 4828 831 4910 ⁸)
848 4829 931 4891 Saso.
949 4831 977 4891 5.
995 4832 1089 4899 Decr,
1106 4833 1142 4889 de
1152 4849 1235 4910 pecc.
1252 4828 1329 4910 otia.
1347 4833 1375 4898 1.
