3775 5625
401 386 466 453 106

398 554 648 632 sostomus),
699 554 821 616 Auctor
873 556 1178 632 recoquitionuw),
1233 554 1340 618 ioan.
1392 554 1600 622 Damasco·
1638 540 1641 554 ι

398 666 514 740 nus³)‚
531 660 812 740 Ambrosius¹),
828 658 1137 745 Hieronymusi),
1154 661 1406 742 Bernardus¹)
1423 675 1497 730 etc..

503 770 534 836 4.
553 772 697 836 Tandem
713 769 746 835 in
763 768 958 855 sapientia
975 781 1087 855 atque
1104 770 1317 837 sanctitate
1341 793 1412 858 per
1428 772 1600 842 liberam

397 901 482 947 cum
499 880 630 968 gratia
646 879 776 944 diviua
798 878 1132 964 cooperationem
1148 880 1376 966 acquisita,
1401 903 1464 948 nec
1486 882 1600 950 nonin

397 1003 511 1056 aucta
526 1012 598 1076 per
614 990 785 1055 studium
801 990 923 1053 hocce
939 989 1199 1073 perfectione
1215 1003 1341 1078 atque
1359 993 1513 1057 futura
1532 991 1597 1057 ali·

397 1102 563 1187 quando
610 1097 689 1164 Dei
724 1096 910 1163 intuitiva
949 1096 1133 1173 visione,
1173 1120 1235 1185 qua
1270 1100 1445 1166 similitudo
1485 1113 1599 1170 nostra

396 1232 471 1276 cum
502 1211 572 1274 Deo
610 1219 862 1274 consummatur.
902 1207 1032 1271 Hanece
1071 1206 1310 1274 similitudinem
1339 1222 1450 1296 aperte
1483 1209 1595 1278 intelli·

395 1331 477 1408 gunt
503 1318 685 1384 Christus
707 1315 895 1381 Dominus
916 1328 1010 1401 atque
1035 1316 1228 1402 Apostoli,
1260 1339 1356 1405 quum
1377 1339 1439 1384 nos
1457 1320 1500 1386 ad
1525 1340 1595 1406 per·

394 1428 567 1494 lectionem
598 1447 708 1492 veram
733 1426 918 1491 sectandam
934 1422 1091 1499 excitant,
1114 1438 1161 1491 ut
1180 1432 1301 1491 simus
1323 1431 1416 1503 fitia·
1440 1430 1594 1513 Patria,

394 1543 460 1618 qui
476 1542 517 1601 io
532 1542 654 1601 coelis
669 1538 772 1615 cst'),
788 1547 833 1610 ut,
844 1540 1594 1622 sicutportcoimusimopinemprimimais,

394 1650 959 1729 terrenifflortemusctimopiocm
974 1649 1140 1707 secundi
1155 1647 1340 1727 dominis,
1358 1645 1595 1728 coelestis),

394 1769 488 1843 atque
515 1778 610 1842 quum
625 1754 793 1841 speciatim
805 1756 824 1820 J
830 1775 977 1820 oannes
994 1753 1055 1819 ait:
1072 1753 1217 1837 Scimus,
1234 1762 1388 1835 quoniam
1409 1776 1485 1821 cum
1497 1777 1595 1837 appa·

394 1872 503 1931 ruerit
517 1864 605 1952 (quid
618 1864 764 1945 orimum),
781 1868 930 1927 similes
945 1869 981 1926 ci
996 1869 1160 1939 erictus,
1177 1869 1360 1945 quoniam
1376 1870 1597 1933 videbimus

391 1997 475 2039 cum
499 1974 643 2055 (Deum),
667 1975 786 2037 sicuti
808 1974 912 2052 αι’).
937 1974 973 2036 ln
991 1972 1186 2059 plenitudine
1203 1973 1388 2040 facultatum
1404 1973 1598 2042 neutralium

393 2096 488 2171 atque
504 2082 791 2167 supernaturalium
807 2084 968 2148 collocant
983 2082 1158 2171 imaginem
1169 2083 1309 2162 divinam
1324 2104 1369 2149 ex
1377 2082 1596 2154 samnites

392 2195 641 2270 lrenaeus¹⁰),
675 2193 851 2258 Clemens
872 2192 1040 2272 Alexfl),
1063 2191 1318 2279 Origenes¹’),
1356 2191 1596 2276 Basilius¹⁸),

393 2302 613 2390 Gregorius
630 2302 795 2388 Nyss¹¹),
810 2301 1092 2381 Methodius¹⁵),
1118 2302 1291 2388 Cyrillus
1308 2302 1478 2385 Alex.¹‘)
1506 2305 1594 2370 Ter·

390 2411 576 2478 tullianus
590 2414 643 2492 ¹¹),
667 2410 964 2491 Ambrosius¹⁸),
980 2410 1223 2499 Augustinus
1239 2412 1290 2492 ¹⁹),
1310 2413 1453 2479 Petrus
1479 2412 1605 2502 Chry·

390 2525 608 2610 sologus¹⁰)
630 2535 663 2587 et
678 2523 698 2587 J
705 2542 786 2587 oan.
803 2522 1129 2601 Damascenus²¹).

494 2634 606 2720 Imago
623 2630 843 2716 divinaitaque
859 2643 969 2718 potest
984 2631 1035 2697 vel
1050 2643 1211 2717 tamquam
1227 2630 1430 2707 naturalis,
1447 2633 1500 2700 vel
1513 2646 1611 2701 lam-

390 2763 484 2831 ‹pram
500 2741 833 2829 supernaturalis,
850 2753 883 2806 et
897 2742 979 2806 haec
988 2740 1104 2805 iterum
1112 2741 1162 2806 vel
1179 2742 1356 2807 secuudum
1371 2741 1528 2820 habitum,
1543 2744 1632 2809 vel.

390 2855 566 2931 securrdum
582 2865 688 2918 actum
704 2851 918 2927 considerari,
945 2872 1026 2938 quac
1042 2864 1176 2938 utraque
1192 2851 1322 2917 nonnisi
1337 2853 1498 2938 perfectio
1515 2853 1623 2919 ima-

345 2966 353 2981 *
389 2963 474 3051 ginis
501 2961 604 3047 primo
629 2963 727 3026 modo
749 2959 973 3026 consideratae
989 2973 1050 3026 est.
1074 2961 1157 3026 Nam
1182 2962 1451 3047 quemadmodum
1480 2962 1629 3052 imagi»

388 3071 529 3157 depicta,
553 3070 583 3135 si
604 3071 707 3134 solum
724 3069 817 3135 lineis
838 3068 882 3136 sit
906 3070 1108 3145 adumbrata,
1131 3091 1210 3135 vera
1224 3068 1288 3135 erit
1301 3069 1430 3158 imago,
1454 3073 1516 3138 sed
1538 3094 1619 3138 ru-

494 3327 520 3409 ¹)
536 3329 627 3391 Hom.
645 3331 673 3390 9.
691 3328 725 3388 in
742 3327 850 3390 Genes.
866 3349 896 3390 n.
913 3331 943 3390 3.
962 3327 1041 3409 Opp.
1059 3329 1097 3388 T.
1114 3327 1145 3390 4.
1164 3350 1194 3408 p.
1212 3325 1265 3392 67.
1283 3364 1327 3374 -
1348 3333 1374 3410 ¹)
1399 3330 1437 3391 L.
1460 3331 1491 3392 4.
1516 3349 1542 3393 c.
1563 3331 1623 3390 9-

387 3421 423 3480 In
441 3419 613 3486 estland.
633 3423 673 3482 B.
695 3423 764 3482 PP.
787 3421 826 3481 T.
847 3417 879 3481 2.
901 3440 931 3499 p.
954 3416 1030 3481 267.
1057 3455 1098 3465 -
1117 3419 1144 3500 ¹)
1163 3422 1214 3480 Dc
1235 3420 1310 3483 oles.
1325 3419 1384 3496 fid.
1401 3421 1421 3481 l.
1443 3423 1474 3483 3.
1497 3441 1524 3484 c.
1542 3424 1626 3482 14,

387 3509 468 3591 Opp.
485 3512 523 3573 T.
543 3509 573 3574 1.
589 3533 618 3590 p.
635 3507 712 3572 229.
729 3512 748 3573 l.
766 3515 795 3573 2.
813 3531 837 3572 c.
856 3514 905 3573 12.
921 3532 952 3590 p.
972 3507 1047 3575 177.
1064 3545 1107 3556 —
1124 3509 1151 3591 ¹)
1165 3513 1283 3589 Empos.
1307 3513 1364 3574 Ευ.
1391 3530 1452 3574 sac.
1471 3513 1552 3576 que,
1572 3513 1629 3572 l,

386 3605 416 3664 3.
433 3623 464 3666 n.
479 3603 530 3663 49.
549 3600 629 3682 Opp.
647 3601 685 3662 Τ.
705 3598 734 3666 1.
751 3621 776 3661 c.
797 3598 894 3665 1333.
917 3637 962 3654 ,-
980 3602 1007 3684 ⁶)
1030 3601 1141 3664 Oomm.
1162 3604 1205 3661 cd
1223 3604 1332 3664 Ezech.
1353 3622 1378 3664 c.
1400 3605 1453 3666 28.
1476 3606 1519 3663 11
1551 3622 1634 3665 εε,

388 3689 468 3772 ΟΡΡ.
485 3693 523 3752 T.
540 3688 573 3756 5.
589 3713 615 3758 c,
632 3688 709 3753 331.
727 3727 769 3737 -
789 3691 816 3769 ⁶)
834 3696 876 3752 In
891 3700 1018 3754 uertunt.
1039 3695 1078 3754 B.
1095 3693 1138 3754 Μ.
1160 3694 1192 3754 V.
1209 3711 1297 3754 serm.
1322 3695 1352 3756 1.
1368 3713 1400 3755 m.
1419 3696 1448 3756 7.
1466 3692 1551 3777 Opp.
1567 3715 1639 3755 ο,

386 3779 464 3845 980.
483 3817 524 3828 -
545 3781 693 3862 ')Matth.
710 3778 741 3856 5,
757 3779 811 3845 45.
828 3784 917 3846 Rom.
935 3780 966 3856 8,
991 3780 1042 3846 14.
1064 3783 1157 3844 Joan.
1179 3779 1258 3855 3,1.
1278 3817 1318 3828 —
1339 3780 1367 3861 ⁸)
1386 3779 1416 3850 l.
1440 3783 1515 3846 Gor.
1542 3780 1644 3856 15,

386 3869 442 3939 45.
458 3908 502 3917 -
521 3871 546 3954 ⁹)
564 3871 594 3934 1.
611 3871 705 3934 Joan.
723 3871 753 3947 3,
770 3871 802 3935 2.
819 3909 863 3919 -
881 3878 924 3953 ¹⁰)
942 3876 1018 3937 nco.
1035 3877 1118 3936 fraer.
1136 3875 1154 3935 l.
1172 3875 1202 3937 6.
1219 3894 1244 3936 c.
1262 3876 1290 3935 6.
1307 3894 1338 3936 n.
1354 3876 1383 3936 1.
1400 3895 1434 3954 p.
1451 3871 1532 3940 299.
1550 3898 1641 3921 .ae

389 3959 430 4049 ¹¹)
447 3964 560 4026 Βίτωνι.
579 3966 597 4026 l.
615 3969 644 4026 2.
661 3984 686 4026 c.
705 3967 753 4026 19.
772 3963 854 4044 Opp.
871 3966 909 4028 T.
928 3963 958 4030 1.
975 3987 1006 4045 p.
1023 3961 1100 4028 480.
1118 4000 1162 4010 -
1180 3963 1220 4044 ¹¹)
1237 3967 1288 4025 De
1307 3963 1408 4042 princ.
1426 3967 1448 4028 l.
1464 3969 1496 4028 3.
1520 3987 1546 4030 e.
1563 3970 1583 4028 6
1590 4003 1633 4022 ,

386 4075 417 4118 n.
434 4058 462 4119 1.
480 4053 560 4136 Opp.
578 4056 617 4114 T.
638 4051 666 4115 1.
683 4077 714 4136 p.
734 4052 809 4120 152.
827 4055 932 4118 Oontr.
950 4057 1029 4118 Ocls.
1047 4058 1065 4118 l.
1084 4059 1112 4117 6.
1129 4076 1159 4117 n.
1176 4058 1225 4116 63.
1242 4075 1274 4135 p.
1290 4050 1343 4117 68.
1361 4091 1405 4101 -
1424 4056 1466 4138 ¹¹)
1482 4060 1586 4119 InPs
1604 4092 1643 4110 o

386 4147 437 4208 48.
453 4166 483 4208 o.
500 4148 529 4209 8.
547 4143 627 4226 ΟΡΡ.
641 4147 684 4208 -Τ,
704 4143 732 4208 1.
749 4167 780 4226 p
799 4142 872 4208 132.
890 4182 934 4192 -
953 4148 994 4228 ¹¹)
1018 4148 1104 4209 Orat.
1124 4146 1159 4205 io
1178 4148 1285 4207 cerba:
1315 4144 1485 4209 Faciamus
1513 4152 1637 4211 hocve

387 4234 468 4319 Opp.
487 4238 525 4298 T.
544 4235 573 4299 1.
596 4259 627 4317 p.
653 4233 716 4298 139
733 4257 773 4298 ss.
790 4271 835 4283 -
853 4239 895 4315 ¹⁵)
918 4235 1010 4317 Apud
1042 4237 1146 4298 Phot.
1171 4236 1245 4299 ocu.
1267 4238 1337 4300 257.
1361 4272 1406 4282 —
1436 4236 1479 4318 ¹⁶)
1504 4240 1633 4302 Gont-

386 4328 582 4411 Anlftrcpom.
600 4348 625 4389 c.
642 4332 671 4389 2.
688 4325 769 4407 Opp.
793 4328 831 4388 Τ.
849 4325 879 4389 6.
896 4328 932 4389 Ρ.
950 4325 981 4389 2.
999 4351 1029 4408 p.
1047 4325 1122 4391 368.
1140 4362 1184 4372 -
1204 4325 1242 4410 ¹⁷)
1258 4330 1309 4387 De
1329 4330 1445 4392 extem.
1469 4339 1545 4394 cast.
1560 4348 1631 4389 m·

388 4421 416 4481 t.
434 4416 483 4502 Op
508 4466 515 4480 .
533 4416 571 4480 V.
588 4415 618 4479 2.
634 4439 666 4497 p.
683 4413 759 4480 514.
778 4454 819 4461 —
842 4415 882 4497 ¹⁸)
900 4421 1030 4481 Hemone.
1048 4421 1067 4481 l.
1095 4421 1122 4481 6.
1145 4438 1169 4480 c.
1192 4421 1220 4480 8.
1243 4439 1273 4479 n.
1295 4420 1433 4483 46-47.
1451 4416 1535 4502 Opp.
1552 4416 1626 4482 t?-

388 4506 417 4575 1.
432 4531 463 4595 p.
482 4440 549 4578 730
564 4529 588 4569 s.
606 4510 655 4568 De
671 4511 748 4568 borao
763 4516 850 4570 mort.
868 4529 892 4570 c.
910 4510 938 4571 5.
957 4530 986 4571 n.
1004 4513 1052 4571 17.
1068 4509 1114 4570 lb.
1132 4530 1156 4570 c.
1175 4504 1252 4570 397.
1272 4542 1312 4554 -
1332 4507 1378 4584 1’)
1403 4512 1455 4570 De
1478 4509 1621 4571 venit.

386 4602 406 4662 l.
424 4603 473 4665 tt.
491 4620 516 4665 a.
535 4602 562 4661 7.
579 4619 610 4660 o.
627 4600 646 4656 9
662 4619 704 4660 ss.
723 4599 761 4660 T.
779 4595 809 4662 8.
826 4621 851 4663 c.
869 4595 933 4660 917
952 4621 992 4661 ss.
1013 4602 1061 4659 Dc
1083 4599 1192 4659 divers.
1215 4606 1329 4674 quaest.
1350 4602 1401 4662 83.
1425 4621 1454 4678 q.
1476 4603 1528 4664 51.
1548 4595 1616 4661 'P-

386 4686 417 4752 6.
435 4710 462 4752 c.
482 4686 522 4752 19
541 4709 581 4751 sa.
600 4691 642 4734 ὲ
660 4691 703 4766 ¹⁰)
721 4686 817 4752 Scrm.
836 4693 905 4751 120.
923 4725 965 4734 —
984 4687 1027 4776 ²¹)
1048 4689 1166 4775 Defld,
1189 4692 1264 4757 otflt,
1288 4691 1307 4754 l.
1329 4693 1358 4753 2.
1381 4710 1406 4757 c.
1430 4695 1480 4757 12.
1508 4690 1610 4776 Opp·

387 4778 425 4850 u.
444 4777 472 4851 1.
489 4803 520 4871 p.
541 4775 613 4844 177.
631 4783 650 4845 t.
667 4783 697 4844 3.
715 4800 739 4846 e.
757 4783 805 4845 14.
822 4803 852 4867 p.
870 4777 945 4849 229.
