3775 5625
1400 416 1468 494 ild

385 587 476 664 lllnd,
507 587 587 667 quod
611 589 790 662 obmovent,
814 590 949 671 gratiam
972 590 1177 653 sufficientem
1195 609 1266 652 csse
1282 592 1420 653 inutilem
1437 601 1468 656 rt

277 700 496 777 perniciosam,
513 701 652 779 quoniam
671 703 706 760 ad
724 701 798 761 nihil
814 702 928 762 homini
945 703 1061 779 prosit,
1079 704 1139 762 nisi
1156 713 1189 762 ot
1206 721 1279 763 reus
1302 703 1468 775 efficiatur,

278 819 310 869 et
327 810 401 885 jure
423 812 595 879 damnetur,
612 812 761 871 duntaxat
772 812 802 869 iu
815 814 948 890 gratiam
965 831 1090 888 parvam
1107 813 1261 886 sanserit,
1279 831 1468 891 nequaquam

279 928 383 980 autem
416 919 446 978 in
479 921 614 999 gratiam
636 920 843 979 sufficientem
867 940 905 978 ex
922 931 1022 980 mente
1039 922 1202 981 llcclesiae
1220 922 1400 983 Catholicae
1418 941 1468 983 oa·

278 1029 364 1109 dere,
381 1048 437 1105 per
455 1048 488 1087 se
505 1030 701 1107 intelligitur.
725 1030 846 1086 Etenim
864 1047 902 1087 ex
919 1040 1087 1103 systemate
1107 1032 1266 1089 Catholico
1284 1033 1387 1109 gratia
1404 1033 1468 1090 sui·

277 1139 387 1199 ficiens
404 1140 525 1198 nonnisi
541 1158 578 1196 ex
594 1139 670 1197 vitio
689 1140 855 1197 voluntatis
872 1141 969 1197 libere
986 1142 1150 1198 renitentis
1170 1143 1312 1199 ellectum
1324 1159 1383 1198 non
1401 1160 1468 1199 sor·

277 1250 365 1309 titur.
404 1251 467 1307 Dat
492 1249 571 1307 enirn
593 1249 696 1327 gratia
712 1248 883 1324 expeditam
901 1251 1066 1324 potentiam
1084 1250 1215 1328 agendi,
1234 1259 1265 1307 et
1281 1250 1365 1307 vires
1383 1249 1469 1325 operi

278 1358 417 1435 ponendo
450 1376 556 1437 pares,
587 1358 631 1416 ita
664 1368 695 1415 ut
717 1358 838 1416 minime
865 1359 1043 1416 necessario
1069 1377 1124 1415 suo
1143 1358 1470 1421 ellectudestituatur.

279 1467 477 1543 Quapropter
499 1468 526 1524 si
547 1469 691 1525 effectum
718 1466 900 1535 nonhabet,
928 1477 1044 1525 tantum
1062 1468 1092 1525 in
1110 1467 1232 1525 homine
1251 1467 1340 1543 culpa
1357 1478 1420 1535 est,
1439 1476 1470 1525 et

277 1576 328 1636 hie
346 1595 405 1634 non
422 1586 549 1653 propter
574 1577 728 1636 deiectum
746 1578 887 1655 gratiae,
911 1578 965 1635 sed
983 1587 1109 1653 propter
1126 1578 1278 1636 defectum
1297 1595 1469 1636 consensus

278 1686 505 1745 damnationem
522 1686 664 1745 incurrit.
689 1685 769 1745 Hinc
781 1686 853 1760 jore
871 1687 1087 1745 Alexander
1104 1688 1187 1749 Vlll.
1205 1695 1382 1762 sequentem
1400 1704 1470 1760 pro·

278 1795 462 1870 positionem
496 1795 694 1871 proscripsit:
739 1792 862 1854 Gratia
884 1796 1057 1873 sufficiens
1072 1801 1174 1855 statui
1190 1800 1304 1855 nostro
1322 1814 1387 1853 non
1404 1801 1471 1854 turn

278 1904 391 1974 utilis,
421 1923 519 1982 quam
532 1909 723 1982 perniciosa
739 1910 807 1976 est,·
838 1909 888 1963 sic
903 1910 1069 1964 almerico
1091 1910 1259 1983 possimus
1285 1905 1409 1965 dicere:
1441 1903 1470 1965 A

275 2018 388 2087 pretia
404 2016 584 2091 sufficiente
599 2013 704 2072 libera
721 2031 783 2072 atos
799 2012 947 2075 Domine.

278 2251 306 2332 ξ.
326 2243 422 2316 108.
454 2244 614 2315 Gratia
636 2246 753 2314 lraec
776 2263 871 2315 non
887 2249 1069 2316 tanturn
1086 2246 1299 2332 plrysice,
1323 2247 1472 2316 sedet

280 2354 525 2427 moraliter
558 2354 828 2436 sufficiens,
868 2373 954 2425 seu
994 2373 1328 2443 nonnunquam
1367 2371 1472 2425 curn

606 2466 774 2534 ellectu
793 2465 1051 2547 conjuncta
1068 2468 1151 2534 cst.

391 2667 440 2732 Ad
462 2667 580 2753 dogma
602 2666 801 2731 Catlrolieurn
823 2680 943 2732 tanturn
961 2668 1109 2752 pertinet,
1127 2669 1195 2732 dari
1212 2668 1348 2756 gratiam
1366 2667 1472 2732 cilica-

282 2789 403 2843 cernet
419 2775 575 2864 gratiam,
599 2776 650 2840 cui
670 2797 746 2841 vere
770 2798 808 2842 ac
824 2777 955 2863 proprie
973 2777 1150 2851 resistitur3
1174 2799 1274 2863 porro
1291 2777 1386 2842 etiarn
1404 2798 1471 2842 cer-

281 2900 349 2952 tum
366 2899 425 2970 est,
441 2908 505 2950 non
524 2907 650 2950 omnem
666 2887 802 2973 gratiam
818 2908 892 2951 esse
909 2887 1074 2952 efficacem
1089 2888 1122 2951 in
1139 2889 1253 2951 codem
1265 2888 1376 2960 modo;
1394 2899 1472 2951 atta·

281 3017 368 3070 men,
385 2995 458 3080 quid
474 2995 579 3082 gratia
595 2994 711 3059 efficax
732 2996 861 3080 proprie
878 2995 937 3070 sit,
955 2995 1135 3082 dogmatice
1154 2995 1297 3059 decisum
1313 2995 1395 3059 haud
1413 3007 1474 3069 cst,

282 3118 316 3169 et
331 3106 428 3169 etiarn
452 3125 648 3189 nequaquam
670 3104 850 3179 delinitum,
871 3105 994 3192 gratiae
1013 3117 1134 3179 certae,
1158 3105 1305 3169 nimirum
1321 3105 1376 3178 illi,
1394 3125 1473 3189 quae

282 3215 426 3279 rninores
447 3235 540 3299 quarn
562 3213 621 3277 alia
638 3215 761 3278 conlert
778 3214 879 3289 vires,
897 3235 1025 3299 semper
1042 3213 1166 3288 resisti,
1184 3226 1237 3278 aut
1253 3213 1390 3300 gratiam
1406 3211 1472 3277 offi-

282 3345 395 3390 cacem
413 3345 540 3407 semper
557 3345 631 3388 esse
648 3324 876 3399 necessariam,
894 3337 927 3387 ut
942 3324 1013 3408 quis
1029 3324 1148 3387 bonum
1166 3323 1320 3408 perficiat.

393 3432 542 3512 Quamvis
574 3446 678 3496 autem
699 3433 840 3518 plerique
863 3434 1039 3519 Tlreologi,
1063 3431 1248 3496 Themistac
1273 3444 1305 3495 et
1320 3430 1472 3518 Augusti·

283 3543 370 3609 niani
379 3564 477 3628 aeque
490 3563 528 3606 ac
536 3541 716 3607 Molinistac
734 3555 766 3606 ct
777 3542 1003 3629 Congruistae,
1017 3540 1146 3606 nonnisi
1164 3540 1299 3628 gratiam
1317 3538 1475 3604 sufficien-

284 3666 362 3727 tem,
379 3672 458 3736 quae
469 3652 638 3736 'nurrquam
656 3673 727 3715 eum
743 3650 859 3716 effectu
876 3651 918 3715 sit
935 3654 1120 3737 conjuncta,
1142 3672 1199 3715 seu
1216 3649 1265 3714 cui
1282 3670 1409 3734 semper
1426 3668 1475 3711 re·

283 3761 428 3835 sistatur,
445 3772 640 3847 agnoscant:
658 3759 816 3824 sententia
832 3773 935 3823 tamen
953 3761 1100 3845 opposita
1118 3760 1326 3844 praeferenda
1342 3779 1415 3822 esse
1433 3757 1476 3821 vi-

284 3873 389 3944 detur,
405 3882 437 3932 et
453 3868 647 3932 admittenda
662 3868 768 3956 gratia
784 3868 959 3943 sufficiens,
977 3889 1056 3953 quac
1072 3868 1116 3932 ita
1132 3868 1312 3933 immediate
1330 3865 1479 3941 sufficiat,

284 3980 355 4045 sive
387 3980 426 4042 ad
457 3977 599 4042 faciliora
633 3980 786 4063 quaedam
817 3978 993 4062 implenda,
1025 3977 1093 4041 sive
1116 3980 1155 4042 ad
1171 3976 1403 4061 impetrandum
1420 3995 1478 4058 per

284 4088 466 4154 orationem
481 4087 612 4152 uberius
628 4087 686 4151 [lei
704 4087 865 4162 auxilium,
882 4109 945 4174 quo
963 4087 1142 4152 difficiliora
1158 4088 1357 4171 impleantur,
1375 4094 1408 4146 ut
1424 4081 1477 4146 ali·

285 4199 413 4284 quando
430 4219 524 4261 sunm
540 4217 655 4260 revera
671 4197 827 4260 sortiatur
844 4196 1002 4262 effectum.
1026 4197 1154 4260 Etenim

399 4306 427 4369 1.
445 4307 570 4391 quando
587 4305 780 4371 Deus-loco
798 4307 924 4368 laudato
942 4305 1025 4389 apud
1041 4304 1177 4368 lsaiam
1195 4302 1253 4377 ait,
1276 4323 1311 4366 se
1329 4301 1404 4367 nihil
1421 4324 1478 4387 po·

286 4415 389 4480 tuisse
412 4417 493 4478 ultra
512 4414 623 4479 vincae
640 4436 718 4478 suae
734 4415 862 4489 lacere,
883 4415 969 4500 quod
985 4437 1048 4477 non
1066 4414 1213 4477 fecisset:
1236 4433 1315 4476 sane
1332 4411 1479 4486 affirmat,

285 4546 353 4588 non
386 4524 544 4588 deiectum
566 4545 642 4588 suae
663 4523 801 4610 gratiae,
835 4525 893 4587 scd
919 4523 1009 4607 ipsos
1033 4522 1197 4587 lsrailitas
1220 4522 1310 4585 solos
1333 4520 1364 4583 in
1383 4540 1480 4584 causa

285 4634 400 4707 fuisse,
418 4655 474 4697 cur
492 4633 614 4698 fructus
632 4656 694 4720 rron
712 4632 856 4706 iecerint,
874 4655 954 4718 quos
972 4634 1078 4696 lacere
1095 4652 1209 4695 revera
1225 4641 1385 4714 poterant.
1410 4629 1480 4692 Nec

285 4742 404 4808 merito
426 4742 537 4807 ludaei
558 4743 750 4828 reprehendi
771 4742 967 4826 potuissent,
985 4741 1011 4805 si
1029 4740 1151 4828 gratia,
1169 4761 1260 4825 quam
1279 4749 1480 4822 acceperant,

286 4852 321 4922 ni
337 4851 480 4943 plrpsioe,
498 4849 600 4923 temen
618 4851 781 4918 moraliter
797 4850 995 4921 insufficiens
1008 4850 1136 4925 l'uisset3
1153 4848 1257 4943 gratia
1269 4858 1385 4922 autem,
1401 4864 1480 4947 quac
