3775 5625
346 395 389 489 n

232 682 235 688 .
344 588 465 656 Christi
486 585 624 677 gratiam
639 585 871 674 justificamur,
892 585 925 652 id
944 606 1152 673 reparamus,
1175 588 1259 675 quod
1274 586 1307 654 in
1328 588 1454 656 Adurno
1470 610 1543 678 per·-

344 700 481 764 didimus
488 724 497 774 3
528 720 716 784 reparamus
737 712 844 765 autem
866 698 1003 787 gratiam
1028 711 1157 787 gratum
1183 698 1371 775 facientem,
1403 722 1469 788 qua
1488 701 1545 767 lilii

343 809 404 875 Dei
419 832 545 883 sumus;
561 811 645 874 hanc
660 809 760 897 igitur
776 809 914 898 gratiam
930 830 1055 895 quoque
1072 810 1269 894 perdidimus
1284 809 1318 874 in
1333 812 1470 877 Adamo.

451 920 581 984 Certum
596 919 695 1007 igitur
716 931 749 985 et
768 919 979 1007 indubitatum
1001 931 1065 994 est,
1097 931 1347 1004 protoparentes
1378 920 1413 985 in
1439 920 1545 1009 gratia

344 1027 564 1094 sarrctillcante
581 1050 640 1093 seu
657 1030 822 1105 charitate,
832 1031 893 1103 vel,
906 1041 941 1093 ut
957 1028 1137 1095 Concilium
1153 1028 1377 1094 Tridentiuum
1393 1030 1543 1117 loquitur,

343 1140 376 1204 iu
393 1139 561 1204 sanctitate
583 1152 615 1204 et
630 1140 756 1225 justitia
775 1139 876 1203 luisse
902 1138 1113 1213 constitutos,
1136 1151 1168 1203 et
1189 1160 1248 1224 per
1268 1140 1352 1205 hanc
1371 1141 1544 1225 positivam

345 1249 561 1314 conditionem
575 1250 626 1313 vel
641 1249 779 1313 maxime
796 1250 837 1312 ad
851 1250 955 1313 Deum
965 1247 1158 1324 accessisse,
1167 1248 1281 1334 illique
1303 1248 1485 1333 placuisse,
1499 1262 1543 1315 at·

344 1380 405 1444 que
421 1379 519 1422 veros
536 1357 596 1421 Dei
612 1357 698 1422 lilios
714 1357 825 1421 luisse.

458 1473 587 1531 Adnot.
614 1468 643 1530 1.
668 1476 716 1530 Ex
732 1472 918 1530 testimoniis
943 1481 1008 1530 tum
1033 1472 1067 1532 S.
1086 1472 1317 1549 Scripturas
1340 1481 1406 1532 turn
1433 1472 1543 1532 Tradi-

345 1582 456 1653 tiouis‚
474 1582 654 1641 adcuratiue
670 1581 836 1657 inspectis,
853 1600 972 1657 quoque
991 1583 1207 1659 cognoscitur,
1224 1601 1320 1659 quare
1338 1584 1545 1643 communiter

346 1692 510 1769 Theologi,
535 1692 686 1767 aliquibus
704 1701 821 1750 tantum
839 1691 1047 1752 Scholasticis
1065 1692 1215 1767 exeeptis,
1241 1692 1383 1762 doceant,
1400 1689 1543 1771 protopa-

345 1811 453 1860 rentes
478 1802 613 1879 gratiam
630 1802 875 1861 sanctificantem
893 1820 953 1859 non
970 1802 1073 1860 serius
1091 1802 1226 1871 demum,
1250 1802 1306 1860 sed
1322 1802 1353 1861 in
1369 1804 1441 1879 ipsa
1458 1820 1546 1862 cres·

346 1913 430 1971 tione
446 1912 704 1989 abeuignissimo
737 1911 904 1971 Conditore‘
936 1912 1109 1987 accepisse,
1133 1912 1177 1970 ita
1200 1922 1234 1970 ut
1250 1903 1364 1971 nullum
1395 1913 1546 1988 temporis

347 2031 534 2087 momentum
550 2022 656 2092 luerit,
674 2041 732 2098 quo
748 2022 800 2080 illo
818 2022 928 2080 eximio
946 2022 1024 2080 dono
1041 2023 1210 2082 caruerint.

459 2132 600 2192 Adnot.
632 2128 664 2193 2.
696 2133 829 2191 Praeter
861 2132 998 2210 gratiam
1031 2132 1277 2192 sanctificantem
1308 2140 1547 2209 protoparentes

351 2251 422 2300 ante
439 2242 557 2317 lapsum
576 2259 695 2317 quoque
718 2242 832 2299 auxilio
857 2242 1006 2320 gratiae
1031 2242 1197 2301 actualis
1221 2242 1257 2299 ad
1281 2241 1547 2319 perseverandum

347 2351 379 2409 in
396 2359 525 2426 accepta
535 2349 669 2423 justitia,
694 2350 832 2427 adeoque
850 2352 942 2410 etiarn
961 2352 998 2410 ad
1015 2352 1127 2410 bonum
1148 2352 1335 2427 operandum
1359 2350 1547 2429 indiguisse,

351 2461 460 2520 Cone.
484 2459 761 2519 Arausicanum
778 2460 872 2519 citato
891 2479 1008 2520 canone
1026 2478 1176 2537 expresse
1195 2460 1349 2529 declarat,
1373 2469 1467 2537 atque
1483 2463 1548 2519 Aa·

350 2570 532 2648 gostinus
548 2567 575 2642 ¹)
593 2569 710 2628 diserte
728 2570 833 2628 tradit.
857 2572 958 2629 Porro
976 2588 1071 2647 aeque
1089 2579 1208 2631 eertum
1226 2578 1292 2640 est,
1308 2579 1549 2647 protoparentes

350 2704 568 2716 μ

466 2766 493 2856 ¹)
509 2773 560 2830 De
575 2776 638 2830 nat.
656 2775 685 2829 et
696 2774 775 2846 prat.
793 2789 819 2829 a.
836 2772 888 2852 26,
904 2791 935 2830 n.
953 2772 1003 2834 29.
1036 2770 1075 2832 T.
1095 2767 1146 2832 10.
1165 2790 1191 2835 c.
1210 2765 1286 2834 140.
1302 2769 1355 2831 ubi
1369 2769 1429 2830 ait:
1464 2768 1551 2833 Sient

352 2863 455 2922 oculus
472 2862 611 2936 corporis
627 2862 716 2922 etiam
726 2861 906 2937 plenissime
921 2883 1026 2935 33333,
1044 2862 1108 2920 nisi
1123 2864 1255 2921 candore
1271 2861 1551 2939 lncisadjtatasnon

347 2960 448 3030 potest
462 2948 597 3013 cernere:
613 2953 658 3012 373
673 2960 701 3012 37
715 2955 802 3013 homo
820 2953 908 3012 etiam
923 2953 1145 3032 perfectissime
1153 2951 1356 3031 justificatas,
1373 2951 1440 3010 3737
1457 2959 1549 3012 33733·

349 3066 392 3104 na
408 3048 472 3104 7333
479 3045 623 3123 justitiae
639 3044 788 3103 divinitas
806 3046 975 3128 adjuvetur,
992 3051 1070 3104 reete
1084 3064 1145 3103 non
1160 3049 1259 3122 potest
1271 3043 1379 3104 373333.
1388 3042 1550 3103 -Enclti-

348 3137 409 3198 rid.
428 3158 452 3198 c.
470 3139 540 3198 106.
557 3157 587 3197 n.
604 3139 654 3198 28.
680 3137 719 3197 Τ.
737 3135 767 3198 6.
786 3156 811 3196 c.
829 3134 906 3198 236.
924 3136 961 3197 (13
978 3137 1095 3196 Ademo
1113 3136 1211 3196 adhuc
1224 3136 1386 3196 innocente
1401 3127 1549 3215 loquens:

349 3231 393 3288 Et
406 3228 436 3287 37
449 3235 604 3306 peccatam
619 3227 654 3287 73
668 3230 733 3287 3373
749 3228 843 3288 libero
859 3228 989 3287 arbitrio
1006 3235 1072 3288 erat
1087 3227 1288 3308 constitutam,
1312 3245 1374 3286 non
1390 3232 1491 3286 tamen
1501 3228 1549 3304 jo·

348 3320 451 3380 3777733
466 3320 640 3380 retinendae
655 3319 827 3399 sufficiebat
841 3320 968 3379 liberam
984 3318 1228 3400 arbitrinm‚nisi
1241 3318 1482 3396 participatione
1497 3317 1549 3376 im-

348 3411 506 3472 mutabilis
523 3412 593 3470 doni
609 3411 747 3471 divinam
762 3411 950 3490 adjmorinm
965 3415 1167 3489 praeberetur.
1185 3445 1228 3454 --
1245 3408 1347 3488 Epist.
1365 3411 1437 3469 186.
1455 3430 1485 3471 n.
1502 3411 1549 3468 37.

350 3505 389 3562 Τ.
405 3500 436 3564 2.
454 3525 479 3563 3.
491 3501 566 3564 676.
585 3505 707 3562 Natura
723 3505 865 3584 hnmana,
881 3502 910 3562 si
924 3503 959 3561 in
974 3503 1030 3561 7773
1045 3501 1225 3583 73733377373,
1241 3500 1275 3559 73
1291 3520 1351 3576 qna
1368 3499 1551 3580 constitisset,

350 3600 549 3672 permaneret,
565 3595 753 3653 nullomodo
770 3593 903 3671 seipsam
921 3594 1063 3654 Creatore
1079 3613 1133 3652 333
1148 3612 1210 3651 non
1226 3593 1391 3670 adjuvante
1408 3596 1549 3651 servaret.

353 3721 395 3730 —
412 3689 463 3745 De
480 3691 606 3762 corrept.
624 3692 652 3743 et
664 3691 743 3761 prat.
761 3705 785 3745 a.
803 3688 852 3747 11.
869 3706 900 3746 n.
916 3688 968 3750 32.
986 3687 1024 3750 T.
1039 3682 1091 3745 10.
1109 3705 1134 3748 c.
1146 3681 1221 3745 767.
1242 3686 1325 3742 Tana
1340 3701 1411 3760 erpo
1430 3686 1553 3742 dederat

350 3776 468 3836 homini
481 3780 570 3836 Deae
586 3779 695 3836 bonam
710 3779 909 3851 voluntatem·
932 3776 968 3835 73
983 3777 1039 3835 7773
1055 3776 1167 3852 qnippe
1184 3795 1250 3834 enm
1258 3778 1387 3852 fecerat,
1405 3774 1463 3849 qni
1472 3774 1551 3852 fece·

350 3875 402 3927 337
415 3874 545 3941 rectam·
563 3869 687 3927 dederat
702 3867 897 3946 aaly'ntorinm,
914 3868 980 3927 3733
996 3888 1055 3944 qno
1070 3868 1105 3925 in
1121 3887 1155 3926 ea
1171 3885 1232 3924 non
1242 3872 1350 3940 posset
1362 3884 1551 3943 permanere,

352 3959 382 4018 si
401 3961 500 4041 vellet,
524 3966 576 4020 eta.
595 3994 637 4011 *-
652 3963 701 4019 De
722 3959 778 4018 civ.
798 3963 842 4019 D.
867 3962 886 4018 l.
910 3962 960 4019 14.
984 3979 1007 4018 3.
1032 3963 1081 4018 27.
1108 3960 1146 4017 Τ.
1170 3956 1199 4019 7.
1217 3978 1243 4016 3.
1267 3954 1331 4027 377
1351 3977 1376 4021 s.
1403 3956 1472 4016 033
1494 3974 1553 4015 non

346 4049 535 4127 permitteret
549 4052 677 4130 (Dens),
692 4058 728 4109 nt
741 4052 778 4109 ab
793 4050 847 4109 7773
858 4051 983 4126 primns
999 4054 1100 4124 tome,
1125 4049 1179 4125 qm'
1194 4055 1308 4119 rectas,
1326 4050 1382 4107 hoc
1398 4055 1445 4106 est
1461 4051 1553 4107 bonae

350 4142 514 4202 3373373773
531 4148 649 4202 creatas
665 4143 786 4224 fuerat,
808 4143 994 4201 tentaretur?
1020 4140 1273 4216 Quandoquidem
1288 4139 1334 4200 sia
1350 4144 1417 4198 erat
1432 4138 1552 4198 7337773-

351 4241 411 4310 tus,
428 4241 463 4293 nt
476 4234 506 4292 37
522 4238 558 4294 de
574 4233 729 4313 adjutorio
744 4233 810 4293 Dei
817 4233 936 4308 fideret,
955 4236 1050 4309 bonas
1065 4236 1153 4292 tomo
1168 4233 1281 4291 malum
1291 4232 1441 4307 Anpelnm
1456 4230 1552 4289 vinee·

351 4333 413 4385 ret:
429 4326 459 4384 si
474 4333 573 4384 antem
591 4325 772 4395 Creatorem,
791 4332 878 4400 atque
894 4327 1063 4403 adjutorem
1071 4327 1171 4384 Deam
1187 4325 1311 4398 superbe
1328 4321 1390 4381 sibi
1400 4323 1552 4396 placenta

352 4420 508 4488 desereret,
524 4416 702 4476 vinceretur.
719 4417 835 4496 Atque:
852 4418 900 4475 De
918 4416 1024 4478 673333.
1042 4419 1083 4475 ad
1100 4415 1154 4476 litt.
1168 4417 1186 4474 l.
1195 4418 1225 4474 8.
1237 4433 1261 4475 o.
1270 4417 1319 4475 12.
1328 4434 1359 4471 n.
1367 4415 1408 4471 25
1424 4432 1451 4474 3.
1471 4415 1510 4473 Τ.
1522 4409 1551 4472 3.

347 4502 605 4584 3234336333
620 4510 678 4568 7373
694 4507 815 4584 aliquid
830 4511 985 4583 esthamo,
1001 4509 1153 4586 ntfactas
1170 4509 1320 4565 deserente
1338 4524 1380 4575 eo,
1399 4504 1456 4579 qni
1465 4503 1550 4583 feeit,

345 4599 453 4675 'possit
467 4599 588 4675 aliquid
603 4620 691 4678 apere
707 4602 785 4671 bene,
803 4607 958 4675 tamqnam
974 4620 1012 4659 eae
1027 4599 1136 4674 seipso,
1155 4603 1206 4660 ete.
1224 4596 1311 4657 Sient
1326 4604 1380 4654 373
1391 4599 1550 4670 praesente

349 4691 465 4751 lamine
479 4711 541 4751 non
550 4692 658 4769 factas
675 4698 720 4750 est
734 4690 863 4762 lucidas,
881 4695 934 4750 sed
949 4690 998 4766 fit;
1025 4691 1098 4766 qnia
1114 4689 1143 4748 37
1152 4690 1260 4767 factas
1277 4694 1360 4758 33337,
1378 4706 1442 4746 stan
1458 4693 1549 4747 337337

354 4782 443 4855 ieret,
460 4784 549 4843 etiam
566 4785 684 4843 absente
701 4782 813 4842 lumine
828 4782 950 4841 lucidus
965 4789 1114 4855 maneret;
1139 4781 1184 4840 373
1200 4783 1288 4840 tomo
1303 4783 1371 4839 Deo
1389 4778 1452 4838 silli
1463 4794 1546 4855 prae-

353 4880 433 4937 sente
449 4876 654 4947 illuminatar,
671 4876 789 4934 absente
804 4881 903 4934 antem
914 4874 1057 4934 continno
1073 4874 1259 4944 tenebratur,
1286 4892 1306 4931 3
1322 4891 1382 4947 qno
1398 4891 1463 4930 non
1478 4873 1545 4932 loeo
