3775 5625
1437 463 1501 531 155

264 653 377 706 turn
392 643 426 694 ut
442 653 561 694 omnem
578 634 649 694 mali
671 632 818 710 triumphi
848 652 1056 712 novarumque
1084 635 1288 709 objectionum
1306 636 1502 695 occasionem

264 748 462 815 adimeret
477 744 677 803 adversariis.
696 779 737 788 -
756 745 1036 803 Tertullianum
1053 754 1212 821 peccatum
1231 744 1384 823 originale
1402 744 1501 805 credi-

266 863 413 935 disse,
445 853 556 913 docent
585 854 755 914 indubitate
786 853 869 911 illius
895 854 991 911 verba
1018 871 1111 929 supra
1136 872 1153 912 a
1175 854 1262 913 nobis
1279 854 1413 913 laudata.
1453 855 1502 912 ln·

269 963 498 1043 telligendas
530 981 608 1041 ergo
630 962 681 1022 hic
709 972 757 1021 est
773 962 810 1022 de
826 963 965 1038 peccatis
981 964 1219 1039 personalibus,
1237 964 1347 1040 quibus
1365 981 1433 1023 oum
1451 981 1502 1023 ca·

274 1097 322 1137 re
330 1082 403 1131 aut
426 1071 563 1148 parvuli,
579 1081 667 1131 recte
684 1089 737 1130 eos
754 1070 812 1130 hoc
829 1089 924 1129 sensu
940 1072 1122 1132 innoeentes
1138 1073 1277 1142 vocavit,
1304 1084 1394 1149 prout
1412 1073 1503 1133 etlam

277 1181 471 1245 hodiedum
488 1181 685 1258 adpellamus.
725 1180 811 1256 Quod
835 1199 871 1239 eo
890 1180 1014 1240 facilius
1032 1182 1192 1241 admittent
1209 1183 1394 1253 adversarii,
1412 1202 1503 1261 quum

284 1291 541 1353 Tertullianum
551 1290 666 1367 passim
678 1300 837 1351 auctorem
847 1290 1005 1350 doctrinae
1017 1291 1053 1349 de
1064 1301 1193 1367 peccato
1204 1291 1352 1370 originali
1359 1292 1501 1351 habeant.

290 1434 346 1447 --
375 1400 640 1460 'l'heodoretus
672 1400 791 1478 quidem
822 1400 976 1458 interdum
999 1409 1101 1459 textus
1126 1401 1271 1477 quosdam
1298 1401 1332 1464 S.
1359 1401 1503 1478 Scriptu-

294 1528 365 1569 rae
381 1509 511 1587 exponit,
529 1519 563 1568 ut
576 1509 736 1588 Pelagiani
755 1528 808 1568 eos
826 1527 981 1585 exponere
999 1509 1157 1569 solebant:
1174 1521 1386 1579 cerumtamen
1397 1510 1504 1569 nullibi

297 1629 471 1695 peccatum
488 1619 641 1698 originale
657 1629 767 1697 negat3
795 1618 849 1677 sed
866 1628 984 1677 tantum
1006 1620 1131 1689 asserit,
1149 1639 1274 1680 causam
1297 1622 1376 1698 quod
1392 1620 1502 1680 mortis

234 1789 236 1810 Ι
301 1729 494 1788 necessitati
504 1728 627 1787 obnoxii
638 1728 745 1797 simus,
762 1745 821 1786 non
839 1745 909 1786 esse
926 1738 1103 1803 peccatum,
1116 1730 1241 1806 quod-in
1259 1730 1355 1788 lldam
1372 1729 1504 1800 tuit,sed

306 1847 470 1908 peecatum
488 1839 567 1915 quod
583 1836 746 1914 unicuique
763 1847 901 1896 nostrum
919 1836 1081 1897 inhaereat
1098 1856 1136 1897 ox
1145 1840 1242 1898 Adam
1259 1839 1444 1920 derivatum,
1461 1839 1504 1898 ita

309 1949 336 1999 tt
368 1955 497 2023 propter
517 1956 656 2005 nostrum
681 1945 778 2005 hocce
794 1955 973 2022 peccatum,
1005 1965 1065 2004 non
1083 1956 1184 2005 autem
1198 1957 1326 2024 propter
1342 1958 1504 2024 peceatum

306 2056 474 2123 personale
491 2055 598 2115 Adami
621 2056 715 2114 morti
737 2048 949 2130 subjiciamur.
965 2055 1054 2115 llanc
1072 2055 1256 2115 sententiam
1274 2056 1505 2116 Theodoreti

306 2174 394 2235 tuse,
427 2183 465 2223 ex
482 2164 552 2223 aliis
568 2164 646 2223 locis
664 2164 779 2224 clarius
797 2164 895 2224 adhuc
917 2166 1065 2240 patescit,
1096 2166 1148 2224 ubi
1172 2166 1377 2243 apertissimis
1400 2165 1504 2225 verbis

303 2274 432 2339 peceati
447 2273 610 2351 originalis
629 2273 842 2333 exsistentiam
860 2273 1004 2332 affirmat.
1025 2273 1079 2333 Sic
1097 2293 1186 2351 quum
1205 2275 1263 2334 ait:
1281 2273 1503 2335 dastitiaede·

302 2390 448 2460 aretam,
483 2402 565 2443 cam
596 2401 701 2442 anas
723 2388 950 2462 peccasset,
983 2388 1217 2443 universam
1240 2387 1505 2466 penusmorti

301 2488 500 2552 tradidit:
533 2493 643 2552 divina
668 2497 777 2551 asten
797 2492 1039 2569 misericordia,
1066 2512 1149 2552 cam
1172 2511 1305 2553 omnes
1328 2496 1505 2553 domines

300 2601 533 2663 assentiet
551 2600 779 2677 maledicto,
798 2605 1001 2679 etpeocati
1017 2600 1171 2681 laqueis
1188 2607 1324 2662 essent
1337 2606 1502 2679 irretiti,

295 2720 365 2776 per
397 2715 497 2772 anias
518 2712 691 2786 justitiam
715 2710 803 2770 dedit
826 2710 976 2769 omnibus
999 2709 1185 2790 satutemp.
1210 2714 1326 2788 Atque:
1362 2708 1502 2784 Quando

299 2830 398 2881 anus
424 2825 589 2900 peccarit,
623 2839 755 2879 omnes
786 2820 1037 2880 condemnati
1068 2826 1178 2881 sant:
1199 2826 1503 2881 nancantemoam

234 2944 235 2951 ¹
299 2940 441 2991 amnes
458 2933 732 3009 peccaverint,
767 2928 917 2989 omnibus
939 2929 1123 2989 colentibus
1146 2930 1243 2991 satas
1262 2934 1506 3010 propositaest

296 3050 363 3108 per
379 3041 485 3118 [idem.
506 3038 588 3099 Cam
607 3043 657 3098 sic
673 3039 879 3116 ostendisset,
898 3043 997 3098 anias
1002 3041 1172 3115 paetitiam
1189 3045 1367 3101 commanis
1378 3043 1506 3118 peccati

298 3150 487 3210 tenuatum
503 3153 686 3225 exstitisse,
706 3149 847 3208 ostendit
858 3167 919 3227 per
935 3153 1043 3227 ipsam
1058 3154 1176 3209 rasoriis
1192 3169 1320 3229 qaoque
1332 3156 1504 3229 peractam

300 3248 574 3319 destructionem.
591 3262 632 3317 llt
648 3276 775 3316 rursus:
793 3255 991 3334 Saloamar,
1003 3277 1070 3318 non
1085 3257 1185 3334 Lepe,
1202 3259 1263 3317 sed
1277 3260 1507 3319 misericordia

298 3355 371 3424 liei
402 3367 544 3427 satutem
577 3367 803 3444 adipiscentes.
828 3364 908 3426 Lea
924 3371 1008 3425 enim
1020 3358 1179 3442 jastitine
1196 3385 1306 3427 omnes
1323 3368 1369 3427 ad
1381 3368 1503 3446 snppli-

298 3469 396 3536 dum
411 3477 563 3554 ducebas,
583 3495 694 3536 omnes
710 3481 794 3536 enim
806 3481 1002 3554 peccatores
1023 3481 1193 3537 constituti
1208 3496 1332 3538 samus.
1360 3472 1400 3536 Si
1421 3482 1506 3537 enim

298 3590 395 3646 tum
410 3606 513 3646 anas
525 3592 749 3665 peccasset,
768 3586 1063 3646 condemnatam
1080 3592 1144 3647 est
1154 3605 1297 3664 penas,
1317 3586 1418 3647 madio
1434 3591 1505 3647 ati-
1616 3617 1624 3635 ο

298 3698 372 3757 pue
379 3698 510 3771 sestias
526 3701 602 3755 erat
622 3715 679 3755 eos
686 3739 698 3772 ,
722 3701 778 3775 pai
789 3701 923 3773 peccato
941 3696 1064 3756 sudditi
1080 3702 1189 3773 erant,
1208 3696 1403 3775 suppliciam
1421 3697 1505 3758 sad-

297 3791 409 3877 tres),
441 3839 482 3848 -
516 3804 620 3880 Quoad
653 3805 964 3879 chrysostomum
1001 3815 1102 3864 autem
1128 3808 1252 3865 tandem
1279 3807 1505 3865 observandum

233 3899 235 3929 ³
298 3913 372 3977 ⁰⁸2,
390 3913 467 3990 quod
478 3912 543 3987 jam
560 3914 797 3991 Augustinus
814 3914 1080 3987 animadvertit²],
1107 3914 1229 3974 seilicet
1243 3914 1308 3990 jam
1326 3914 1356 3973 in
1374 3934 1408 3973 se
1425 3915 1504 3974 haud

297 4022 489 4082 vi’Posimile
521 4042 612 4092 esse,
642 4025 825 4082 Praesulem
858 4026 1230 4102 constantinopolitanum
1262 4035 1308 4085 tot
1341 4043 1377 4087 ac
1410 4023 1505 4083 tantis

300 4112 514 4209 coepiscopis
546 4133 627 4202 suis,
660 4134 791 4192 maxime
822 4137 960 4193 Romano
992 4136 1238 4204 Innocentio,
1265 4134 1506 4214 Carthaginensi
1599 4130 1602 4145 ‘

234 4276 238 4288 ·
301 4221 521 4316 eypriano,
555 4242 730 4318 Cappadoci
760 4244 926 4315 Basilio,
960 4245 1156 4304 Nazianzeno
1184 4245 1395 4323 Gregorio,
1413 4244 1504 4302 Gallo

233 4338 238 4404 ‘t
301 4330 477 4418 Hilario,
508 4351 732 4408 Mediolanensi
754 4353 967 4410 adversarium
994 4373 1065 4412 esse
1085 4355 1308 4423 Ambrosi03
1327 4364 1417 4430 atque
1436 4371 1503 4412 eum

302 4435 437 4533 iiltltrpsr
470 4457 538 4517 aliis
569 4460 647 4519 locis
679 4471 839 4536 peceatum
872 4461 1022 4539 originale
1048 4462 1173 4522 disertis
1196 4462 1301 4521 verbis
1317 4462 1504 4541 profiteri4).
1569 4508 1581 4533 ,

304 4603 530 4641 *τυ-...ῃ-

233 4762 235 4771 ,
419 4692 446 4770 ¹)
461 4695 557 4755 Haer.
576 4694 646 4772 fab.
669 4697 689 4758 l.
710 4696 739 4756 5.
764 4715 789 4755 e.
810 4699 861 4757 11.
885 4693 966 4775 Opp.
991 4697 1029 4756 Τ.
1051 4692 1083 4757 4.
1099 4718 1131 4776 p.
1149 4693 1216 4758 280
1232 4717 1257 4760 s.
1289 4733 1333 4743 -
1365 4692 1455 4781 ²)1b.
1472 4718 1503 4776 p.

234 4776 235 4787 ¹
303 4753 394 4840 281.
420 4818 461 4831 .-
488 4782 512 4865 ³)
531 4785 616 4847 ont.
633 4784 754 4850 aaran.
775 4788 795 4845 t.
814 4791 843 4849 1.
860 4807 885 4848 ο.
902 4789 931 4849 e.
947 4808 977 4848 n.
996 4791 1046 4848 22.
1063 4789 1099 4851 r.
1121 4785 1171 4855 1o.
1189 4808 1214 4849 c.
1231 4785 1298 4851 eoo
1314 4808 1339 4850 s.
1357 4823 1397 4835 -
1417 4786 1443 4868 ι)
1459 4788 1503 4851 n.

300 4864 335 4918 ²²·
359 4872 403 4934 24
417 4894 458 4936 ss.
476 4896 502 4941 c.
518 4872 594 4941 511.
611 4897 642 4940 n.
658 4879 708 4940 33.
726 4898 752 4939 c.
768 4872 832 4940 517
851 4896 877 4938 s.
