3775 5625
1498 425 1540 492 31

347 596 471 667 eiutim,
496 603 586 671 atque
603 612 640 651 eo
656 592 758 671 magis
781 610 904 662 eorum,
929 611 1006 669 quae
1030 610 1098 651 eam
1121 593 1276 652 dumtaxat
1300 603 1542 670 consequuntur,

345 704 523 764 immediate
540 720 596 761 seu
614 701 731 761 directe
745 700 824 761 haud
843 702 968 762 conseia
985 701 1043 772 sit;
1061 701 1211 778 simulque
1227 700 1429 779 intelligitur,
1447 719 1542 779 qnare

345 812 429 890 ipsa,
462 830 540 889 qnae
570 811 728 870 voluntate
751 828 808 869 sua
829 830 863 869 se
887 810 1014 887 corpori
1035 828 1094 869 non
1118 809 1293 884 conjunxit,
1315 812 1370 869 sed
1386 812 1542 871 voluntate

348 921 552 998 omnipotenti
572 919 633 979 Dei
656 938 725 980 eum
749 938 786 978 eo
808 920 894 979 unita
915 929 981 989 est,
1006 920 1043 980 ab
1066 919 1134 996 ipso
1150 920 1307 980 voluntate
1325 937 1380 978 sua
1403 921 1545 996 separari

346 1050 406 1091 uon
430 1030 541 1106 possit.
571 1030 719 1089 (laterum
742 1038 851 1107 posset
873 1048 913 1087 ex
929 1028 1120 1088 adversariis
1137 1029 1260 1105 quaeri,
1283 1048 1354 1088 uum
1375 1030 1477 1089 anima
1492 1049 1543 1089 ra·

345 1140 471 1198 tionalis
488 1138 630 1198 unionem
647 1138 809 1197 formalem
827 1156 895 1197 oum
913 1155 1062 1213 corpore,
1080 1155 1169 1214 quam
1186 1136 1246 1214 ipsi
1262 1139 1442 1209 defendunt,
1467 1140 1542 1199 liho-

345 1268 383 1308 ra
399 1250 559 1308 voluntate
576 1248 709 1317 afficiat,
726 1255 758 1306 et
773 1265 844 1308 num
861 1246 998 1321 ejusdem
1014 1245 1189 1305 immediate
1207 1246 1265 1305 sihi
1284 1247 1410 1308 conseia
1426 1248 1488 1307 siti
1512 1256 1544 1307 at

345 1375 385 1416 aa
402 1356 510 1416 forsan
527 1357 620 1417 etiam
644 1358 681 1416 da
705 1356 858 1433 partiaria
878 1355 933 1413 illa
956 1364 987 1413 et
1007 1354 1140 1414 mediata
1163 1354 1331 1414 eiiioientia
1352 1356 1383 1415 in
1406 1376 1543 1427 earnem,

344 1454 437 1543 quam
462 1466 583 1543 pariter
607 1465 777 1546 affirmant,
807 1465 982 1524 immediate
1005 1481 1041 1523 an
1058 1463 1178 1523 directe
1195 1463 1287 1526 suist.
1304 1498 1347 1509 -
1365 1462 1452 1540 Quod
1467 1461 1546 1525 vero

345 1576 384 1635 ad
400 1576 533 1634 alterum
550 1575 676 1644 attinet,
705 1574 848 1634 nimirum
872 1551 1004 1633 animuin
1027 1574 1210 1633 rationalem
1233 1574 1269 1633 de
1292 1574 1387 1633 rebus
1404 1575 1543 1635 externis

344 1683 427 1744 haud
444 1702 519 1743 raro
543 1684 637 1743 aliter
660 1701 696 1743 ae
719 1702 830 1743 sensus
856 1681 1173 1758 externosjudioare:
1200 1684 1439 1759 retpondemns,
1451 1683 1543 1759 juxta

344 1793 566 1861 testimoninm,
580 1794 659 1870 quod
667 1793 821 1869 adpellant
833 1791 1053 1862 consolantiae,
1065 1802 1097 1851 et
1107 1793 1185 1868 quod
1202 1792 1278 1851 adeo
1294 1792 1354 1869 ipsi
1369 1792 1544 1851 aduersarii

346 1903 512 1972 extollunt,
530 1919 590 1962 non
607 1919 678 1962 ease
695 1920 823 1971 sensus,
838 1902 892 1960 aed
910 1919 982 1960 ease
999 1901 1126 1960 eandem
1140 1909 1284 1971 mentem,
1302 1919 1377 1979 quae
1395 1902 1431 1960 de
1448 1902 1543 1961 rebus

345 2012 487 2071 externis
503 2012 671 2072 seeundum
687 2011 805 2080 visum,
828 2019 921 2087 prout
936 2028 992 2086 per
1009 2027 1121 2068 sensus
1139 2009 1279 2071 adiectae
1294 2010 1356 2088 ipsi
1372 2029 1442 2069 ease
1461 2028 1542 2071 eom·

343 2129 471 2197 parent,
495 2130 624 2198 atquae
649 2120 816 2181 seeundum
837 2119 1019 2189 veritatem,
1040 2128 1132 2196 prout
1151 2119 1222 2178 illas
1243 2119 1364 2179 aliunde
1383 2138 1453 2178 esse
1471 2120 1543 2191 seit,

340 2230 471 2303 jndieut.
495 2232 554 2287 Ilst
571 2230 653 2288 enim
669 2230 776 2288 eadem
792 2247 897 2299 mens,
913 2229 964 2288 eni
980 2230 1109 2289 haoulus
1126 2247 1223 2306 aquae
1239 2228 1407 2289 immersus
1423 2229 1544 2290 iraetus

347 2356 419 2397 esso
435 2337 574 2406 ridetur,
592 2346 623 2396 et
640 2356 717 2414 quae
734 2357 803 2397 eum
821 2338 911 2396 simul
928 2338 1062 2398 lraotum
1080 2357 1139 2398 nnn
1163 2356 1233 2396 esse
1261 2339 1418 2417 cognitum
1439 2338 1542 2399 hahet.

348 2446 475 2521 Quando
502 2456 605 2507 autem
621 2448 658 2507 ad
675 2447 861 2507 sententiam
886 2465 974 2506 suam
1000 2447 1179 2508 firmandam
1212 2448 1386 2507 adversarii
1416 2466 1542 2507 asseve-

347 2566 435 2625 rant,
460 2557 617 2616 sensualia
642 2556 765 2616 nonnisi
791 2557 828 2617 ah
851 2556 952 2616 anima
973 2556 1098 2615 animali
1124 2575 1180 2615 aen
1202 2575 1368 2633 corporea,
1384 2567 1419 2618 ut
1434 2575 1542 2633 supra·

347 2665 504 2726 sensualia
535 2666 723 2724 solummodo
755 2667 792 2725 ah
825 2668 926 2726 anima
958 2665 1126 2742 spirituali,
1151 2666 1338 2744 apprehendi
1355 2684 1410 2725 sen
1427 2662 1543 2745 eogno-

348 2775 394 2837 sai
408 2793 520 2852 posse:
544 2774 707 2835 manifeste
732 2774 872 2847 nimium,
897 2775 1031 2853 adeoque
1056 2774 1131 2834 nihil
1155 2776 1295 2852 probant.
1317 2778 1366 2835 Ex
1387 2774 1445 2837 hoa
1463 2776 1542 2836 euim
1615 2796 1616 2799 ¹

348 2886 472 2944 asserto
496 2892 695 2961 sequeretur,
720 2884 838 2943 animas
862 2885 1076 2944 defunctorum
1100 2903 1153 2942 res
1170 2895 1311 2955 nostras,
1336 2903 1413 2963 quas
1429 2896 1543 2957 tamon,

348 3003 379 3052 ut
393 2993 541 3054 Ecclesia
564 2993 676 3070 ubique
701 2995 786 3053 velut
811 3003 931 3054 eertum
949 2995 1108 3072 supponit,
1134 3005 1318 3072 perspectas
1334 2994 1465 3065 hahent,
1483 3015 1543 3056 uon

349 3112 466 3162 tantum
488 3102 654 3183 ignorare,
677 3103 732 3162 sed
754 3112 785 3162 et
801 3107 929 3180 operum
946 3121 982 3164 ae
999 3104 1138 3163 laborum
1156 3122 1283 3163 suorum
1299 3105 1412 3164 nullam
1430 3123 1542 3165 memo·

349 3211 426 3271 riam
444 3221 569 3281 tenare;
593 3209 703 3269 deinde
718 3212 876 3289 Angelos,
894 3210 947 3288 qui
963 3220 1064 3271 tamen
1081 3220 1216 3271 testante
1240 3213 1274 3272 S.
1293 3212 1458 3289 Scriptura
1474 3231 1543 3289 pre·

350 3338 401 3379 eea
418 3327 546 3378 nostras
561 3320 630 3377 Deo
647 3320 798 3398 offerunt,
813 3327 904 3396 atque
922 3329 1046 3379 actuum
1062 3331 1241 3380 nostrorum
1269 3329 1368 3379 testes
1386 3331 1417 3381 et
1433 3340 1542 3398 speeu·

348 3428 468 3487 latores
484 3436 567 3497 sunt,
584 3437 674 3504 atque
692 3427 792 3505 ipsum
800 3430 913 3498 Deum,
924 3437 1029 3506 utpote
1043 3428 1194 3505 Spiritum
1208 3429 1421 3506 purissimum,
1432 3431 1482 3491 eui
1498 3440 1543 3491 ta·

349 3557 414 3597 rnen
433 3537 535 3597 omnia
551 3537 632 3596 nuda
648 3546 720 3596 sunt
736 3547 896 3615 etaperta,
906 3556 971 3607 res,
982 3547 1074 3616 atque
1088 3548 1218 3598 eventus
1229 3535 1398 3599 mundanos
1410 3540 1476 3600 aive
1490 3560 1542 3600 ne·

349 3645 507 3705 cassarius
523 3645 589 3704 aive
606 3663 661 3722 per
672 3645 961 3716 homiueseileetos,
971 3645 1156 3728 latere,quin
1173 3648 1234 3708 imo
1252 3648 1385 3710 animum
1401 3658 1543 3710 nostrum

350 3765 416 3814 oum
441 3772 573 3830 corporo
597 3755 715 3814 unitum
738 3755 775 3814 de
798 3756 892 3814 rebus
914 3757 1053 3815 externis
1073 3757 1149 3815 nihil
1166 3757 1266 3836 soire;
1284 3776 1353 3817 narn
1370 3759 1398 3817 si
1413 3759 1481 3836 ipse
1496 3760 1542 3819 in·

350 3881 446 3940 capax
467 3872 533 3934 eat,
549 3863 703 3923 notionem
721 3882 827 3922 rerum
847 3872 1047 3923 externarum
1064 3865 1124 3924 sihi
1140 3865 1324 3944 attingendi,
1349 3866 1443 3926 etium
1458 3868 1542 3927 inea·

350 3989 405 4046 pax
422 3990 496 4031 ease
513 3972 619 4042 dehet,
644 3972 798 4033 uodonem
815 3972 894 4033 hano
910 3992 967 4050 per
985 3974 1116 4033 animam
1133 3971 1294 4034 animalem
1312 3975 1474 4035 formatam
1491 3995 1542 4036 ro·

351 4081 496 4157 eipieadi;
519 4091 592 4143 tuno
617 4093 719 4142 autem
741 4102 816 4142 vere
833 4084 1027 4152 nesoiretur,
1052 4102 1147 4160 quare
1170 4084 1242 4144 huie
1260 4083 1421 4165 ergastulo
1438 4086 1480 4145 sit
1494 4087 1541 4146 ina

351 4189 465 4250 elusus.
482 4191 639 4249 -Porro
657 4193 734 4269 quod
751 4192 789 4261 si,
807 4201 842 4250 ut
858 4192 1150 4263 demonstravimus,
1167 4193 1269 4252 anima
1285 4194 1446 4254 rationalia
1462 4193 1543 4254 haud

351 4299 521 4359 voluntarie
539 4310 702 4376 oporatur,
719 4311 752 4361 et
767 4301 947 4360 nominatim
966 4300 1048 4360 haud
1064 4303 1236 4363 voluntarie
1252 4305 1348 4362 sentit
1364 4304 1463 4380 atque'
1473 4322 1542 4364 uor-

353 4420 403 4480 pua
419 4407 562 4466 sentiens
577 4408 692 4468 reddit:
716 4409 807 4469 iaeile
825 4428 944 4487 quoque
960 4404 1164 4489 intelligitur,
1187 4414 1336 4489 quomodo
1353 4431 1466 4472 sensus
1482 4431 1543 4472 uon

354 4515 515 4575 voluntarii
528 4515 560 4574 in
575 4516 644 4592 ipsa
660 4517 753 4576 etiam
767 4517 935 4576 inordinati
961 4528 1163 4590 enasoantur,
1186 4530 1216 4579 et
1233 4521 1326 4580 etiarn
1342 4539 1454 4580 seusus
1472 4539 1542 4581 nor·

355 4624 435 4696 porei
458 4642 529 4684 eum
551 4625 620 4703 ipsa
636 4625 924 4698 summoueantur,
949 4635 981 4686 et
996 4628 1152 4704 ¹quomado
1177 4630 1430 4708 eoncupiscentia
1453 4629 1542 4690 nobis

357 4729 433 4795 insit.
455 4734 601 4805 Aeoedit‚
619 4753 731 4794 sensus
747 4735 818 4794 illos
834 4735 1074 4806 involuntarioa,
1092 4747 1123 4796 et
1142 4738 1263 4815 quidem
1279 4739 1370 4799 etiam
1389 4741 1542 4809 carnales,

360 4837 414 4900 ie.
430 4832 595 4902 manifeste
611 4842 642 4901 in
659 4860 753 4902 earne
771 4852 803 4903 et
819 4863 874 4921 par
891 4861 1016 4906 earnem
1034 4855 1136 4915 ortos,
1160 4845 1391 4926 haudquaquam
1412 4849 1542 4925 imperio
