3775 5625
345 428 412 503 nr·
438 448 441 452 ,

345 601 481 691 gabant,
503 611 536 666 ut
558 600 722 665 Simonem
745 597 874 686 lelegum
901 609 933 662 et
956 589 1163 675 Ennomium,
1194 589 1369 663 haereticis
1386 610 1534 663 annunt·

345 715 501 790 rarunt¹).
1421 783 1424 790 y

457 820 494 883 0.
515 817 658 903 Denique
680 815 709 880 si
737 837 837 901 opera
857 816 1047 880 adsalutem
1070 837 1133 880 non
1155 827 1268 881 essent
1284 814 1491 891 necessaria,
1506 828 1534 881 et

345 928 441 994 homo
458 928 529 993 sole
543 924 605 991 lide
622 928 814 991 salvaretur:
832 937 941 1010 aperte
957 925 1054 989 homo
1071 945 1196 1011 quoque
1213 924 1241 990 si
1256 927 1327 1010 ejus
1347 924 1432 989 fides
1450 945 1533 990 care·

345 1048 395 1103 ret
412 1036 498 1102 omui
515 1055 624 1121 opere,
641 1047 673 1101 et
690 1036 861 1119 conjuncta
876 1047 967 1100 esset
982 1056 1054 1100 cum
1070 1034 1218 1099 omnibus
1230 1033 1315 1099 vitiis
1330 1046 1366 1099 et
1381 1034 1533 1119 peccatis,

345 1147 384 1210 ad
401 1147 536 1211 salutem
551 1144 743 1230 perveniret,
755 1148 855 1230 'quum
871 1143 924 1209 illa
939 1143 1002 1228 ipsi
1018 1143 1094 1208 nihil
1110 1143 1277 1229 prodesse,
1295 1156 1328 1208 et
1344 1145 1427 1209 haee
1443 1145 1532 1211 abso·

344 1256 408 1320 lute
428 1253 472 1319 nil
491 1275 611 1319 nocere
636 1266 780 1340 possent.
821 1253 921 1333 Quam
943 1254 1115 1317 absurdum
1136 1266 1240 1319 autem
1263 1273 1301 1318 aa
1317 1252 1532 1338 perniciosum

344 1362 386 1428 sit
401 1444 403 1447 .
417 1364 478 1431 tate
509 1362 715 1449 principium,
746 1373 856 1447 utpote
887 1360 943 1426 fini
974 1374 1087 1428 nostro
1118 1381 1254 1448 prorsus
1287 1363 1474 1436 adversum,
1503 1373 1532 1427 et

345 1493 471 1538 omnem
492 1472 643 1537 virtutem
663 1492 702 1537 ac
724 1473 926 1536 honestatem
947 1472 1133 1547 destruens,
1157 1469 1227 1556 quis
1244 1483 1308 1546 est,
1330 1469 1385 1557 qui
1405 1492 1471 1535 non
1490 1471 1531 1533 vi·

344 1582 439 1647 leat?
478 1581 588 1666 Neque
613 1579 710 1665 objici
729 1592 852 1665 potest,
877 1578 910 1643 id
931 1578 1002 1644 fieri
1023 1600 1088 1643 non
1109 1599 1224 1663 posse,
1246 1599 1342 1665 quum
1363 1577 1449 1643 lidos
1464 1578 1530 1644 sine

344 1689 496 1776 operibus
527 1703 603 1755 esse
624 1690 729 1774 possit
753 1702 819 1754 tum
840 1709 968 1775 parum,
1000 1708 1093 1774 quam
1118 1708 1229 1774 parunt
1251 1688 1337 1753 bona
1352 1688 1452 1752 arban
1467 1688 1532 1752 sine

344 1800 500 1867 fiuctibus
521 1799 614 1863 detur
618 1821 628 1872 ;
650 1819 722 1863 nam
743 1797 775 1863 id
791 1798 908 1887 gratis,
925 1810 1039 1866 contra
1054 1797 1277 1865 auctoritatem
1294 1800 1328 1862 S.
1346 1796 1531 1883 Scripturas

343 1922 377 1974 et
393 1911 453 1975 SS.
469 1911 613 1983 Patrum,
633 1928 694 1973 nec
715 1929 779 1973 non
803 1921 916 1974 contra
935 1908 1040 1973 ideam
1064 1928 1122 1974 seu
1138 1919 1284 1972 naturam
1303 1905 1381 1972 fidei
1404 1905 1532 1980 adstrui,

343 2018 416 2084 alllti
433 2040 452 2084 a
467 2016 561 2083 nobis
578 2030 746 2084 ostensum
764 2030 823 2084 est.

512 2280 538 2362 ξ.
557 2273 654 2347 128.
671 2276 963 2364 operatione
980 2278 1092 2346 sunt
1108 2264 1358 2345 meritoria.

452 2483 626 2541 Novatores
647 2500 730 2541 saec.
753 2482 853 2549 xvi,
872 2480 1120 2557 quemadmodum
1144 2499 1202 2539 uon
1225 2498 1344 2539 omnem
1362 2480 1530 2540 necessita·

345 2599 406 2651 tem
430 2591 579 2648 bonorum
598 2607 740 2666 operum,
762 2589 816 2648 sed
839 2597 957 2648 tantum
980 2589 1017 2647 ad
1039 2590 1169 2648 salutem
1193 2588 1422 2665 adipiscendam
1439 2605 1531 2667 nega-

345 2700 428 2770 bant,
444 2700 488 2757 ita
505 2700 596 2757 etiam
613 2718 701 2757 omne
718 2698 862 2757 meritum
878 2699 967 2757 bonis
985 2698 1147 2775 operibus,
1173 2707 1206 2756 ut
1222 2698 1466 2757 monstravimus
1484 2714 1531 2755 su·

344 2828 414 2888 pra,
440 2808 519 2869 haud
546 2809 773 2884 abjudicarunt,
791 2828 896 2868 verum
913 2809 1110 2877 statuebant,
1128 2827 1222 2885 opera
1234 2808 1392 2882 justorum
1409 2809 1531 2885 plaeere

344 2921 427 2988 Deo,
448 2928 624 2978 nontamen
642 2919 729 2988 ideo,
752 2918 891 2996 quoniam
914 2936 952 2976 ex
968 2918 1094 2993 propria
1110 2918 1260 2995 dignitate
1271 2916 1360 2991 justa
1378 2927 1461 2986 sunt,
1479 2918 1531 2976 sed

345 3029 415 3104 quia
444 3029 531 3086 Deus
551 3027 743 3105 indulgentiit
764 3027 821 3086 suti
840 3027 963 3085 illorum
981 3027 1060 3106 tegit
1078 3026 1277 3094 foeditatem,
1299 3035 1329 3084 ot
1351 3046 1389 3085 ea
1410 3027 1534 3102 accipit,

344 3136 432 3212 quasi
442 3134 691 3213 justaesreut2),
708 3146 798 3214 etque
815 3138 881 3213 ipsa
898 3136 1058 3195 meritoria
1075 3154 1156 3205 esse,
1174 3145 1309 3194 attamen
1325 3136 1533 3212 praemiorum

345 3256 460 3304 tantum
493 3248 707 3322 temporalium
733 3257 764 3305 et
786 3246 991 3323 spiritualium
1014 3246 1045 3303 in
1066 3245 1124 3305 ltao
1146 3245 1211 3304 vita
1229 3245 1399 3315 otiatura,
1421 3262 1533 3322 nequa·

345 3372 433 3430 quam
451 3352 552 3414 antem
568 3356 667 3433 ipsius
684 3357 795 3415 salutis
812 3366 843 3414 et
860 3356 941 3414 vitae
959 3364 1103 3414 aeternae
1111 3358 1154 3426 8).
1178 3355 1250 3412 lude
1268 3363 1371 3414 antem
1387 3372 1531 3414 neeessa-

345 3464 392 3522 rio
408 3483 502 3540 porro
520 3466 732 3542 consequitur,
749 3467 863 3524 nullum
880 3484 1010 3543 prorsus
1027 3465 1170 3524 fiduciam
1187 3482 1258 3522 esse
1274 3464 1305 3522 in
1322 3463 1447 3523 meritis
1465 3482 1532 3524 oon·

346 3575 548 3645 stituondam‚
570 3584 660 3652 atque
685 3575 805 3634 omuino
827 3594 885 3633 non
902 3576 998 3635 lisere
1015 3575 1093 3634 bene
1112 3573 1235 3652 operari
1251 3573 1365 3632 intuitu
1382 3572 1534 3632 mercedis

239 3729 241 3733 .
346 3692 492 3742 aeternae
503 3688 546 3756 ⁴).
586 3685 644 3742 eui
665 3685 767 3743 errori
790 3683 920 3742 similem
945 3685 1116 3762 spargebat
1135 3681 1244 3743 Mitt.
1260 3682 1445 3755 Melinos,
1461 3683 1532 3740 Pre-

345 3791 451 3867 sbyter
467 3791 636 3869 Hispanus,
653 3794 778 3863 doeens,
795 3793 956 3867 homiuem,
974 3792 1025 3870 qui
1042 3793 1078 3852 ad
1095 3791 1297 3869 perfeetionis
1313 3792 1455 3868 speeiem
1475 3793 1532 3850 eln-

347 3901 427 3960 etari
443 3903 528 3982 velit,
544 3903 587 3960 ita
605 3911 750 3977 oportere
768 3909 838 3961 esse
856 3912 1075 3979 comparatum,
1093 3909 1126 3960 ut
1143 3918 1261 3961 omnem
1280 3901 1431 3961 eoelestis
1449 3919 1532 3978 prae·

346 4011 397 4068 mii
423 4029 508 4087 spem
530 4013 629 4070 animo
653 4013 771 4086 ejiciat,
794 4013 1081 4089 indiderentemque
1099 4030 1132 4070 se
1150 4011 1262 4070 habeat
1278 4010 1314 4068 ad
1332 4028 1465 4087 poenam
1487 4028 1532 4070 ae·

346 4197 562 4212 fl-*Q

453 4323 480 4397 ¹)
497 4320 593 4382 Iren.
616 4321 700 4381 Cotti.
722 4322 804 4382 haer.
822 4322 841 4379 l.
859 4324 886 4381 1.
904 4340 928 4382 e.
947 4323 998 4380 23.
1015 4340 1045 4379 n.
1063 4322 1092 4378 3.
1109 4340 1140 4400 p.
1164 4316 1237 4381 100.
1259 4318 1467 4398 Augustin.
1490 4322 1535 4380 De

347 4410 428 4471 laer.
446 4413 536 4470 odd.
570 4408 649 4491 opp.
662 4412 700 4471 T.
719 4408 748 4472 8.
767 4432 790 4471 o.
812 4408 862 4471 19.
897 4447 940 4456 -
973 4414 1000 4488 ²)
1018 4409 1064 4471 Of.
1083 4410 1174 4486 conf.
1191 4411 1319 4486 Aequod
1337 4431 1368 4473 at.
1384 4414 1416 4470 3.
1434 4419 1492 4471 ari
1509 4413 1535 4469 6.

347 4521 377 4560 n.
395 4503 465 4560 235.
482 4500 546 4562 LL.
563 4521 603 4561 at.
621 4500 669 4561 ed.
687 4522 713 4564 o.
731 4503 767 4562 P.
787 4501 815 4563 1.
833 4524 864 4582 p.
884 4499 958 4563 134.
975 4504 1079 4563 Fortu.
1098 4502 1248 4562 Ooooord.
1265 4503 1303 4562 P.
1321 4504 1352 4564 2.
1370 4521 1394 4560 o.
1413 4506 1444 4564 4.
1460 4523 1491 4564 n.
1508 4503 1533 4558 9.

347 4590 383 4652 P.
400 4588 430 4653 3.
447 4613 478 4670 p.
499 4589 632 4653 136.-
652 4591 677 4668 ³)
697 4593 788 4671 Ooof.
809 4594 934 4670 Aupatot.
953 4613 977 4654 e.
997 4597 1027 4654 3.
1045 4599 1104 4657 ani.
1123 4595 1151 4657 6.
1167 4613 1198 4656 n.
1215 4595 1287 4652 231.
1308 4592 1347 4653 P.
1366 4589 1446 4672 ].p.
1465 4588 1534 4652 133.

349 4681 496 4742 Concord.
506 4681 565 4758 fid.
584 4685 603 4742 l.
621 4704 645 4744 e.
663 4682 707 4744 Of.
726 4683 869 4744 Calvin.
887 4687 965 4748 Inet,
983 4686 1002 4746 l.
1019 4687 1048 4744 3.
1065 4703 1090 4744 o.
1110 4686 1158 4743 15.
1175 4703 1205 4746 n.
1217 4687 1247 4747 3.
1265 4682 1302 4743 ed
1319 4702 1345 4743 c.
1363 4704 1394 4762 p.
1412 4681 1535 4747 496.—

349 4771 375 4851 ⁴)
398 4771 443 4832 Of.
464 4772 510 4833 Id.
526 4773 567 4836 ib.
585 4775 604 4835 l.
621 4777 652 4834 3.
669 4794 693 4835 e.
710 4777 739 4837 3.
756 4795 786 4836 n.
804 4779 832 4834 2.
855 4796 885 4854 p.
904 4771 980 4837 365.
1012 4795 1037 4835 o.
1060 4778 1109 4836 12.
1133 4794 1164 4833 n.
1187 4776 1283 4835 3-4.
1315 4794 1347 4855 p.
1364 4770 1433 4837 473
1452 4796 1476 4838 s.
1493 4773 1534 4835 Ib.

349 4881 373 4926 e.
390 4865 439 4924 16.
455 4882 485 4923 n.
503 4867 535 4925 3.
552 4885 582 4944 p.
600 4860 675 4926 502.
