<?xml version="1.0" encoding="UTF-8"?>
<!DOCTYPE html PUBLIC "-//W3C//DTD XHTML 1.0 Transitional//EN"
    "http://www.w3.org/TR/xhtml1/DTD/xhtml1-transitional.dtd">
<html xmlns="http://www.w3.org/1999/xhtml" xml:lang="en" lang="en">
 <head>
  <title>
</title>
<meta http-equiv="Content-Type" content="text/html;charset=utf-8" />
  <meta name='ocr-system' content='tesseract 3.04.00' />
  <meta name='ocr-capabilities' content='ocr_page ocr_carea ocr_par ocr_line ocrx_word'/>
</head>
<body>
  <div class='ocr_page' id='page_1' title='image "./theologiadogmat00schwgoog/theologiadogmat00schwgoog_0163.png"; bbox 0 0 3775 5625; ppageno 0'>
   <div class='ocr_carea' id='block_1_1' title="bbox 1442 474 1506 543">
    <p class='ocr_par' dir='ltr' id='par_1_1' title="bbox 1442 474 1506 543">
     <span class='ocr_line' id='line_1_1' title="bbox 1442 474 1506 543; baseline 0.016 -1"><span class='ocrx_word' id='word_1_1' title='bbox 1442 474 1506 543; x_wconf 89' lang='grc'><strong>149</strong></span> 
     </span>
    </p>
   </div>
   <div class='ocr_carea' id='block_1_2' title="bbox 233 642 1592 4339">
    <p class='ocr_par' dir='ltr' id='par_1_2' title="bbox 233 642 1592 4339">
     <span class='ocr_line' id='line_1_2' title="bbox 280 642 1510 725; baseline 0.002 -23"><span class='ocrx_word' id='word_1_2' title='bbox 280 644 553 721; x_wconf 58' lang='lat' dir='ltr'><strong>impanatum).</strong></span> <span class='ocrx_word' id='word_1_3' title='bbox 571 678 613 688; x_wconf 93' lang='lat'><strong>—</strong></span> <span class='ocrx_word' id='word_1_4' title='bbox 630 647 773 703; x_wconf 76' lang='lat' dir='ltr'><strong>Attamen</strong></span> <span class='ocrx_word' id='word_1_5' title='bbox 790 642 966 722; x_wconf 76' lang='lat' dir='ltr'>benignitas</span> <span class='ocrx_word' id='word_1_6' title='bbox 983 644 1056 725; x_wconf 85' lang='lat' dir='ltr'><strong>Dei,</strong></span> <span class='ocrx_word' id='word_1_7' title='bbox 1074 663 1151 722; x_wconf 88' lang='lat' dir='ltr'><strong>quae</strong></span> <span class='ocrx_word' id='word_1_8' title='bbox 1168 644 1288 704; x_wconf 91' lang='lat' dir='ltr'><strong>nonnisi</strong></span> <span class='ocrx_word' id='word_1_9' title='bbox 1306 654 1422 704; x_wconf 91' lang='lat' dir='ltr'><strong>tantum</strong></span> <span class='ocrx_word' id='word_1_10' title='bbox 1439 665 1510 722; x_wconf 89' lang='lat' dir='ltr'><strong>per·</strong></span> 
     </span>
     <span class='ocr_line' id='line_1_3' title="bbox 278 751 1510 834; baseline 0.004 -24"><span class='ocrx_word' id='word_1_11' title='bbox 278 751 327 810; x_wconf 80' lang='lat' dir='ltr'><strong>le</strong></span> <span class='ocrx_word' id='word_1_12' title='bbox 337 753 466 812; x_wconf 82' lang='lat' dir='ltr'><strong>etionis</strong></span> <span class='ocrx_word' id='word_1_13' title='bbox 483 763 573 831; x_wconf 90' lang='lat' dir='ltr'><strong>atque</strong></span> <span class='ocrx_word' id='word_1_14' title='bbox 591 753 750 812; x_wconf 78' lang='lat' dir='ltr'><strong>felicitatis</strong></span> <span class='ocrx_word' id='word_1_15' title='bbox 768 753 924 813; x_wconf 75' lang='lat' dir='ltr'><strong>creaturis</strong></span> <span class='ocrx_word' id='word_1_16' title='bbox 941 752 1093 834; x_wconf 79' lang='lat' dir='ltr'><strong>attribuit,</strong></span> <span class='ocrx_word' id='word_1_17' title='bbox 1109 764 1255 830; x_wconf 87' lang='lat' dir='ltr'><strong>quantum</strong></span> <span class='ocrx_word' id='word_1_18' title='bbox 1273 755 1510 831; x_wconf 77' lang='lat' dir='ltr'><strong>sapientissimis</strong></span> 
     </span>
     <span class='ocr_line' id='line_1_4' title="bbox 276 860 1511 941; baseline 0.005 -22"><span class='ocrx_word' id='word_1_19' title='bbox 276 860 319 935; x_wconf 81' lang='lat' dir='ltr'><strong>ej</strong></span> <span class='ocrx_word' id='word_1_20' title='bbox 323 880 393 921; x_wconf 87' lang='lat' dir='ltr'><strong>us</strong></span> <span class='ocrx_word' id='word_1_21' title='bbox 406 863 542 924; x_wconf 81' lang='lat' dir='ltr'><strong>consiliis</strong></span> <span class='ocrx_word' id='word_1_22' title='bbox 559 863 737 939; x_wconf 84' lang='lat' dir='ltr'><strong>respondet,</strong></span> <span class='ocrx_word' id='word_1_23' title='bbox 755 881 943 939; x_wconf 87' lang='lat' dir='ltr'><strong>nequaquam</strong></span> <span class='ocrx_word' id='word_1_24' title='bbox 961 863 1074 933; x_wconf 86' lang='lat' dir='ltr'><strong>obstat,</strong></span> <span class='ocrx_word' id='word_1_25' title='bbox 1092 864 1251 939; x_wconf 87' lang='lat' dir='ltr'><strong>quominus</strong></span> <span class='ocrx_word' id='word_1_26' title='bbox 1272 883 1327 940; x_wconf 90' lang='lat' dir='ltr'><strong>per</strong></span> <span class='ocrx_word' id='word_1_27' title='bbox 1349 875 1511 941; x_wconf 80' lang='lat' dir='ltr'><strong>peecatum</strong></span> 
     </span>
     <span class='ocr_line' id='line_1_5' title="bbox 275 971 1510 1050; baseline 0.004 -20"><span class='ocrx_word' id='word_1_28' title='bbox 275 972 412 1031; x_wconf 83' lang='lat' dir='ltr'><strong>unius</strong></span> <span class='ocrx_word' id='word_1_29' title='bbox 433 971 579 1046; x_wconf 88' lang='lat' dir='ltr'><strong>hominis,</strong></span> <span class='ocrx_word' id='word_1_30' title='bbox 602 972 652 1049; x_wconf 89' lang='lat' dir='ltr'><strong>qui</strong></span> <span class='ocrx_word' id='word_1_31' title='bbox 675 982 767 1048; x_wconf 86' lang='lat' dir='ltr'><strong>eaput</strong></span> <span class='ocrx_word' id='word_1_32' title='bbox 786 972 881 1031; x_wconf 86' lang='lat' dir='ltr'><strong>totius</strong></span> <span class='ocrx_word' id='word_1_33' title='bbox 898 972 1026 1050; x_wconf 84' lang='lat' dir='ltr'><strong>generis</strong></span> <span class='ocrx_word' id='word_1_34' title='bbox 1042 971 1166 1031; x_wconf 90' lang='lat' dir='ltr'><strong>humani</strong></span> <span class='ocrx_word' id='word_1_35' title='bbox 1188 974 1328 1032; x_wconf 90' lang='lat' dir='ltr'><strong>naturale</strong></span> <span class='ocrx_word' id='word_1_36' title='bbox 1347 983 1378 1032; x_wconf 90' lang='lat' dir='ltr'><strong>et</strong></span> <span class='ocrx_word' id='word_1_37' title='bbox 1394 976 1510 1035; x_wconf 88' lang='lat' dir='ltr'><strong>morale</strong></span> 
     </span>
     <span class='ocr_line' id='line_1_6' title="bbox 276 1081 1508 1159; baseline 0.002 -18"><span class='ocrx_word' id='word_1_38' title='bbox 276 1093 403 1154; x_wconf 77' lang='lat' dir='ltr'><strong>erat,</strong></span> <span class='ocrx_word' id='word_1_39' title='bbox 418 1081 549 1151; x_wconf 84' lang='lat' dir='ltr'><strong>humana</strong></span> <span class='ocrx_word' id='word_1_40' title='bbox 565 1091 677 1141; x_wconf 87' lang='lat' dir='ltr'><strong>natura</strong></span> <span class='ocrx_word' id='word_1_41' title='bbox 693 1082 796 1152; x_wconf 92' lang='lat' dir='ltr'><strong>donis,</strong></span> <span class='ocrx_word' id='word_1_42' title='bbox 821 1100 897 1159; x_wconf 89' lang='lat' dir='ltr'><strong>quae</strong></span> <span class='ocrx_word' id='word_1_43' title='bbox 919 1083 956 1141; x_wconf 87' lang='lat' dir='ltr'><strong>ad</strong></span> <span class='ocrx_word' id='word_1_44' title='bbox 980 1082 1046 1157; x_wconf 84' lang='lat' dir='ltr'><strong>ejus</strong></span> <span class='ocrx_word' id='word_1_45' title='bbox 1064 1084 1330 1159; x_wconf 86' lang='lat' dir='ltr'><strong>supernaturalem</strong></span> <span class='ocrx_word' id='word_1_46' title='bbox 1348 1086 1508 1144; x_wconf 89' lang='lat' dir='ltr'><strong>exaltatio-</strong></span> 
     </span>
     <span class='ocr_line' id='line_1_7' title="bbox 275 1192 1510 1272; baseline 0 -20"><span class='ocrx_word' id='word_1_47' title='bbox 275 1210 392 1252; x_wconf 82' lang='lat' dir='ltr'><strong>nen</strong></span> <span class='ocrx_word' id='word_1_48' title='bbox 408 1202 497 1270; x_wconf 86' lang='lat' dir='ltr'><strong>atque</strong></span> <span class='ocrx_word' id='word_1_49' title='bbox 513 1192 727 1272; x_wconf 76' lang='lat' dir='ltr'><strong>iutegritatem</strong></span> <span class='ocrx_word' id='word_1_50' title='bbox 744 1192 950 1269; x_wconf 84' lang='lat' dir='ltr'><strong>pertinebant,</strong></span> <span class='ocrx_word' id='word_1_51' title='bbox 967 1193 1160 1269; x_wconf 87' lang='lat' dir='ltr'><strong>privaretur,</strong></span> <span class='ocrx_word' id='word_1_52' title='bbox 1178 1193 1336 1253; x_wconf 89' lang='lat' dir='ltr'><strong>dummodo</strong></span> <span class='ocrx_word' id='word_1_53' title='bbox 1352 1194 1382 1252; x_wconf 94' lang='lat' dir='ltr'><strong>id</strong></span> <span class='ocrx_word' id='word_1_54' title='bbox 1400 1212 1510 1254; x_wconf 87' lang='lat' dir='ltr'><strong>seeun-</strong></span> 
     </span>
     <span class='ocr_line' id='line_1_8' title="bbox 278 1301 1510 1382; baseline 0.002 -21"><span class='ocrx_word' id='word_1_55' title='bbox 278 1303 393 1361; x_wconf 75' lang='lat' dir='ltr'><strong>dum</strong></span> <span class='ocrx_word' id='word_1_56' title='bbox 407 1303 507 1382; x_wconf 76' lang='lat' dir='ltr'><strong>leges,</strong></span> <span class='ocrx_word' id='word_1_57' title='bbox 518 1302 609 1377; x_wconf 84' lang='lat' dir='ltr'><strong>juxta</strong></span> <span class='ocrx_word' id='word_1_58' title='bbox 626 1320 701 1379; x_wconf 88' lang='lat' dir='ltr'><strong>quas</strong></span> <span class='ocrx_word' id='word_1_59' title='bbox 718 1304 804 1361; x_wconf 88' lang='lat' dir='ltr'><strong>Deus</strong></span> <span class='ocrx_word' id='word_1_60' title='bbox 822 1320 877 1379; x_wconf 90' lang='lat' dir='ltr'><strong>pro</strong></span> <span class='ocrx_word' id='word_1_61' title='bbox 894 1301 1014 1361; x_wconf 87' lang='lat' dir='ltr'><strong>infinita</strong></span> <span class='ocrx_word' id='word_1_62' title='bbox 1031 1320 1087 1360; x_wconf 91' lang='lat' dir='ltr'><strong>sua</strong></span> <span class='ocrx_word' id='word_1_63' title='bbox 1104 1303 1255 1378; x_wconf 89' lang='lat' dir='ltr'><strong>sapientia</strong></span> <span class='ocrx_word' id='word_1_64' title='bbox 1272 1303 1413 1362; x_wconf 89' lang='lat' dir='ltr'><strong>mundum</strong></span> <span class='ocrx_word' id='word_1_65' title='bbox 1431 1303 1510 1365; x_wconf 89' lang='lat' dir='ltr'><strong>hune</strong></span> 
     </span>
     <span class='ocr_line' id='line_1_9' title="bbox 282 1411 1510 1491; baseline 0.003 -21"><span class='ocrx_word' id='word_1_66' title='bbox 282 1412 483 1491; x_wconf 76' lang='lat' dir='ltr'><strong>gubernat,</strong></span> <span class='ocrx_word' id='word_1_67' title='bbox 500 1431 538 1472; x_wconf 90' lang='lat' dir='ltr'><strong>ae</strong></span> <span class='ocrx_word' id='word_1_68' title='bbox 555 1412 732 1491; x_wconf 75' lang='lat' dir='ltr'><strong>gubernare</strong></span> <span class='ocrx_word' id='word_1_69' title='bbox 750 1411 850 1480; x_wconf 89' lang='lat' dir='ltr'><strong>debet,</strong></span> <span class='ocrx_word' id='word_1_70' title='bbox 867 1412 1080 1471; x_wconf 86' lang='lat' dir='ltr'><strong>necessarium</strong></span> <span class='ocrx_word' id='word_1_71' title='bbox 1097 1412 1203 1475; x_wconf 85' lang='lat' dir='ltr'><strong>luerit.</strong></span> <span class='ocrx_word' id='word_1_72' title='bbox 1228 1411 1305 1487; x_wconf 79' lang='lat' dir='ltr'><strong>Quid</strong></span> <span class='ocrx_word' id='word_1_73' title='bbox 1322 1423 1422 1471; x_wconf 89' lang='lat' dir='ltr'><strong>autem</strong></span> <span class='ocrx_word' id='word_1_74' title='bbox 1440 1411 1510 1474; x_wconf 88' lang='lat' dir='ltr'><strong>huie</strong></span> 
     </span>
     <span class='ocr_line' id='line_1_10' title="bbox 285 1520 1511 1599; baseline 0.002 -20"><span class='ocrx_word' id='word_1_75' title='bbox 285 1521 489 1598; x_wconf 77' lang='lat' dir='ltr'><strong>sapientiae</strong></span> <span class='ocrx_word' id='word_1_76' title='bbox 507 1521 642 1594; x_wconf 87' lang='lat' dir='ltr'><strong>divinae,</strong></span> <span class='ocrx_word' id='word_1_77' title='bbox 670 1520 758 1596; x_wconf 84' lang='lat' dir='ltr'><strong>eujus</strong></span> <span class='ocrx_word' id='word_1_78' title='bbox 771 1522 944 1599; x_wconf 77' lang='lat' dir='ltr'><strong>profunda</strong></span> <span class='ocrx_word' id='word_1_79' title='bbox 960 1527 1040 1581; x_wconf 81' lang='lat' dir='ltr'><strong>sunt</strong></span> <span class='ocrx_word' id='word_1_80' title='bbox 1054 1520 1208 1594; x_wconf 81' lang='lat' dir='ltr'><strong>coneilio,</strong></span> <span class='ocrx_word' id='word_1_81' title='bbox 1225 1526 1258 1580; x_wconf 85' lang='lat' dir='ltr'><strong>et</strong></span> <span class='ocrx_word' id='word_1_82' title='bbox 1270 1522 1511 1597; x_wconf 74' lang='lat' dir='ltr'><strong>inoestipodiles</strong></span> 
     </span>
     <span class='ocr_line' id='line_1_11' title="bbox 287 1631 1510 1709; baseline -0.001 -17"><span class='ocrx_word' id='word_1_83' title='bbox 287 1634 390 1692; x_wconf 74' lang='lat' dir='ltr'><strong>uiae</strong></span> <span class='ocrx_word' id='word_1_84' title='bbox 405 1634 491 1709; x_wconf 78' lang='lat' dir='ltr'><strong>ejus,</strong></span> <span class='ocrx_word' id='word_1_85' title='bbox 510 1631 673 1691; x_wconf 81' lang='lat' dir='ltr'><strong>conveniat</strong></span> <span class='ocrx_word' id='word_1_86' title='bbox 688 1638 741 1690; x_wconf 90' lang='lat' dir='ltr'><strong>aut</strong></span> <span class='ocrx_word' id='word_1_87' title='bbox 756 1631 980 1704; x_wconf 79' lang='lat' dir='ltr'><strong>disconveniat,</strong></span> <span class='ocrx_word' id='word_1_88' title='bbox 999 1651 1016 1690; x_wconf 91' lang='lat' dir='ltr'><strong>a</strong></span> <span class='ocrx_word' id='word_1_89' title='bbox 1031 1632 1129 1709; x_wconf 90' lang='lat' dir='ltr'><strong>priori</strong></span> <span class='ocrx_word' id='word_1_90' title='bbox 1145 1631 1324 1706; x_wconf 83' lang='lat' dir='ltr'><strong>dijudicare,</strong></span> <span class='ocrx_word' id='word_1_91' title='bbox 1337 1632 1397 1690; x_wconf 88' lang='lat' dir='ltr'><strong>nisi</strong></span> <span class='ocrx_word' id='word_1_92' title='bbox 1413 1633 1442 1691; x_wconf 93' lang='lat' dir='ltr'><strong>in</strong></span> <span class='ocrx_word' id='word_1_93' title='bbox 1460 1652 1510 1691; x_wconf 86' lang='lat' dir='ltr'><strong>re·</strong></span> 
     </span>
     <span class='ocr_line' id='line_1_12' title="bbox 290 1740 1510 1819; baseline 0.001 -20"><span class='ocrx_word' id='word_1_94' title='bbox 290 1741 376 1799; x_wconf 81' lang='lat' dir='ltr'><strong>bus</strong></span> <span class='ocrx_word' id='word_1_95' title='bbox 393 1740 581 1814; x_wconf 78' lang='lat' dir='ltr'><strong>manifestis,</strong></span> <span class='ocrx_word' id='word_1_96' title='bbox 605 1740 702 1818; x_wconf 88' lang='lat' dir='ltr'><strong>qualis</strong></span> <span class='ocrx_word' id='word_1_97' title='bbox 725 1749 825 1799; x_wconf 92' lang='lat' dir='ltr'><strong>tamen</strong></span> <span class='ocrx_word' id='word_1_98' title='bbox 848 1750 1009 1818; x_wconf 82' lang='lat' dir='ltr'><strong>peecatum</strong></span> <span class='ocrx_word' id='word_1_99' title='bbox 1031 1741 1184 1819; x_wconf 81' lang='lat' dir='ltr'><strong>originale</strong></span> <span class='ocrx_word' id='word_1_100' title='bbox 1206 1740 1285 1799; x_wconf 92' lang='lat' dir='ltr'><strong>haud</strong></span> <span class='ocrx_word' id='word_1_101' title='bbox 1302 1751 1361 1813; x_wconf 90' lang='lat' dir='ltr'><strong>est,</strong></span> <span class='ocrx_word' id='word_1_102' title='bbox 1379 1741 1510 1800; x_wconf 87' lang='lat' dir='ltr'><strong>rationis</strong></span> 
     </span>
     <span class='ocr_line' id='line_1_13' title="bbox 296 1850 1508 1927; baseline 0.002 -20"><span class='ocrx_word' id='word_1_103' title='bbox 296 1860 458 1923; x_wconf 77' lang='lat' dir='ltr'><strong>rostrae,</strong></span> <span class='ocrx_word' id='word_1_104' title='bbox 470 1850 569 1911; x_wconf 88' lang='lat' dir='ltr'><strong>aretis</strong></span> <span class='ocrx_word' id='word_1_105' title='bbox 586 1850 733 1910; x_wconf 87' lang='lat' dir='ltr'><strong>limitibus</strong></span> <span class='ocrx_word' id='word_1_106' title='bbox 751 1851 1020 1927; x_wconf 77' lang='lat' dir='ltr'><strong>circumscriptae,</strong></span> <span class='ocrx_word' id='word_1_107' title='bbox 1038 1868 1097 1909; x_wconf 92' lang='lat' dir='ltr'><strong>uon</strong></span> <span class='ocrx_word' id='word_1_108' title='bbox 1115 1859 1164 1908; x_wconf 89' lang='lat' dir='ltr'><strong>est</strong></span> <span class='ocrx_word' id='word_1_109' title='bbox 1171 1873 1180 1920; x_wconf 84' lang='lat'>3</span> <span class='ocrx_word' id='word_1_110' title='bbox 1199 1851 1253 1908; x_wconf 90' lang='lat' dir='ltr'><strong>sed</strong></span> <span class='ocrx_word' id='word_1_111' title='bbox 1271 1860 1320 1909; x_wconf 91' lang='lat' dir='ltr'><strong>est</strong></span> <span class='ocrx_word' id='word_1_112' title='bbox 1331 1850 1466 1925; x_wconf 90' lang='lat' dir='ltr'><strong>ejusdem</strong></span> <span class='ocrx_word' id='word_1_113' title='bbox 1477 1852 1508 1910; x_wconf 91' lang='lat' dir='ltr'><strong>in</strong></span> 
     </span>
     <span class='ocr_line' id='line_1_14' title="bbox 302 1959 1509 2038; baseline 0.002 -22"><span class='ocrx_word' id='word_1_114' title='bbox 302 1960 470 2032; x_wconf 77' lang='lat' dir='ltr'><strong>omnibus,</strong></span> <span class='ocrx_word' id='word_1_115' title='bbox 488 1979 565 2038; x_wconf 84' lang='lat' dir='ltr'><strong>quae</strong></span> <span class='ocrx_word' id='word_1_116' title='bbox 581 1979 658 2019; x_wconf 89' lang='lat' dir='ltr'><strong>vera</strong></span> <span class='ocrx_word' id='word_1_117' title='bbox 674 1979 745 2018; x_wconf 89' lang='lat' dir='ltr'><strong>esse</strong></span> <span class='ocrx_word' id='word_1_118' title='bbox 766 1978 823 2036; x_wconf 86' lang='lat' dir='ltr'><strong>per</strong></span> <span class='ocrx_word' id='word_1_119' title='bbox 839 1959 1059 2019; x_wconf 91' lang='lat' dir='ltr'><strong>revelationem</strong></span> <span class='ocrx_word' id='word_1_120' title='bbox 1075 1960 1206 2018; x_wconf 90' lang='lat' dir='ltr'><strong>divinam</strong></span> <span class='ocrx_word' id='word_1_121' title='bbox 1229 1960 1415 2030; x_wconf 85' lang='lat' dir='ltr'><strong>edoeemur,</strong></span> <span class='ocrx_word' id='word_1_122' title='bbox 1438 1979 1509 2020; x_wconf 90' lang='lat' dir='ltr'><strong>oon-</strong></span> 
     </span>
     <span class='ocr_line' id='line_1_15' title="bbox 300 2068 1509 2145; baseline 0.006 -23"><span class='ocrx_word' id='word_1_123' title='bbox 300 2070 503 2129; x_wconf 85' lang='lat' dir='ltr'><strong>venientiam</strong></span> <span class='ocrx_word' id='word_1_124' title='bbox 520 2087 588 2129; x_wconf 89' lang='lat' dir='ltr'><strong>eum</strong></span> <span class='ocrx_word' id='word_1_125' title='bbox 604 2069 657 2127; x_wconf 85' lang='lat' dir='ltr'><strong>illa</strong></span> <span class='ocrx_word' id='word_1_126' title='bbox 673 2079 761 2129; x_wconf 90' lang='lat' dir='ltr'><strong>oerto</strong></span> <span class='ocrx_word' id='word_1_127' title='bbox 780 2088 815 2129; x_wconf 87' lang='lat' dir='ltr'><strong>ao</strong></span> <span class='ocrx_word' id='word_1_128' title='bbox 830 2068 999 2128; x_wconf 87' lang='lat' dir='ltr'><strong>indubitate</strong></span> <span class='ocrx_word' id='word_1_129' title='bbox 1016 2086 1200 2145; x_wconf 90' lang='lat' dir='ltr'><strong>supponere.</strong></span> <span class='ocrx_word' id='word_1_130' title='bbox 1221 2069 1391 2128; x_wconf 76' lang='lat' dir='ltr'><strong>l’eooatum</strong></span> <span class='ocrx_word' id='word_1_131' title='bbox 1408 2081 1509 2129; x_wconf 90' lang='lat' dir='ltr'><strong>autem</strong></span> 
     </span>
     <span class='ocr_line' id='line_1_16' title="bbox 301 2178 1509 2256; baseline 0.006 -24"><span class='ocrx_word' id='word_1_132' title='bbox 301 2188 569 2256; x_wconf 79' lang='lat' dir='ltr'><strong>protoparentum</strong></span> <span class='ocrx_word' id='word_1_133' title='bbox 597 2197 656 2238; x_wconf 92' lang='lat' dir='ltr'><strong>nou</strong></span> <span class='ocrx_word' id='word_1_134' title='bbox 683 2197 754 2238; x_wconf 90' lang='lat' dir='ltr'><strong>esse</strong></span> <span class='ocrx_word' id='word_1_135' title='bbox 780 2178 990 2250; x_wconf 90' lang='lat' dir='ltr'><strong>levissimum,</strong></span> <span class='ocrx_word' id='word_1_136' title='bbox 1020 2178 1073 2236; x_wconf 90' lang='lat' dir='ltr'><strong>sed</strong></span> <span class='ocrx_word' id='word_1_137' title='bbox 1090 2178 1329 2256; x_wconf 83' lang='lat' dir='ltr'><strong>gravissimum,</strong></span> <span class='ocrx_word' id='word_1_138' title='bbox 1348 2198 1441 2255; x_wconf 89' lang='lat' dir='ltr'><strong>supra</strong></span> <span class='ocrx_word' id='word_1_139' title='bbox 1458 2182 1509 2239; x_wconf 89' lang='lat' dir='ltr'><strong>de·</strong></span> 
     </span>
     <span class='ocr_line' id='line_1_17' title="bbox 301 2288 1509 2366; baseline 0.002 -21"><span class='ocrx_word' id='word_1_140' title='bbox 301 2288 567 2349; x_wconf 77' lang='lat' dir='ltr'><strong>monstravimus.</strong></span> <span class='ocrx_word' id='word_1_141' title='bbox 606 2290 743 2348; x_wconf 80' lang='lat' dir='ltr'><strong>Tandem</strong></span> <span class='ocrx_word' id='word_1_142' title='bbox 769 2299 800 2347; x_wconf 89' lang='lat' dir='ltr'><strong>et</strong></span> <span class='ocrx_word' id='word_1_143' title='bbox 820 2307 876 2347; x_wconf 92' lang='lat' dir='ltr'><strong>nos</strong></span> <span class='ocrx_word' id='word_1_144' title='bbox 898 2298 1055 2357; x_wconf 90' lang='lat' dir='ltr'><strong>tenemus,</strong></span> <span class='ocrx_word' id='word_1_145' title='bbox 1076 2290 1176 2347; x_wconf 87' lang='lat' dir='ltr'><strong>Deum</strong></span> <span class='ocrx_word' id='word_1_146' title='bbox 1193 2307 1436 2366; x_wconf 88' lang='lat' dir='ltr'><strong>unumquemque</strong></span> <span class='ocrx_word' id='word_1_147' title='bbox 1453 2307 1509 2366; x_wconf 88' lang='lat' dir='ltr'><strong>pro</strong></span> 
     </span>
     <span class='ocr_line' id='line_1_18' title="bbox 301 2391 1509 2475; baseline 0.003 -22"><span class='ocrx_word' id='word_1_148' title='bbox 301 2391 414 2468; x_wconf 77' lang='lat' dir='ltr'><strong>ipsius</strong></span> <span class='ocrx_word' id='word_1_149' title='bbox 445 2399 537 2459; x_wconf 79' lang='lat' dir='ltr'><strong>laetis</strong></span> <span class='ocrx_word' id='word_1_150' title='bbox 564 2408 783 2472; x_wconf 79' lang='lat' dir='ltr'><strong>tractaturum,</strong></span> <span class='ocrx_word' id='word_1_151' title='bbox 807 2409 838 2458; x_wconf 90' lang='lat' dir='ltr'><strong>et</strong></span> <span class='ocrx_word' id='word_1_152' title='bbox 858 2398 1040 2458; x_wconf 87' lang='lat' dir='ltr'><strong>innoeentes</strong></span> <span class='ocrx_word' id='word_1_153' title='bbox 1062 2398 1098 2456; x_wconf 96' lang='lat' dir='ltr'><strong>ob</strong></span> <span class='ocrx_word' id='word_1_154' title='bbox 1118 2397 1249 2456; x_wconf 89' lang='lat' dir='ltr'><strong>alienum</strong></span> <span class='ocrx_word' id='word_1_155' title='bbox 1266 2407 1427 2475; x_wconf 82' lang='lat' dir='ltr'><strong>peecatum</strong></span> <span class='ocrx_word' id='word_1_156' title='bbox 1449 2415 1509 2457; x_wconf 91' lang='lat' dir='ltr'><strong>non</strong></span> 
     </span>
     <span class='ocr_line' id='line_1_19' title="bbox 260 2504 1508 2586; baseline 0.004 -25"><span class='ocrx_word' id='word_1_157' title='bbox 260 2504 264 2514; x_wconf 92' lang='lat'>&#39;</span> <span class='ocrx_word' id='word_1_158' title='bbox 302 2509 493 2575; x_wconf 80' lang='lat' dir='ltr'><strong>puniturum</strong></span> <span class='ocrx_word' id='word_1_159' title='bbox 505 2526 588 2580; x_wconf 80' lang='lat' dir='ltr'><strong>esse3</strong></span> <span class='ocrx_word' id='word_1_160' title='bbox 599 2526 696 2585; x_wconf 88' lang='lat' dir='ltr'><strong>neque</strong></span> <span class='ocrx_word' id='word_1_161' title='bbox 706 2508 788 2567; x_wconf 92' lang='lat' dir='ltr'><strong>aliud</strong></span> <span class='ocrx_word' id='word_1_162' title='bbox 798 2508 958 2586; x_wconf 84' lang='lat' dir='ltr'><strong>quidquam</strong></span> <span class='ocrx_word' id='word_1_163' title='bbox 965 2507 1131 2583; x_wconf 88' lang='lat' dir='ltr'><strong>inpeeeato</strong></span> <span class='ocrx_word' id='word_1_164' title='bbox 1143 2507 1290 2586; x_wconf 81' lang='lat' dir='ltr'><strong>originali</strong></span> <span class='ocrx_word' id='word_1_165' title='bbox 1297 2507 1508 2570; x_wconf 86' lang='lat' dir='ltr'><strong>obtinet.Nam</strong></span> 
     </span>
     <span class='ocr_line' id='line_1_20' title="bbox 302 2615 1508 2693; baseline 0.004 -23"><span class='ocrx_word' id='word_1_166' title='bbox 302 2615 442 2677; x_wconf 77' lang='lat' dir='ltr'><strong>amissio</strong></span> <span class='ocrx_word' id='word_1_167' title='bbox 458 2616 619 2677; x_wconf 77' lang='lat' dir='ltr'><strong>felicitatis</strong></span> <span class='ocrx_word' id='word_1_168' title='bbox 636 2627 793 2690; x_wconf 87' lang='lat' dir='ltr'><strong>aeternae,</strong></span> <span class='ocrx_word' id='word_1_169' title='bbox 811 2617 1063 2693; x_wconf 79' lang='lat' dir='ltr'><strong>eoncupiscentia</strong></span> <span class='ocrx_word' id='word_1_170' title='bbox 1072 2616 1258 2687; x_wconf 88' lang='lat' dir='ltr'><strong>inordinata,</strong></span> <span class='ocrx_word' id='word_1_171' title='bbox 1270 2634 1354 2675; x_wconf 85' lang='lat' dir='ltr'><strong>mors</strong></span> <span class='ocrx_word' id='word_1_172' title='bbox 1368 2615 1508 2693; x_wconf 85' lang='lat' dir='ltr'><strong>eorporis</strong></span> 
     </span>
     <span class='ocr_line' id='line_1_21' title="bbox 302 2720 1508 2806; baseline 0.008 -33"><span class='ocrx_word' id='word_1_173' title='bbox 302 2720 492 2804; x_wconf 85' lang='lat' dir='ltr'><strong>reliquaque</strong></span> <span class='ocrx_word' id='word_1_174' title='bbox 509 2726 588 2785; x_wconf 89' lang='lat' dir='ltr'><strong>mala</strong></span> <span class='ocrx_word' id='word_1_175' title='bbox 603 2726 754 2785; x_wconf 91' lang='lat' dir='ltr'><strong>interiora</strong></span> <span class='ocrx_word' id='word_1_176' title='bbox 774 2736 806 2785; x_wconf 93' lang='lat' dir='ltr'><strong>et</strong></span> <span class='ocrx_word' id='word_1_177' title='bbox 822 2726 991 2806; x_wconf 80' lang='lat' dir='ltr'><strong>exteriora,</strong></span> <span class='ocrx_word' id='word_1_178' title='bbox 1007 2726 1038 2784; x_wconf 91' lang='lat' dir='ltr'><strong>in</strong></span> <span class='ocrx_word' id='word_1_179' title='bbox 1056 2744 1132 2803; x_wconf 87' lang='lat' dir='ltr'><strong>quae</strong></span> <span class='ocrx_word' id='word_1_180' title='bbox 1149 2744 1205 2784; x_wconf 91' lang='lat' dir='ltr'><strong>nos</strong></span> <span class='ocrx_word' id='word_1_181' title='bbox 1223 2744 1291 2786; x_wconf 90' lang='lat' dir='ltr'><strong>oum</strong></span> <span class='ocrx_word' id='word_1_182' title='bbox 1307 2735 1508 2802; x_wconf 84' lang='lat' dir='ltr'><strong>protoparen-</strong></span> 
     </span>
     <span class='ocr_line' id='line_1_22' title="bbox 233 2816 1506 2914; baseline 0 -20"><span class='ocrx_word' id='word_1_183' title='bbox 233 2871 235 2885; x_wconf 74' lang='lat'><strong>.</strong></span> <span class='ocrx_word' id='word_1_184' title='bbox 303 2826 604 2907; x_wconf 73' lang='lat' dir='ltr'><strong>ibusinmrrimus,</strong></span> <span class='ocrx_word' id='word_1_185' title='bbox 619 2855 717 2912; x_wconf 88' lang='lat' dir='ltr'><strong>poena</strong></span> <span class='ocrx_word' id='word_1_186' title='bbox 726 2836 845 2914; x_wconf 81' lang='lat' dir='ltr'><strong>quidem</strong></span> <span class='ocrx_word' id='word_1_187' title='bbox 858 2847 940 2907; x_wconf 90' lang='lat' dir='ltr'><strong>sunt,</strong></span> <span class='ocrx_word' id='word_1_188' title='bbox 954 2816 1385 2914; x_wconf 35' lang='lat' dir='ltr'><strong>qua&#39;tamenpropteroulpam</strong></span> <span class='ocrx_word' id='word_1_189' title='bbox 1397 2836 1506 2913; x_wconf 86' lang='lat' dir='ltr'><strong>cuique</strong></span> 
     </span>
     <span class='ocr_line' id='line_1_23' title="bbox 233 2933 1506 3027; baseline 0.002 -23"><span class='ocrx_word' id='word_1_190' title='bbox 233 2983 236 2994; x_wconf 83' lang='lat'><strong>·</strong></span> <span class='ocrx_word' id='word_1_191' title='bbox 302 2933 527 3006; x_wconf 69' lang='lat' dir='ltr'><strong>inhaerentem</strong></span> <span class='ocrx_word' id='word_1_192' title='bbox 544 2963 580 3007; x_wconf 88' lang='lat' dir='ltr'><strong>ae</strong></span> <span class='ocrx_word' id='word_1_193' title='bbox 597 2947 762 3027; x_wconf 85' lang='lat' dir='ltr'><strong>propriam,</strong></span> <span class='ocrx_word' id='word_1_194' title='bbox 779 2964 970 3025; x_wconf 85' lang='lat' dir='ltr'><strong>nequaquam</strong></span> <span class='ocrx_word' id='word_1_195' title='bbox 987 2957 1088 3007; x_wconf 89' lang='lat' dir='ltr'><strong>autem</strong></span> <span class='ocrx_word' id='word_1_196' title='bbox 1104 2955 1232 3024; x_wconf 90' lang='lat' dir='ltr'><strong>propter</strong></span> <span class='ocrx_word' id='word_1_197' title='bbox 1253 2956 1415 3023; x_wconf 89' lang='lat' dir='ltr'><strong>peooatnm</strong></span> <span class='ocrx_word' id='word_1_198' title='bbox 1433 2947 1506 3006; x_wconf 91' lang='lat' dir='ltr'><strong>alie·</strong></span> 
     </span>
     <span class='ocr_line' id='line_1_24' title="bbox 302 3055 1505 3135; baseline 0.004 -23"><span class='ocrx_word' id='word_1_199' title='bbox 302 3060 395 3135; x_wconf 72' lang='lat' dir='ltr'><strong>lum,</strong></span> <span class='ocrx_word' id='word_1_200' title='bbox 410 3055 465 3116; x_wconf 91' lang='lat' dir='ltr'><strong>i.e.</strong></span> <span class='ocrx_word' id='word_1_201' title='bbox 482 3066 643 3132; x_wconf 84' lang='lat' dir='ltr'><strong>peecatum</strong></span> <span class='ocrx_word' id='word_1_202' title='bbox 658 3056 742 3114; x_wconf 80' lang='lat' dir='ltr'><strong>Adae</strong></span> <span class='ocrx_word' id='word_1_203' title='bbox 760 3057 880 3115; x_wconf 85' lang='lat' dir='ltr'><strong>actuale</strong></span> <span class='ocrx_word' id='word_1_204' title='bbox 898 3074 954 3115; x_wconf 91' lang='lat' dir='ltr'><strong>seu</strong></span> <span class='ocrx_word' id='word_1_205' title='bbox 970 3057 1144 3132; x_wconf 87' lang='lat' dir='ltr'><strong>personale,</strong></span> <span class='ocrx_word' id='word_1_206' title='bbox 1162 3055 1340 3134; x_wconf 81' lang='lat' dir='ltr'><strong>affligimur.</strong></span> <span class='ocrx_word' id='word_1_207' title='bbox 1365 3058 1436 3133; x_wconf 91' lang='lat' dir='ltr'><strong>lpsa</strong></span> <span class='ocrx_word' id='word_1_208' title='bbox 1454 3076 1505 3116; x_wconf 90' lang='lat' dir='ltr'><strong>au·</strong></span> 
     </span>
     <span class='ocr_line' id='line_1_25' title="bbox 302 3160 1505 3248; baseline 0.005 -29"><span class='ocrx_word' id='word_1_209' title='bbox 302 3160 370 3219; x_wconf 77' lang='lat' dir='ltr'><strong>itm</strong></span> <span class='ocrx_word' id='word_1_210' title='bbox 394 3165 517 3226; x_wconf 83' lang='lat' dir='ltr'><strong>aversio</strong></span> <span class='ocrx_word' id='word_1_211' title='bbox 534 3175 625 3243; x_wconf 88' lang='lat' dir='ltr'><strong>atque</strong></span> <span class='ocrx_word' id='word_1_212' title='bbox 644 3168 733 3241; x_wconf 89' lang='lat' dir='ltr'><strong>eulpa</strong></span> <span class='ocrx_word' id='word_1_213' title='bbox 748 3164 930 3234; x_wconf 87' lang='lat' dir='ltr'><strong>habitualis,</strong></span> <span class='ocrx_word' id='word_1_214' title='bbox 957 3184 1045 3243; x_wconf 89' lang='lat' dir='ltr'><strong>quam</strong></span> <span class='ocrx_word' id='word_1_215' title='bbox 1063 3184 1138 3224; x_wconf 89' lang='lat' dir='ltr'><strong>sane</strong></span> <span class='ocrx_word' id='word_1_216' title='bbox 1161 3184 1199 3223; x_wconf 85' lang='lat' dir='ltr'><strong>ex</strong></span> <span class='ocrx_word' id='word_1_217' title='bbox 1215 3175 1343 3242; x_wconf 90' lang='lat' dir='ltr'><strong>peooato</strong></span> <span class='ocrx_word' id='word_1_218' title='bbox 1360 3176 1505 3248; x_wconf 71' lang='lat' dir='ltr'><strong>protopa-</strong></span> 
     </span>
     <span class='ocr_line' id='line_1_26' title="bbox 302 3274 1505 3352; baseline 0.013 -34"><span class='ocrx_word' id='word_1_219' title='bbox 302 3279 434 3335; x_wconf 83' lang='lat' dir='ltr'><strong>rentum</strong></span> <span class='ocrx_word' id='word_1_220' title='bbox 461 3274 629 3348; x_wconf 86' lang='lat' dir='ltr'><strong>trahimus,</strong></span> <span class='ocrx_word' id='word_1_221' title='bbox 646 3294 705 3334; x_wconf 95' lang='lat' dir='ltr'><strong>nou</strong></span> <span class='ocrx_word' id='word_1_222' title='bbox 723 3284 771 3334; x_wconf 94' lang='lat' dir='ltr'><strong>est</strong></span> <span class='ocrx_word' id='word_1_223' title='bbox 787 3286 848 3335; x_wconf 89' lang='lat' dir='ltr'><strong>tam</strong></span> <span class='ocrx_word' id='word_1_224' title='bbox 865 3293 975 3351; x_wconf 89' lang='lat' dir='ltr'><strong>poena,</strong></span> <span class='ocrx_word' id='word_1_225' title='bbox 993 3293 1082 3352; x_wconf 90' lang='lat' dir='ltr'><strong>quam</strong></span> <span class='ocrx_word' id='word_1_226' title='bbox 1098 3275 1200 3352; x_wconf 92' lang='lat' dir='ltr'><strong>potius</strong></span> <span class='ocrx_word' id='word_1_227' title='bbox 1217 3275 1416 3335; x_wconf 80' lang='lat' dir='ltr'><strong>necessarius</strong></span> <span class='ocrx_word' id='word_1_228' title='bbox 1433 3293 1505 3351; x_wconf 86' lang='lat' dir='ltr'><strong>pee-</strong></span> 
     </span>
     <span class='ocr_line' id='line_1_27' title="bbox 240 3379 1506 3464; baseline -0.003 -18"><span class='ocrx_word' id='word_1_229' title='bbox 240 3424 242 3432; x_wconf 89' lang='lat'>·</span> <span class='ocrx_word' id='word_1_230' title='bbox 304 3379 371 3439; x_wconf 65' lang='lat' dir='ltr'><strong>lili</strong></span> <span class='ocrx_word' id='word_1_231' title='bbox 392 3385 474 3445; x_wconf 90' lang='lat' dir='ltr'><strong>illius</strong></span> <span class='ocrx_word' id='word_1_232' title='bbox 490 3387 632 3457; x_wconf 81' lang='lat' dir='ltr'><strong>effeetus,</strong></span> <span class='ocrx_word' id='word_1_233' title='bbox 650 3386 746 3463; x_wconf 86' lang='lat' dir='ltr'><strong>quiin</strong></span> <span class='ocrx_word' id='word_1_234' title='bbox 763 3384 904 3464; x_wconf 80' lang='lat' dir='ltr'><strong>singulos</strong></span> <span class='ocrx_word' id='word_1_235' title='bbox 920 3383 1059 3443; x_wconf 91' lang='lat' dir='ltr'><strong>homines</strong></span> <span class='ocrx_word' id='word_1_236' title='bbox 1082 3402 1138 3444; x_wconf 89' lang='lat' dir='ltr'><strong>eeu</strong></span> <span class='ocrx_word' id='word_1_237' title='bbox 1155 3385 1267 3443; x_wconf 88' lang='lat' dir='ltr'><strong>malum</strong></span> <span class='ocrx_word' id='word_1_238' title='bbox 1285 3384 1417 3452; x_wconf 86' lang='lat' dir='ltr'><strong>transit,</strong></span> <span class='ocrx_word' id='word_1_239' title='bbox 1436 3383 1506 3461; x_wconf 85' lang='lat' dir='ltr'><strong>quia</strong></span> 
     </span>
     <span class='ocr_line' id='line_1_28' title="bbox 304 3493 1505 3576; baseline -0.002 -22"><span class='ocrx_word' id='word_1_240' title='bbox 304 3496 450 3555; x_wconf 70' lang='lat' dir='ltr'><strong>nembro</strong></span> <span class='ocrx_word' id='word_1_241' title='bbox 467 3506 539 3556; x_wconf 90' lang='lat' dir='ltr'><strong>sunt</strong></span> <span class='ocrx_word' id='word_1_242' title='bbox 554 3496 681 3576; x_wconf 75' lang='lat' dir='ltr'><strong>generis</strong></span> <span class='ocrx_word' id='word_1_243' title='bbox 697 3496 832 3567; x_wconf 90' lang='lat' dir='ltr'><strong>humaui,</strong></span> <span class='ocrx_word' id='word_1_244' title='bbox 848 3496 926 3573; x_wconf 87' lang='lat' dir='ltr'><strong>quod</strong></span> <span class='ocrx_word' id='word_1_245' title='bbox 943 3495 974 3554; x_wconf 90' lang='lat' dir='ltr'><strong>in</strong></span> <span class='ocrx_word' id='word_1_246' title='bbox 992 3495 1092 3572; x_wconf 88' lang='lat' dir='ltr'><strong>eapite</strong></span> <span class='ocrx_word' id='word_1_247' title='bbox 1117 3513 1173 3552; x_wconf 92' lang='lat' dir='ltr'><strong>suo</strong></span> <span class='ocrx_word' id='word_1_248' title='bbox 1197 3513 1253 3570; x_wconf 89' lang='lat' dir='ltr'><strong>per</strong></span> <span class='ocrx_word' id='word_1_249' title='bbox 1277 3494 1406 3571; x_wconf 91' lang='lat' dir='ltr'><strong>primum</strong></span> <span class='ocrx_word' id='word_1_250' title='bbox 1432 3493 1505 3552; x_wconf 93' lang='lat' dir='ltr'><strong>illud</strong></span> 
     </span>
     <span class='ocr_line' id='line_1_29' title="bbox 305 3603 1504 3683; baseline -0.001 -21"><span class='ocrx_word' id='word_1_251' title='bbox 305 3605 472 3665; x_wconf 67' lang='lat' dir='ltr'><strong>boeotum</strong></span> <span class='ocrx_word' id='word_1_252' title='bbox 489 3623 507 3663; x_wconf 92' lang='lat' dir='ltr'><strong>a</strong></span> <span class='ocrx_word' id='word_1_253' title='bbox 522 3607 590 3665; x_wconf 90' lang='lat' dir='ltr'><strong>Deo</strong></span> <span class='ocrx_word' id='word_1_254' title='bbox 607 3624 641 3664; x_wconf 94' lang='lat' dir='ltr'><strong>se</strong></span> <span class='ocrx_word' id='word_1_255' title='bbox 659 3606 787 3675; x_wconf 81' lang='lat' dir='ltr'><strong>avertit3</strong></span> <span class='ocrx_word' id='word_1_256' title='bbox 805 3604 1056 3683; x_wconf 87' lang='lat' dir='ltr'><strong>quemadmodum</strong></span> <span class='ocrx_word' id='word_1_257' title='bbox 1074 3604 1166 3663; x_wconf 87' lang='lat' dir='ltr'><strong>etiam</strong></span> <span class='ocrx_word' id='word_1_258' title='bbox 1193 3603 1224 3662; x_wconf 89' lang='lat' dir='ltr'><strong>in</strong></span> <span class='ocrx_word' id='word_1_259' title='bbox 1241 3603 1379 3680; x_wconf 88' lang='lat' dir='ltr'><strong>peeoatis</strong></span> <span class='ocrx_word' id='word_1_260' title='bbox 1397 3621 1504 3679; x_wconf 87' lang='lat' dir='ltr'><strong>perso·</strong></span> 
     </span>
     <span class='ocr_line' id='line_1_30' title="bbox 234 3699 1505 3791; baseline -0.002 -20"><span class='ocrx_word' id='word_1_261' title='bbox 234 3706 245 3771; x_wconf 70' lang='grc'><strong>.’</strong></span> <span class='ocrx_word' id='word_1_262' title='bbox 305 3699 432 3772; x_wconf 66' lang='grc' dir='ltr'>Μίδαι</span> <span class='ocrx_word' id='word_1_263' title='bbox 448 3715 538 3790; x_wconf 86' lang='lat' dir='ltr'><strong>eulpa</strong></span> <span class='ocrx_word' id='word_1_264' title='bbox 560 3712 724 3773; x_wconf 82' lang='lat' dir='ltr'><strong>habitualis</strong></span> <span class='ocrx_word' id='word_1_265' title='bbox 746 3733 805 3774; x_wconf 92' lang='lat' dir='ltr'><strong>non</strong></span> <span class='ocrx_word' id='word_1_266' title='bbox 827 3725 888 3773; x_wconf 89' lang='lat' dir='ltr'><strong>tam</strong></span> <span class='ocrx_word' id='word_1_267' title='bbox 917 3724 1071 3791; x_wconf 87' lang='lat' dir='ltr'><strong>tamquam</strong></span> <span class='ocrx_word' id='word_1_268' title='bbox 1087 3730 1202 3789; x_wconf 87' lang='lat' dir='ltr'><strong>poena,</strong></span> <span class='ocrx_word' id='word_1_269' title='bbox 1220 3731 1310 3790; x_wconf 86' lang='lat' dir='ltr'><strong>quam</strong></span> <span class='ocrx_word' id='word_1_270' title='bbox 1326 3711 1429 3788; x_wconf 90' lang='lat' dir='ltr'><strong>potius</strong></span> <span class='ocrx_word' id='word_1_271' title='bbox 1447 3730 1505 3772; x_wconf 89' lang='lat' dir='ltr'><strong>eeu</strong></span> 
     </span>
     <span class='ocr_line' id='line_1_31' title="bbox 267 3817 1504 3901; baseline 0.002 -22"><span class='ocrx_word' id='word_1_272' title='bbox 267 3818 272 3831; x_wconf 93' lang='lat'>&#39;</span> <span class='ocrx_word' id='word_1_273' title='bbox 306 3817 461 3881; x_wconf 61' lang='lat' dir='ltr'><strong>”sturnis</strong></span> <span class='ocrx_word' id='word_1_274' title='bbox 479 3840 515 3883; x_wconf 89' lang='lat' dir='ltr'><strong>ao</strong></span> <span class='ocrx_word' id='word_1_275' title='bbox 532 3824 712 3885; x_wconf 79' lang='lat' dir='ltr'><strong>necessaria</strong></span> <span class='ocrx_word' id='word_1_276' title='bbox 728 3825 854 3901; x_wconf 86' lang='lat' dir='ltr'><strong>sequela</strong></span> <span class='ocrx_word' id='word_1_277' title='bbox 870 3823 1095 3884; x_wconf 82' lang='lat' dir='ltr'><strong>consideranda</strong></span> <span class='ocrx_word' id='word_1_278' title='bbox 1112 3831 1171 3885; x_wconf 85' lang='lat' dir='ltr'><strong>est.</strong></span> <span class='ocrx_word' id='word_1_279' title='bbox 1196 3821 1257 3880; x_wconf 90' lang='lat' dir='ltr'><strong>Vel</strong></span> <span class='ocrx_word' id='word_1_280' title='bbox 1274 3839 1366 3892; x_wconf 88' lang='lat' dir='ltr'><strong>vero,</strong></span> <span class='ocrx_word' id='word_1_281' title='bbox 1388 3823 1415 3880; x_wconf 95' lang='lat' dir='ltr'><strong>si</strong></span> <span class='ocrx_word' id='word_1_282' title='bbox 1440 3824 1504 3899; x_wconf 88' lang='lat' dir='ltr'><strong>pla-</strong></span> 
     </span>
     <span class='ocr_line' id='line_1_32' title="bbox 307 3925 1504 4010; baseline -0.003 -19"><span class='ocrx_word' id='word_1_283' title='bbox 307 3925 365 3991; x_wconf 63' lang='grc' dir='ltr'><strong>1θῑ,</strong></span> <span class='ocrx_word' id='word_1_284' title='bbox 392 3941 439 3991; x_wconf 92' lang='lat' dir='ltr'><strong>est</strong></span> <span class='ocrx_word' id='word_1_285' title='bbox 456 3931 579 3991; x_wconf 88' lang='lat' dir='ltr'><strong>aversio</strong></span> <span class='ocrx_word' id='word_1_286' title='bbox 596 3950 632 3992; x_wconf 88' lang='lat' dir='ltr'><strong>ae</strong></span> <span class='ocrx_word' id='word_1_287' title='bbox 650 3933 739 4008; x_wconf 87' lang='lat' dir='ltr'><strong>eulpa</strong></span> <span class='ocrx_word' id='word_1_288' title='bbox 754 3933 806 3990; x_wconf 88' lang='lat' dir='ltr'><strong>illa</strong></span> <span class='ocrx_word' id='word_1_289' title='bbox 823 3950 940 4009; x_wconf 89' lang='lat' dir='ltr'><strong>poena</strong></span> <span class='ocrx_word' id='word_1_290' title='bbox 956 3941 1118 3990; x_wconf 86' lang='lat' dir='ltr'><strong>naturae</strong></span> <span class='ocrx_word' id='word_1_291' title='bbox 1136 3947 1178 3991; x_wconf 88' lang='lat' dir='ltr'><strong>ae</strong></span> <span class='ocrx_word' id='word_1_292' title='bbox 1197 3931 1360 4010; x_wconf 75' lang='lat' dir='ltr'><strong>generis</strong></span> <span class='ocrx_word' id='word_1_293' title='bbox 1377 3941 1504 4008; x_wconf 86' lang='lat' dir='ltr'><strong>propter</strong></span> 
     </span>
     <span class='ocr_line' id='line_1_33' title="bbox 233 4039 1504 4118; baseline -0.004 -15"><span class='ocrx_word' id='word_1_294' title='bbox 233 4084 236 4103; x_wconf 86' lang='lat'><strong>.</strong></span> <span class='ocrx_word' id='word_1_295' title='bbox 306 4039 471 4101; x_wconf 66' lang='lat' dir='ltr'><strong>tenentum</strong></span> <span class='ocrx_word' id='word_1_296' title='bbox 487 4043 518 4101; x_wconf 89' lang='lat' dir='ltr'><strong>in</strong></span> <span class='ocrx_word' id='word_1_297' title='bbox 535 4060 591 4100; x_wconf 94' lang='lat' dir='ltr'><strong>suo</strong></span> <span class='ocrx_word' id='word_1_298' title='bbox 608 4043 707 4118; x_wconf 85' lang='lat' dir='ltr'><strong>eapite</strong></span> <span class='ocrx_word' id='word_1_299' title='bbox 725 4042 923 4101; x_wconf 80' lang='lat' dir='ltr'><strong>commissum</strong></span> <span class='ocrx_word' id='word_1_300' title='bbox 940 4050 1113 4110; x_wconf 85' lang='lat' dir='ltr'><strong>eontracta,</strong></span> <span class='ocrx_word' id='word_1_301' title='bbox 1130 4058 1189 4099; x_wconf 93' lang='lat' dir='ltr'><strong>nou</strong></span> <span class='ocrx_word' id='word_1_302' title='bbox 1207 4049 1309 4099; x_wconf 91' lang='lat' dir='ltr'><strong>autem</strong></span> <span class='ocrx_word' id='word_1_303' title='bbox 1326 4059 1504 4117; x_wconf 87' lang='lat' dir='ltr'><strong>poenaper-</strong></span> 
     </span>
     <span class='ocr_line' id='line_1_34' title="bbox 306 4147 1504 4229; baseline 0.001 -21"><span class='ocrx_word' id='word_1_304' title='bbox 306 4147 443 4224; x_wconf 73' lang='lat' dir='ltr'><strong>⁸⁰¹talis,</strong></span> <span class='ocrx_word' id='word_1_305' title='bbox 474 4170 553 4229; x_wconf 83' lang='lat' dir='ltr'><strong>quae</strong></span> <span class='ocrx_word' id='word_1_306' title='bbox 578 4152 683 4229; x_wconf 84' lang='lat' dir='ltr'><strong>utique</strong></span> <span class='ocrx_word' id='word_1_307' title='bbox 705 4161 831 4228; x_wconf 91' lang='lat' dir='ltr'><strong>propter</strong></span> <span class='ocrx_word' id='word_1_308' title='bbox 854 4161 984 4228; x_wconf 86' lang='lat' dir='ltr'><strong>peecata</strong></span> <span class='ocrx_word' id='word_1_309' title='bbox 1002 4151 1103 4211; x_wconf 90' lang='lat' dir='ltr'><strong>aliena</strong></span> <span class='ocrx_word' id='word_1_310' title='bbox 1120 4169 1138 4209; x_wconf 92' lang='lat' dir='ltr'><strong>a</strong></span> <span class='ocrx_word' id='word_1_311' title='bbox 1154 4153 1221 4209; x_wconf 89' lang='lat' dir='ltr'><strong>Deo</strong></span> <span class='ocrx_word' id='word_1_312' title='bbox 1233 4150 1408 4225; x_wconf 83' lang='lat' dir='ltr'><strong>justissimo</strong></span> <span class='ocrx_word' id='word_1_313' title='bbox 1424 4150 1504 4210; x_wconf 89' lang='lat' dir='ltr'><strong>haud</strong></span> 
     </span>
     <span class='ocr_line' id='line_1_35' title="bbox 306 4236 1592 4339; baseline 0 -20"><span class='ocrx_word' id='word_1_314' title='bbox 306 4236 413 4339; x_wconf 63' lang='lat' dir='ltr'><strong>infligi</strong></span> <span class='ocrx_word' id='word_1_315' title='bbox 442 4271 557 4338; x_wconf 89' lang='lat' dir='ltr'><strong>potest.</strong></span> <span class='ocrx_word' id='word_1_316' title='bbox 597 4261 683 4320; x_wconf 90' lang='lat' dir='ltr'><strong>Unde</strong></span> <span class='ocrx_word' id='word_1_317' title='bbox 700 4261 792 4320; x_wconf 91' lang='lat' dir='ltr'><strong>etiam</strong></span> <span class='ocrx_word' id='word_1_318' title='bbox 808 4261 859 4322; x_wconf 89' lang='lat' dir='ltr'><strong>hio</strong></span> <span class='ocrx_word' id='word_1_319' title='bbox 876 4263 960 4321; x_wconf 89' lang='lat' dir='ltr'><strong>nulla</strong></span> <span class='ocrx_word' id='word_1_320' title='bbox 981 4261 1147 4321; x_wconf 85' lang='lat' dir='ltr'><strong>dillioultas</strong></span> <span class='ocrx_word' id='word_1_321' title='bbox 1167 4270 1336 4337; x_wconf 80' lang='lat' dir='ltr'><strong>comparet.</strong></span> <span class='ocrx_word' id='word_1_322' title='bbox 1362 4260 1447 4336; x_wconf 79' lang='lat' dir='ltr'><strong>Quae</strong></span> <span class='ocrx_word' id='word_1_323' title='bbox 1465 4261 1502 4319; x_wconf 91' lang='lat' dir='ltr'><strong>ab</strong></span> <span class='ocrx_word' id='word_1_324' title='bbox 1591 4287 1592 4290; x_wconf 39' lang='lat'>¹</span> 
     </span>
    </p>
   </div>
   <div class='ocr_carea' id='block_1_3' title="bbox 305 4349 1505 4455">
    <p class='ocr_par' dir='ltr' id='par_1_3' title="bbox 305 4349 1505 4455">
     <span class='ocr_line' id='line_1_36' title="bbox 305 4349 1505 4455; baseline -0.001 -26"><span class='ocrx_word' id='word_1_325' title='bbox 305 4349 490 4430; x_wconf 58' lang='lat' dir='ltr'><strong>advversario</strong></span> <span class='ocrx_word' id='word_1_326' title='bbox 523 4372 560 4430; x_wconf 90' lang='lat' dir='ltr'><strong>de</strong></span> <span class='ocrx_word' id='word_1_327' title='bbox 592 4372 781 4432; x_wconf 76' lang='lat' dir='ltr'><strong>necessitate</strong></span> <span class='ocrx_word' id='word_1_328' title='bbox 798 4372 946 4449; x_wconf 89' lang='lat' dir='ltr'><strong>peeeandi</strong></span> <span class='ocrx_word' id='word_1_329' title='bbox 963 4371 1083 4447; x_wconf 88' lang='lat' dir='ltr'><strong>adjeota</strong></span> <span class='ocrx_word' id='word_1_330' title='bbox 1100 4381 1185 4441; x_wconf 90' lang='lat' dir='ltr'><strong>sunt,</strong></span> <span class='ocrx_word' id='word_1_331' title='bbox 1213 4389 1272 4430; x_wconf 89' lang='lat' dir='ltr'><strong>nou</strong></span> <span class='ocrx_word' id='word_1_332' title='bbox 1296 4371 1505 4455; x_wconf 86' lang='lat' dir='ltr'><strong>adeoooutra</strong></span> 
     </span>
    </p>
   </div>
   <div class='ocr_carea' id='block_1_4' title="bbox 234 4454 1567 4658">
    <p class='ocr_par' dir='ltr' id='par_1_4' title="bbox 234 4454 1567 4658">
     <span class='ocr_line' id='line_1_37' title="bbox 305 4454 1567 4558; baseline 0.002 -22"><span class='ocrx_word' id='word_1_333' title='bbox 305 4454 483 4540; x_wconf 72' lang='lat' dir='ltr'><strong>ltetrioom</strong></span> <span class='ocrx_word' id='word_1_334' title='bbox 501 4481 703 4552; x_wconf 74' lang='lat' dir='ltr'><strong>Catholioam,</strong></span> <span class='ocrx_word' id='word_1_335' title='bbox 720 4500 808 4558; x_wconf 91' lang='lat' dir='ltr'><strong>quam</strong></span> <span class='ocrx_word' id='word_1_336' title='bbox 825 4490 934 4542; x_wconf 87' lang='lat' dir='ltr'><strong>eontra</strong></span> <span class='ocrx_word' id='word_1_337' title='bbox 951 4500 1091 4541; x_wconf 89' lang='lat' dir='ltr'><strong>errorem</strong></span> <span class='ocrx_word' id='word_1_338' title='bbox 1112 4480 1272 4540; x_wconf 89' lang='lat' dir='ltr'><strong>Lutheri</strong></span> <span class='ocrx_word' id='word_1_339' title='bbox 1300 4499 1336 4541; x_wconf 89' lang='lat' dir='ltr'><strong>ae</strong></span> <span class='ocrx_word' id='word_1_340' title='bbox 1354 4479 1505 4540; x_wconf 73' lang='lat' dir='ltr'><strong>Calvini</strong></span> <span class='ocrx_word' id='word_1_341' title='bbox 1563 4530 1567 4539; x_wconf 87' lang='lat'><strong>.</strong></span> 
     </span>
     <span class='ocr_line' id='line_1_38' title="bbox 234 4601 528 4658; baseline 0 -33"><span class='ocrx_word' id='word_1_342' title='bbox 234 4616 242 4658; x_wconf 20' lang='lat'><strong>.-</strong></span> <span class='ocrx_word' id='word_1_343' title='bbox 304 4601 528 4644; x_wconf 41' lang='lat' dir='ltr'><strong>N...-</strong></span> 
     </span>
    </p>
   </div>
   <div class='ocr_carea' id='block_1_5' title="bbox 304 4712 1505 4981">
    <p class='ocr_par' dir='ltr' id='par_1_5' title="bbox 304 4712 1505 4981">
     <span class='ocr_line' id='line_1_39' title="bbox 419 4712 1505 4798; baseline -0.001 -22"><span class='ocrx_word' id='word_1_344' title='bbox 419 4717 443 4793; x_wconf 83' lang='lat'><strong>¹)</strong></span> <span class='ocrx_word' id='word_1_345' title='bbox 460 4717 744 4798; x_wconf 84' lang='lat' dir='ltr'><strong>Wegsoheider,</strong></span> <span class='ocrx_word' id='word_1_346' title='bbox 776 4738 825 4798; x_wconf 87' lang='lat' dir='ltr'><strong>op.</strong></span> <span class='ocrx_word' id='word_1_347' title='bbox 851 4739 875 4780; x_wconf 87' lang='lat' dir='ltr'><strong>o.</strong></span> <span class='ocrx_word' id='word_1_348' title='bbox 899 4738 929 4798; x_wconf 85' lang='lat' dir='ltr'><strong>p.</strong></span> <span class='ocrx_word' id='word_1_349' title='bbox 957 4712 1021 4779; x_wconf 77' lang='lat'><strong>451</strong></span> <span class='ocrx_word' id='word_1_350' title='bbox 1048 4738 1073 4777; x_wconf 88' lang='lat' dir='ltr'><strong>s.</strong></span> <span class='ocrx_word' id='word_1_351' title='bbox 1096 4715 1141 4777; x_wconf 78' lang='lat' dir='ltr'><strong>df.</strong></span> <span class='ocrx_word' id='word_1_352' title='bbox 1158 4717 1345 4797; x_wconf 81' lang='lat' dir='ltr'><strong>Pelagius</strong></span> <span class='ocrx_word' id='word_1_353' title='bbox 1362 4737 1409 4795; x_wconf 89' lang='lat' dir='ltr'><strong>ap.</strong></span> <span class='ocrx_word' id='word_1_354' title='bbox 1433 4713 1505 4775; x_wconf 89' lang='lat' dir='ltr'><strong>Au·</strong></span> 
     </span>
     <span class='ocr_line' id='line_1_40' title="bbox 304 4795 1505 4888; baseline 0.008 -24"><span class='ocrx_word' id='word_1_355' title='bbox 304 4795 367 4854; x_wconf 54' lang='grc' dir='ltr'><strong>ΕΗΒ</strong></span> <span class='ocrx_word' id='word_1_356' title='bbox 379 4804 446 4866; x_wconf 81' lang='lat' dir='ltr'><strong>tin.</strong></span> <span class='ocrx_word' id='word_1_357' title='bbox 470 4809 519 4867; x_wconf 88' lang='lat' dir='ltr'><strong>De</strong></span> <span class='ocrx_word' id='word_1_358' title='bbox 533 4816 644 4887; x_wconf 82' lang='lat' dir='ltr'><strong>peceat.</strong></span> <span class='ocrx_word' id='word_1_359' title='bbox 660 4808 757 4870; x_wconf 78' lang='lat' dir='ltr'><strong>merit.</strong></span> <span class='ocrx_word' id='word_1_360' title='bbox 774 4811 793 4871; x_wconf 90' lang='lat' dir='ltr'><strong>l.</strong></span> <span class='ocrx_word' id='word_1_361' title='bbox 809 4812 839 4871; x_wconf 88' lang='lat'><strong>3.</strong></span> <span class='ocrx_word' id='word_1_362' title='bbox 857 4829 881 4869; x_wconf 88' lang='lat' dir='ltr'><strong>o.</strong></span> <span class='ocrx_word' id='word_1_363' title='bbox 898 4812 927 4871; x_wconf 88' lang='lat'><strong>3.</strong></span> <span class='ocrx_word' id='word_1_364' title='bbox 943 4828 974 4870; x_wconf 82' lang='lat' dir='ltr'><strong>n.</strong></span> <span class='ocrx_word' id='word_1_365' title='bbox 991 4811 1020 4871; x_wconf 90' lang='lat'><strong>5.</strong></span> <span class='ocrx_word' id='word_1_366' title='bbox 1039 4806 1119 4888; x_wconf 87' lang='lat' dir='ltr'><strong>Opp.</strong></span> <span class='ocrx_word' id='word_1_367' title='bbox 1132 4809 1171 4873; x_wconf 86' lang='grc' dir='ltr'><strong>Τ.</strong></span> <span class='ocrx_word' id='word_1_368' title='bbox 1189 4805 1241 4870; x_wconf 91' lang='grc'><strong>10.</strong></span> <span class='ocrx_word' id='word_1_369' title='bbox 1259 4829 1283 4870; x_wconf 89' lang='lat' dir='ltr'><strong>o.</strong></span> <span class='ocrx_word' id='word_1_370' title='bbox 1302 4804 1355 4870; x_wconf 80' lang='grc'><strong>73.</strong></span> <span class='ocrx_word' id='word_1_371' title='bbox 1372 4810 1421 4866; x_wconf 90' lang='lat' dir='ltr'><strong>De</strong></span> <span class='ocrx_word' id='word_1_372' title='bbox 1441 4813 1505 4873; x_wconf 82' lang='lat' dir='ltr'><strong>nat.</strong></span> 
     </span>
     <span class='ocr_line' id='line_1_41' title="bbox 306 4875 1274 4981; baseline 0.01 -24"><span class='ocrx_word' id='word_1_373' title='bbox 306 4875 430 4958; x_wconf 71' lang='lat' dir='ltr'><strong>tora.</strong></span> <span class='ocrx_word' id='word_1_374' title='bbox 444 4918 469 4961; x_wconf 72' lang='lat'><strong>0.</strong></span> <span class='ocrx_word' id='word_1_375' title='bbox 487 4902 537 4965; x_wconf 82' lang='lat'><strong>22.</strong></span> <span class='ocrx_word' id='word_1_376' title='bbox 552 4921 584 4965; x_wconf 69' lang='lat' dir='ltr'><strong>a.</strong></span> <span class='ocrx_word' id='word_1_377' title='bbox 600 4903 649 4963; x_wconf 78' lang='lat'><strong>24.</strong></span> <span class='ocrx_word' id='word_1_378' title='bbox 666 4897 715 4962; x_wconf 82' lang='lat' dir='ltr'><strong>n.</strong></span> <span class='ocrx_word' id='word_1_379' title='bbox 733 4921 759 4962; x_wconf 63' lang='grc' dir='ltr'><strong>ο.</strong></span> <span class='ocrx_word' id='word_1_380' title='bbox 778 4896 852 4963; x_wconf 77' lang='lat'><strong>137.</strong></span> <span class='ocrx_word' id='word_1_381' title='bbox 871 4899 1043 4981; x_wconf 67' lang='lat' dir='ltr'><strong>ortana,</strong></span> <span class='ocrx_word' id='word_1_382' title='bbox 1060 4920 1111 4979; x_wconf 80' lang='lat' dir='ltr'><strong>op.</strong></span> <span class='ocrx_word' id='word_1_383' title='bbox 1129 4920 1153 4962; x_wconf 65' lang='grc' dir='ltr'><strong>ο.</strong></span> <span class='ocrx_word' id='word_1_384' title='bbox 1170 4921 1201 4980; x_wconf 79' lang='lat' dir='ltr'><strong>p.</strong></span> <span class='ocrx_word' id='word_1_385' title='bbox 1218 4895 1274 4968; x_wconf 79' lang='lat'><strong>56.</strong></span> 
     </span>
    </p>
   </div>
   <div class='ocr_carea' id='block_1_6' title="bbox 0 0 1894 5625">
    <p class='ocr_par' dir='ltr' id='par_1_6' title="bbox 0 0 1894 5625">
     <span class='ocr_line' id='line_1_42' title="bbox 0 0 1894 5625; baseline 0 0"><span class='ocrx_word' id='word_1_386' title='bbox 0 0 1894 5625; x_wconf 95' lang='lat' dir='ltr'><strong> </strong></span> 
     </span>
    </p>
   </div>
  </div>
 </body>
</html>
