3775 5625
1472 444 1538 515 ³95

342 627 519 681 mentum
535 622 619 697 dat,
640 621 794 696 Deum).
810 620 934 681 Sensus
951 628 1018 680 est:
1034 618 1108 702 Ego
1123 613 1225 700 prima
1242 613 1364 679 semina
1374 613 1542 700 Evangelii

341 726 433 792 inter
446 749 508 792 vos
512 727 588 812 jeci,
600 729 713 812 Apollo
727 726 998 812 praedicationem
1015 724 1220 799 continuavit,
1230 737 1263 788 ut
1276 737 1452 789 sementem
1464 745 1540 808 pro·

343 838 497 910 veheret3
516 858 627 901 verum
644 838 733 901 solus
747 838 834 899 lleus
851 835 976 899 iuterna
995 834 1222 898 illuminatione
1235 845 1267 897 et
1278 833 1405 897 interno
1417 834 1539 917 adjuto-

346 946 396 1011 rio
419 945 538 1020 effecit,
556 958 591 1009 ut
606 945 752 1011 doctriua
764 958 875 1010 nostra
890 944 1015 1009 radices
1027 957 1154 1030 ageret,
1173 955 1364 1028 optatosque
1380 942 1543 1026 proferret

347 1056 485 1121 fructus.
526 1054 585 1133 oui
609 1053 753 1119 exterius
775 1056 872 1118 docet
892 1066 925 1117 et
953 1053 1033 1117 alios
1063 1052 1214 1126 instituit,
1237 1073 1350 1136 parum
1372 1053 1543 1116 admodum

349 1165 491 1239 confert,
514 1176 699 1249 comparate
727 1165 766 1228 ad
782 1164 900 1237 Deum,
932 1164 972 1226 ad
994 1162 1128 1226 aliorum
1145 1163 1295 1236 salutem,
1316 1161 1389 1246 quia
1408 1173 1544 1225 externo

349 1296 409 1339 suo
442 1273 620 1338 mimsterio
643 1295 705 1337 uou
721 1272 856 1359 ¹attingit
877 1271 1065 1337 interiorem
1091 1271 1355 1336 sanctificationis
1377 1269 1544 1342 effectum3

348 1385 408 1448 sed
424 1384 508 1447 hauc
525 1404 652 1447 omnem
668 1382 767 1446 efficit
783 1384 892 1455 Deus,
915 1381 967 1446 cui
984 1393 1157 1466 propterea
1171 1380 1266 1445 etiam
1282 1382 1352 1445 laus
1369 1380 1474 1445 omnis
1490 1382 1544 1445 ad·

350 1490 525 1556 scribenda
546 1504 605 1555 est
646 1491 681 1553 lu
710 1491 810 1554 altera
830 1491 870 1554 ad
887 1490 1116 1555 Corinthios
1133 1490 1284 1574 epistola:
1316 1491 1543 1571 Manifestcti,

344 1602 366 1666 i.
385 1622 414 1665 e.
432 1602 472 1665 de
489 1598 603 1685 quibus
619 1599 822 1663 manifestum
845 1612 909 1673 est,
941 1604 1032 1682 quod
1050 1602 1191 1681 epistola
1207 1606 1287 1662 estis
1306 1600 1451 1679 Otrtstt,
1476 1598 1495 1663 i.
1517 1620 1546 1663 e.

346 1714 383 1779 in
393 1730 457 1795 qua
467 1709 615 1774 Christus
632 1709 773 1794 scriptus
789 1721 850 1784 est,
865 1718 1055 1773 ministratu
1073 1734 1094 1773 u
1110 1713 1217 1791 notis,
1236 1708 1414 1773 ministerio
1431 1720 1546 1771 nostro

346 1817 555 1903 conscripta,
586 1829 619 1881 el
648 1827 775 1901 scriptu
790 1841 857 1882 non
874 1828 1075 1898 atramento,
1109 1823 1170 1881 aed
1187 1824 1341 1899 spiritu
1362 1821 1434 1880 Det
1454 1824 1543 1896 vict,

344 1928 367 1995 't
386 1951 415 1994 e.
434 1928 551 1991 virtute
569 1927 709 2011 Spiritus
726 1932 777 1993 S.:
817 1951 884 1991 stou
904 1937 939 1991 tu
961 1931 1087 1992 tubulis
1109 1931 1250 2009 lapideis
1255 1974 1268 2007 ,
1293 1931 1355 1990 ned
1372 1935 1407 1989 io
1423 1929 1548 1989 tubulis

345 2042 464 2101 cordis
495 2040 708 2117 carnalibus,
742 2059 855 2122 nempe
880 2037 912 2101 in
934 2038 1087 2102 cordibus
1120 2036 1239 2101 vestris
1263 2035 1420 2100 docilibus
1450 2036 1545 2099 etad

346 2145 461 2213 omnia
476 2146 621 2230 promtis.
645 2149 820 2210 Fiduciam
831 2156 939 2211 autem
957 2151 1055 2211 talem
1070 2151 1229 2212 tutemus
1241 2169 1303 2229 per
1316 2148 1487 2209 Christum
1504 2149 1550 2208 ud

347 2260 461 2321 Deum
468 2303 480 2336 ,
504 2256 524 2319 i.
547 2277 575 2319 e.
597 2258 682 2341 quod
705 2277 764 2321 uos
781 2256 853 2321 sitis
869 2256 1006 2341 epistola
1022 2278 1079 2342 per
1096 2278 1157 2321 uos
1174 2256 1355 2321 ministrata
1370 2266 1403 2318 et
1418 2275 1438 2318 a
1453 2252 1547 2319 nobis

349 2367 590 2453 quodammodo
622 2365 743 2450 scripta
774 2365 891 2430 virtute
923 2366 1062 2451 Spiritus
1094 2370 1149 2441 8.,
1181 2367 1220 2430 de
1252 2367 1316 2430 hoc
1347 2363 1549 2437 confidimus,

348 2475 532 2565 gloriamur
548 2496 607 2560 per
623 2475 786 2541 Christum
803 2478 842 2541 ad
857 2477 976 2541 Deum:
998 2500 1074 2540 non
1095 2481 1199 2559 quod
1212 2482 1477 2557 sufficientes
1492 2480 1549 2536 ei-

349 2608 441 2649 mur
455 2571 634 2663 cop'ttare
650 2591 720 2665 (sut
730 2587 822 2670 plane
832 2607 931 2673 agere
943 2598 976 2651 et
987 2585 1116 2671 exequi)
1134 2585 1360 2668 aliquid,ad
1371 2605 1440 2647 rem
1452 2602 1545 2646 evan·

349 2693 492 2784 gelisam
509 2706 564 2757 aut
580 2693 711 2758 omnino
729 2696 768 2759 ad
789 2694 939 2779 pietatem
961 2694 1141 2780 pertinens,
1162 2719 1183 2758 u
1205 2699 1337 2772 nobis,
1363 2700 1478 2776 quast
1500 2713 1550 2755 ec

349 2807 487 2879 nobie·
504 2806 578 2867 sed
591 2809 857 2886 sufficientia
872 2816 1016 2869 nostru
1032 2829 1082 2870 em
1102 2806 1182 2868 Deo
1198 2814 1278 2868 eet:
1296 2814 1361 2888 qul
1383 2806 1551 2867 idoneos

352 2937 431 2978 noc
444 2917 548 2988 fecit
563 2921 773 2977 ministros
788 2923 862 2979 noct
881 2918 1128 2994 Testameuffl).
1155 2914 1274 2994 Quibus
1292 2916 1388 2979 docet
1409 2915 1548 2997 Aposto-

351 3025 420 3098 lus,
442 3021 689 3087 iusufficientem
705 3044 741 3088 se
763 3046 851 3104 esse,
883 3037 916 3088 ut
938 3026 978 3088 ad
1002 3045 1096 3088 omne
1124 3045 1206 3108 opus
1228 3024 1361 3098 bonum,
1392 3021 1436 3088 ita
1457 3034 1490 3086 et
1509 3023 1549 3086 ad

347 3133 460 3205 fidem,
472 3152 566 3217 quam
577 3133 830 3217 praedicaverat,
848 3147 941 3219 atque
953 3135 1127 3218 potentiam
1141 3154 1232 3198 suam
1246 3133 1314 3198 sive
1326 3134 1365 3197 ad
1382 3133 1465 3197 bane
1481 3131 1549 3196 sive

348 3240 394 3308 ad
414 3240 505 3315 illud,
522 3241 582 3305 soli
590 3242 659 3306 Deo
672 3242 704 3306 iu
721 3242 863 3327 acceptis
876 3263 895 3306 a
906 3263 942 3306 se
955 3263 1029 3307 esse
1045 3241 1368 3327 referendam3idque
1378 3240 1545 3305 manifeste

348 3374 418 3418 nou
436 3363 557 3416 tantum
574 3352 682 3426 dese,
708 3354 766 3417 sed
782 3354 821 3416 dc
839 3352 988 3418 omnibus
1003 3352 1150 3417 fidelibus
1166 3350 1332 3439 iutelligit3
1350 3362 1546 3436 quapropter

348 3473 386 3527 et
417 3458 603 3525 Corinthios
634 3461 804 3546 epistolam
828 3462 983 3547 scriptam
1014 3461 1130 3526 virtute
1153 3460 1294 3546 Spiritus
1311 3463 1344 3525 S.
1368 3481 1442 3525 esse
1459 3480 1548 3524 asse·
1582 3465 1585 3477 '

348 3570 492 3646 verat⁸).
532 3570 614 3635 Hinc
644 3583 676 3635 et
707 3592 806 3655 porro
840 3575 899 3638 SS.
932 3571 1134 3656 Scriptores,
1168 3592 1296 3635 omnem
1329 3569 1425 3637 fidem
1457 3582 1551 3660 atque

351 3762 573 3777 m

473 3886 499 3960 ¹)
519 3881 546 3946 1.
558 3883 629 3945 Cor.
647 3881 677 3958 3,
694 3881 847 3947 6-t.-
864 3886 891 3966 ¹)
903 3883 941 3947 2.·
953 3884 1023 3947 Cor.
1040 3883 1072 3958 3,
1088 3883 1187 3948 3-6.
1205 3921 1246 3932 -
1265 3886 1294 3963 ³)
1311 3883 1357 3946 cf.
1374 3885 1406 3948 S.
1429 3883 1551 3964 Augu·

353 3976 498 4056 atinus,
528 3978 578 4035 De
595 3978 750 4051 praedest.
782 3976 886 4039 Senot.
904 3996 930 4038 c.
947 3981 976 4038 2.
993 3997 1024 4036 n.
1043 3979 1073 4039 5.
1106 3976 1165 4053 Qui
1181 3998 1219 4038 ex
1235 3977 1303 4038 loco
1319 3975 1441 4036 laudato
1465 3976 1552 4057 Apo-

352 4067 427 4128 stoli
444 4065 555 4126 refellit
570 4066 833 4147 Semipelagianos
855 4066 1014 4142 docentes,
1035 4067 1133 4150 fidem,
1150 4089 1212 4129 non
1228 4070 1295 4146 ejus
1316 4067 1434 4127 initium
1451 4067 1551 4128 aDoo

353 4178 434 4220 esse.
454 4156 533 4227 Quis
548 4157 642 4229 enim,
659 4158 709 4229 ait,
726 4178 788 4217 uon
801 4157 918 4232 videal,
930 4159 1024 4234 prius
1040 4179 1104 4219 esec
1136 4158 1268 4236 copitare
1299 4159 1554 4235 quamcredere?

358 4249 554 4324 Quamquam
585 4256 613 4308 el
641 4249 744 4325 ipsum
766 4251 886 4309 credere
907 4249 988 4310 uiuit
1002 4250 1090 4310 aliud
1104 4258 1161 4321 est,
1184 4271 1276 4326 quam
1297 4269 1363 4310 cum
1379 4249 1554 4309 assensione

354 4339 501 4418 cogitare.
538 4339 693 4410 Quocirca
708 4341 790 4401 sicut
807 4361 892 4402 nuno
912 4341 975 4400 atta·
994 4341 1113 4420 sufficit
1132 4345 1174 4401 cd
1193 4341 1401 4417 incipiendum
1421 4343 1468 4399 ael
1481 4360 1552 4416 per·

348 4431 520 4511 ficiusdum
542 4434 739 4509 quodcunque
759 4453 835 4508 opus
864 4435 973 4493 bouum
1005 4452 1062 4492 -ε
1094 4431 1138 4491 tta
1161 4453 1261 4493 nemo
1286 4431 1365 4492 sibi
1388 4431 1555 4510 sufficit

355 4525 405 4584 vel
423 4525 471 4582 ad
490 4521 817 4597 incipiendamvel
847 4527 894 4584 cd
914 4523 1195 4602 perficiendum
1219 4523 1355 4602 fidem,
1387 4526 1450 4585 sed
1473 4523 1552 4601 suf-

349 4613 541 4694 ficieutia
565 4621 698 4674 nostra
720 4634 762 4675 ecc
792 4618 857 4675 Deo
889 4622 947 4675 eet:
981 4613 1124 4691 quoniam
1153 4614 1238 4687 fides,
1270 4614 1300 4674 si
1319 4633 1380 4672 non
1399 4612 1551 4689 capitelam

360 4706 449 4766 nulla
465 4712 522 4778 est;
557 4713 585 4764 ct
606 4725 678 4764 oon
714 4726 836 4766 sumus
864 4705 991 4766 idonei
1016 4705 1182 4781 copitare
1205 4705 1357 4782 aliquid
1372 4704 1482 4781 quasi
1507 4725 1552 4765 ea·

354 4794 663 4872 nobismetipsis,
695 4801 759 4857 sed
789 4796 1036 4875 sufficieutia
1065 4803 1195 4858 nostra
1216 4817 1257 4859 cac
1272 4799 1348 4859 Deo
1369 4802 1431 4855 eet·
1465 4793 1549 4879 Opp.

355 4890 396 4953 Τ.
415 4883 467 4950 10.
485 4888 523 4952 Ρ.
542 4884 570 4949 1.
588 4909 614 4952 c.
633 4885 698 4951 792
714 4909 738 4957 s.
