<?xml version="1.0" encoding="UTF-8"?>
<!DOCTYPE html PUBLIC "-//W3C//DTD XHTML 1.0 Transitional//EN"
    "http://www.w3.org/TR/xhtml1/DTD/xhtml1-transitional.dtd">
<html xmlns="http://www.w3.org/1999/xhtml" xml:lang="en" lang="en">
 <head>
  <title>
</title>
<meta http-equiv="Content-Type" content="text/html;charset=utf-8" />
  <meta name='ocr-system' content='tesseract 3.04.00' />
  <meta name='ocr-capabilities' content='ocr_page ocr_carea ocr_par ocr_line ocrx_word'/>
</head>
<body>
  <div class='ocr_page' id='page_1' title='image "./theologiadogmat00schwgoog/theologiadogmat00schwgoog_0387.png"; bbox 0 0 3775 5625; ppageno 0'>
   <div class='ocr_carea' id='block_1_1' title="bbox 1460 470 1523 545">
    <p class='ocr_par' dir='ltr' id='par_1_1' title="bbox 1460 470 1523 545">
     <span class='ocr_line' id='line_1_1' title="bbox 1460 470 1523 545; baseline -0.016 0"><span class='ocrx_word' id='word_1_1' title='bbox 1460 470 1523 545; x_wconf 79' lang='lat' dir='ltr'><strong>tri</strong></span> 
     </span>
    </p>
   </div>
   <div class='ocr_carea' id='block_1_2' title="bbox 328 635 1557 3018">
    <p class='ocr_par' dir='ltr' id='par_1_2' title="bbox 329 635 1557 2136">
     <span class='ocr_line' id='line_1_2' title="bbox 334 635 1536 724; baseline 0.005 -24"><span class='ocrx_word' id='word_1_2' title='bbox 334 635 460 724; x_wconf 82' lang='lat' dir='ltr'><strong>gelus</strong></span> <span class='ocrx_word' id='word_1_3' title='bbox 493 635 577 701; x_wconf 90' lang='lat' dir='ltr'><strong>enim</strong></span> <span class='ocrx_word' id='word_1_4' title='bbox 610 635 738 700; x_wconf 85' lang='lat' dir='ltr'><strong>Domini</strong></span> <span class='ocrx_word' id='word_1_5' title='bbox 761 635 957 703; x_wconf 74' lang='lat' dir='ltr'><strong>nativitatem</strong></span> <span class='ocrx_word' id='word_1_6' title='bbox 973 635 1093 703; x_wconf 88' lang='lat' dir='ltr'><strong>Mariae</strong></span> <span class='ocrx_word' id='word_1_7' title='bbox 1109 635 1326 716; x_wconf 80' lang='lat' dir='ltr'><strong>nuntiaturus,</strong></span> <span class='ocrx_word' id='word_1_8' title='bbox 1342 642 1400 707; x_wconf 90' lang='lat' dir='ltr'><strong>ait:</strong></span> <span class='ocrx_word' id='word_1_9' title='bbox 1432 645 1536 706; x_wconf 77' lang='lat' dir='ltr'><strong>Dabit</strong></span> 
     </span>
     <span class='ocr_line' id='line_1_3' title="bbox 336 747 1533 831; baseline 0.007 -24"><span class='ocrx_word' id='word_1_10' title='bbox 336 748 390 808; x_wconf 78' lang='lat' dir='ltr'><strong>illl</strong></span> <span class='ocrx_word' id='word_1_11' title='bbox 418 749 581 809; x_wconf 78' lang='lat' dir='ltr'><strong>Dominus</strong></span> <span class='ocrx_word' id='word_1_12' title='bbox 603 747 697 808; x_wconf 84' lang='lat' dir='ltr'><strong>Deua</strong></span> <span class='ocrx_word' id='word_1_13' title='bbox 718 751 845 809; x_wconf 79' lang='lat' dir='ltr'><strong>aedem</strong></span> <span class='ocrx_word' id='word_1_14' title='bbox 863 749 994 812; x_wconf 80' lang='lat' dir='ltr'><strong>David</strong></span> <span class='ocrx_word' id='word_1_15' title='bbox 1004 755 1114 830; x_wconf 82' lang='lat' dir='ltr'><strong>patris</strong></span> <span class='ocrx_word' id='word_1_16' title='bbox 1130 755 1219 828; x_wconf 55' lang='lat' dir='ltr'><strong>qao:</strong></span> <span class='ocrx_word' id='word_1_17' title='bbox 1241 760 1275 813; x_wconf 83' lang='lat' dir='ltr'><strong>at</strong></span> <span class='ocrx_word' id='word_1_18' title='bbox 1293 755 1533 831; x_wconf 69' lang='lat' dir='ltr'><strong>reparabilia</strong></span> 
     </span>
     <span class='ocr_line' id='line_1_4' title="bbox 337 856 1526 946; baseline 0.008 -30"><span class='ocrx_word' id='word_1_19' title='bbox 337 857 435 917; x_wconf 80' lang='lat' dir='ltr'><strong>domo</strong></span> <span class='ocrx_word' id='word_1_20' title='bbox 454 856 562 917; x_wconf 79' lang='lat' dir='ltr'><strong>Jacob</strong></span> <span class='ocrx_word' id='word_1_21' title='bbox 578 862 614 918; x_wconf 82' lang='lat' dir='ltr'><strong>in</strong></span> <span class='ocrx_word' id='word_1_22' title='bbox 630 863 819 918; x_wconf 79' lang='lat' dir='ltr'><strong>aeternam:</strong></span> <span class='ocrx_word' id='word_1_23' title='bbox 836 866 870 936; x_wconf 73' lang='lat' dir='ltr'><strong>et</strong></span> <span class='ocrx_word' id='word_1_24' title='bbox 882 864 992 936; x_wconf 69' lang='lat' dir='ltr'><strong>repar·</strong></span> <span class='ocrx_word' id='word_1_25' title='bbox 1009 862 1044 935; x_wconf 88' lang='lat' dir='ltr'><strong>ej</strong></span> <span class='ocrx_word' id='word_1_26' title='bbox 1050 879 1096 919; x_wconf 78' lang='lat' dir='ltr'><strong>aa</strong></span> <span class='ocrx_word' id='word_1_27' title='bbox 1111 880 1177 921; x_wconf 83' lang='lat' dir='ltr'><strong>uon</strong></span> <span class='ocrx_word' id='word_1_28' title='bbox 1194 867 1258 921; x_wconf 81' lang='lat' dir='ltr'><strong>erit</strong></span> <span class='ocrx_word' id='word_1_29' title='bbox 1269 865 1347 941; x_wconf 76' lang='lat' dir='ltr'><strong>fiais</strong></span> <span class='ocrx_word' id='word_1_30' title='bbox 1356 861 1391 943; x_wconf 88' lang='lat'><strong>¹).</strong></span> <span class='ocrx_word' id='word_1_31' title='bbox 1424 864 1526 946; x_wconf 82' lang='lat' dir='ltr'><strong>Atque</strong></span> 
     </span>
     <span class='ocr_line' id='line_1_5' title="bbox 336 962 1532 1050; baseline 0.006 -23"><span class='ocrx_word' id='word_1_32' title='bbox 336 964 532 1049; x_wconf 74' lang='lat' dir='ltr'><strong>Angelus,</strong></span> <span class='ocrx_word' id='word_1_33' title='bbox 549 963 600 1048; x_wconf 89' lang='lat' dir='ltr'><strong>qui</strong></span> <span class='ocrx_word' id='word_1_34' title='bbox 618 962 812 1028; x_wconf 88' lang='lat' dir='ltr'><strong>nativitatem</strong></span> <span class='ocrx_word' id='word_1_35' title='bbox 830 964 949 1028; x_wconf 83' lang='lat' dir='ltr'><strong>Christi</strong></span> <span class='ocrx_word' id='word_1_36' title='bbox 966 964 1150 1050; x_wconf 73' lang='lat' dir='ltr'><strong>pastoribus</strong></span> <span class='ocrx_word' id='word_1_37' title='bbox 1168 967 1306 1032; x_wconf 91' lang='lat' dir='ltr'><strong>nuntiat:</strong></span> <span class='ocrx_word' id='word_1_38' title='bbox 1328 969 1415 1044; x_wconf 76' lang='lat' dir='ltr'><strong>Orata</strong></span> <span class='ocrx_word' id='word_1_39' title='bbox 1431 981 1532 1034; x_wconf 81' lang='lat' dir='ltr'><strong>natur</strong></span> 
     </span>
     <span class='ocr_line' id='line_1_6' title="bbox 335 1072 1531 1157; baseline 0.007 -24"><span class='ocrx_word' id='word_1_40' title='bbox 335 1080 388 1133; x_wconf 77' lang='lat' dir='ltr'><strong>eat</strong></span> <span class='ocrx_word' id='word_1_41' title='bbox 401 1076 498 1135; x_wconf 76' lang='lat' dir='ltr'><strong>nodia</strong></span> <span class='ocrx_word' id='word_1_42' title='bbox 514 1076 608 1135; x_wconf 79' lang='lat' dir='ltr'><strong>lodie</strong></span> <span class='ocrx_word' id='word_1_43' title='bbox 617 1072 788 1151; x_wconf 80' lang='lat' dir='ltr'><strong>Salvator,</strong></span> <span class='ocrx_word' id='word_1_44' title='bbox 808 1080 862 1157; x_wconf 78' lang='lat' dir='ltr'><strong>qai</strong></span> <span class='ocrx_word' id='word_1_45' title='bbox 878 1084 930 1136; x_wconf 84' lang='lat' dir='ltr'><strong>eat</strong></span> <span class='ocrx_word' id='word_1_46' title='bbox 948 1075 1102 1138; x_wconf 70' lang='lat' dir='ltr'><strong>carastus</strong></span> <span class='ocrx_word' id='word_1_47' title='bbox 1118 1078 1333 1155; x_wconf 74' lang='lat' dir='ltr'><strong>Domina-r,</strong></span> <span class='ocrx_word' id='word_1_48' title='bbox 1351 1087 1385 1141; x_wconf 77' lang='lat' dir='ltr'><strong>in</strong></span> <span class='ocrx_word' id='word_1_49' title='bbox 1402 1088 1531 1143; x_wconf 80' lang='lat' dir='ltr'><strong>civitate</strong></span> 
     </span>
     <span class='ocr_line' id='line_1_7' title="bbox 334 1181 1528 1271; baseline 0.008 -29"><span class='ocrx_word' id='word_1_50' title='bbox 334 1182 493 1264; x_wconf 58' lang='lat' dir='ltr'><strong>Daoidt).</strong></span> <span class='ocrx_word' id='word_1_51' title='bbox 525 1181 629 1267; x_wconf 81' lang='lat' dir='ltr'><strong>Magi,</strong></span> <span class='ocrx_word' id='word_1_52' title='bbox 653 1182 705 1267; x_wconf 86' lang='lat' dir='ltr'><strong>qui</strong></span> <span class='ocrx_word' id='word_1_53' title='bbox 730 1183 769 1246; x_wconf 84' lang='lat' dir='ltr'><strong>ab</strong></span> <span class='ocrx_word' id='word_1_54' title='bbox 787 1182 910 1248; x_wconf 86' lang='lat' dir='ltr'><strong>oriente</strong></span> <span class='ocrx_word' id='word_1_55' title='bbox 928 1198 1083 1248; x_wconf 87' lang='lat' dir='ltr'><strong>venerant</strong></span> <span class='ocrx_word' id='word_1_56' title='bbox 1098 1185 1369 1270; x_wconf 82' lang='lat' dir='ltr'><strong>Hierosolymam,</strong></span> <span class='ocrx_word' id='word_1_57' title='bbox 1392 1209 1528 1271; x_wconf 89' lang='lat' dir='ltr'><strong>percon-</strong></span> 
     </span>
     <span class='ocr_line' id='line_1_8' title="bbox 338 1290 1532 1380; baseline 0.005 -26"><span class='ocrx_word' id='word_1_58' title='bbox 338 1302 444 1354; x_wconf 82' lang='lat' dir='ltr'><strong>tantas</strong></span> <span class='ocrx_word' id='word_1_59' title='bbox 469 1290 592 1354; x_wconf 88' lang='lat' dir='ltr'><strong>dicunt:</strong></span> <span class='ocrx_word' id='word_1_60' title='bbox 635 1292 698 1352; x_wconf 76' lang='lat' dir='ltr'><strong>{los</strong></span> <span class='ocrx_word' id='word_1_61' title='bbox 721 1302 787 1369; x_wconf 86' lang='lat' dir='ltr'><strong>est,</strong></span> <span class='ocrx_word' id='word_1_62' title='bbox 817 1301 872 1376; x_wconf 74' lang='lat' dir='ltr'><strong>aar·</strong></span> <span class='ocrx_word' id='word_1_63' title='bbox 897 1303 998 1357; x_wconf 81' lang='lat' dir='ltr'><strong>natas</strong></span> <span class='ocrx_word' id='word_1_64' title='bbox 1019 1304 1069 1357; x_wconf 77' lang='lat' dir='ltr'><strong>ert</strong></span> <span class='ocrx_word' id='word_1_65' title='bbox 1100 1298 1184 1358; x_wconf 79' lang='lat' dir='ltr'><strong>Rea·</strong></span> <span class='ocrx_word' id='word_1_66' title='bbox 1224 1297 1532 1380; x_wconf 74' lang='lat' dir='ltr'><strong>ludaeorum³)?</strong></span> 
     </span>
     <span class='ocr_line' id='line_1_9' title="bbox 332 1398 1527 1490; baseline 0.005 -28"><span class='ocrx_word' id='word_1_67' title='bbox 332 1399 377 1462; x_wconf 85' lang='lat' dir='ltr'><strong>Et</strong></span> <span class='ocrx_word' id='word_1_68' title='bbox 392 1398 614 1485; x_wconf 84' lang='lat' dir='ltr'><strong>interrogante</strong></span> <span class='ocrx_word' id='word_1_69' title='bbox 631 1398 746 1463; x_wconf 83' lang='lat' dir='ltr'><strong>Pilato:</strong></span> <span class='ocrx_word' id='word_1_70' title='bbox 763 1402 855 1479; x_wconf 70' lang='lat' dir='ltr'><strong>Erpa</strong></span> <span class='ocrx_word' id='word_1_71' title='bbox 872 1405 958 1466; x_wconf 79' lang='lat' dir='ltr'><strong>Rea·</strong></span> <span class='ocrx_word' id='word_1_72' title='bbox 974 1426 1010 1465; x_wconf 76' lang='lat' dir='ltr'><strong>aa</strong></span> <span class='ocrx_word' id='word_1_73' title='bbox 1028 1405 1087 1467; x_wconf 85' lang='lat' dir='ltr'><strong>ta?</strong></span> <span class='ocrx_word' id='word_1_74' title='bbox 1113 1406 1289 1487; x_wconf 73' lang='lat' dir='ltr'><strong>respondet</strong></span> <span class='ocrx_word' id='word_1_75' title='bbox 1304 1405 1374 1490; x_wconf 91' lang='lat' dir='ltr'><strong>ipse</strong></span> <span class='ocrx_word' id='word_1_76' title='bbox 1392 1407 1410 1469; x_wconf 82' lang='lat' dir='ltr'>J</span> <span class='ocrx_word' id='word_1_77' title='bbox 1420 1428 1527 1470; x_wconf 92' lang='lat' dir='ltr'><strong>esus:</strong></span> 
     </span>
     <span class='ocr_line' id='line_1_10' title="bbox 338 1504 1533 1599; baseline 0.007 -28"><span class='ocrx_word' id='word_1_78' title='bbox 338 1504 393 1571; x_wconf 72' lang='lat' dir='ltr'><strong>Ta</strong></span> <span class='ocrx_word' id='word_1_79' title='bbox 409 1512 944 1591; x_wconf 73' lang='lat' dir='ltr'><strong>dicta:aaialleoesrameqo⁴).</strong></span> <span class='ocrx_word' id='word_1_80' title='bbox 978 1515 1153 1596; x_wconf 79' lang='lat' dir='ltr'><strong>Propterea</strong></span> <span class='ocrx_word' id='word_1_81' title='bbox 1184 1526 1216 1577; x_wconf 90' lang='lat' dir='ltr'><strong>et</strong></span> <span class='ocrx_word' id='word_1_82' title='bbox 1239 1526 1395 1599; x_wconf 88' lang='lat' dir='ltr'><strong>tamquam</strong></span> <span class='ocrx_word' id='word_1_83' title='bbox 1418 1516 1487 1578; x_wconf 86' lang='lat' dir='ltr'><strong>Rex</strong></span> <span class='ocrx_word' id='word_1_84' title='bbox 1514 1537 1533 1579; x_wconf 91' lang='lat' dir='ltr'><strong>a</strong></span> 
     </span>
     <span class='ocr_line' id='line_1_11' title="bbox 333 1615 1557 1704; baseline 0.005 -24"><span class='ocrx_word' id='word_1_85' title='bbox 333 1615 491 1680; x_wconf 83' lang='lat' dir='ltr'><strong>militibus</strong></span> <span class='ocrx_word' id='word_1_86' title='bbox 523 1616 672 1690; x_wconf 82' lang='lat' dir='ltr'><strong>illuditur,</strong></span> <span class='ocrx_word' id='word_1_87' title='bbox 695 1627 749 1701; x_wconf 79' lang='lat' dir='ltr'><strong>ant</strong></span> <span class='ocrx_word' id='word_1_88' title='bbox 761 1666 772 1697; x_wconf 92' lang='lat'><strong>,</strong></span> <span class='ocrx_word' id='word_1_89' title='bbox 806 1632 840 1683; x_wconf 89' lang='lat' dir='ltr'><strong>ut</strong></span> <span class='ocrx_word' id='word_1_90' title='bbox 861 1633 971 1684; x_wconf 88' lang='lat' dir='ltr'><strong>narrat</strong></span> <span class='ocrx_word' id='word_1_91' title='bbox 994 1621 1228 1695; x_wconf 78' lang='lat' dir='ltr'><strong>Matthaeus,</strong></span> <span class='ocrx_word' id='word_1_92' title='bbox 1260 1633 1419 1687; x_wconf 73' lang='lat' dir='ltr'><strong>eruentes</strong></span> <span class='ocrx_word' id='word_1_93' title='bbox 1444 1647 1557 1704; x_wconf 44' lang='lat' dir='ltr'><strong>eam,</strong></span> 
     </span>
     <span class='ocr_line' id='line_1_12' title="bbox 331 1728 1529 1812; baseline 0.004 -23"><span class='ocrx_word' id='word_1_94' title='bbox 331 1728 566 1789; x_wconf 68' lang='lat' dir='ltr'><strong>chlamidem</strong></span> <span class='ocrx_word' id='word_1_95' title='bbox 591 1734 825 1790; x_wconf 79' lang='lat' dir='ltr'><strong>coccineam</strong></span> <span class='ocrx_word' id='word_1_96' title='bbox 851 1734 1136 1793; x_wconf 82' lang='lat' dir='ltr'><strong>circumdederunt</strong></span> <span class='ocrx_word' id='word_1_97' title='bbox 1152 1738 1203 1810; x_wconf 79' lang='lat' dir='ltr'><strong>ei,</strong></span> <span class='ocrx_word' id='word_1_98' title='bbox 1228 1739 1260 1793; x_wconf 85' lang='lat' dir='ltr'><strong>et</strong></span> <span class='ocrx_word' id='word_1_99' title='bbox 1271 1734 1450 1812; x_wconf 80' lang='lat' dir='ltr'><strong>plectentes</strong></span> <span class='ocrx_word' id='word_1_100' title='bbox 1466 1755 1529 1794; x_wconf 84' lang='lat' dir='ltr'><strong>co-</strong></span> 
     </span>
     <span class='ocr_line' id='line_1_13' title="bbox 331 1840 1533 1921; baseline 0.005 -23"><span class='ocrx_word' id='word_1_101' title='bbox 331 1858 476 1899; x_wconf 83' lang='lat' dir='ltr'><strong>ronam</strong></span> <span class='ocrx_word' id='word_1_102' title='bbox 493 1840 532 1897; x_wconf 79' lang='lat' dir='ltr'><strong>de</strong></span> <span class='ocrx_word' id='word_1_103' title='bbox 548 1844 653 1917; x_wconf 77' lang='lat' dir='ltr'><strong>spirata</strong></span> <span class='ocrx_word' id='word_1_104' title='bbox 663 1883 674 1916; x_wconf 94' lang='lat'><strong>,</strong></span> <span class='ocrx_word' id='word_1_105' title='bbox 701 1848 886 1918; x_wconf 83' lang='lat' dir='ltr'><strong>posuerant</strong></span> <span class='ocrx_word' id='word_1_106' title='bbox 905 1861 1005 1920; x_wconf 83' lang='lat' dir='ltr'><strong>super</strong></span> <span class='ocrx_word' id='word_1_107' title='bbox 1023 1848 1123 1921; x_wconf 77' lang='lat' dir='ltr'><strong>rapat</strong></span> <span class='ocrx_word' id='word_1_108' title='bbox 1137 1845 1223 1920; x_wconf 76' lang='lat' dir='ltr'><strong>eJ‘aa,</strong></span> <span class='ocrx_word' id='word_1_109' title='bbox 1242 1849 1276 1903; x_wconf 83' lang='lat' dir='ltr'><strong>at</strong></span> <span class='ocrx_word' id='word_1_110' title='bbox 1291 1845 1533 1905; x_wconf 83' lang='lat' dir='ltr'><strong>arundinem</strong></span> 
     </span>
     <span class='ocr_line' id='line_1_14' title="bbox 329 1946 1530 2030; baseline 0.003 -21"><span class='ocrx_word' id='word_1_111' title='bbox 329 1954 376 2009; x_wconf 76' lang='lat' dir='ltr'><strong>in</strong></span> <span class='ocrx_word' id='word_1_112' title='bbox 395 1950 564 2009; x_wconf 73' lang='lat' dir='ltr'><strong>dextera</strong></span> <span class='ocrx_word' id='word_1_113' title='bbox 580 1952 614 2024; x_wconf 86' lang='lat' dir='ltr'><strong>ej</strong></span> <span class='ocrx_word' id='word_1_114' title='bbox 622 1969 677 2009; x_wconf 80' lang='lat' dir='ltr'><strong>aa.</strong></span> <span class='ocrx_word' id='word_1_115' title='bbox 694 1946 744 2008; x_wconf 71' lang='grc' dir='ltr'><strong>Εἰ</strong></span> <span class='ocrx_word' id='word_1_116' title='bbox 755 1969 840 2024; x_wconf 72' lang='lat' dir='ltr'><strong>penu</strong></span> <span class='ocrx_word' id='word_1_117' title='bbox 853 1951 952 2029; x_wconf 75' lang='lat' dir='ltr'><strong>fleca</strong></span> <span class='ocrx_word' id='word_1_118' title='bbox 971 1958 1046 2011; x_wconf 83' lang='lat' dir='ltr'><strong>ante</strong></span> <span class='ocrx_word' id='word_1_119' title='bbox 1058 1971 1143 2027; x_wconf 84' lang='lat' dir='ltr'><strong>aum,</strong></span> <span class='ocrx_word' id='word_1_120' title='bbox 1162 1952 1347 2013; x_wconf 79' lang='lat' dir='ltr'><strong>illudebant</strong></span> <span class='ocrx_word' id='word_1_121' title='bbox 1364 1958 1405 2030; x_wconf 83' lang='lat' dir='ltr'><strong>ei,</strong></span> <span class='ocrx_word' id='word_1_122' title='bbox 1425 1954 1530 2013; x_wconf 80' lang='lat' dir='ltr'><strong>dioen-</strong></span> 
     </span>
     <span class='ocr_line' id='line_1_15' title="bbox 329 2057 917 2136; baseline 0.005 -17"><span class='ocrx_word' id='word_1_123' title='bbox 329 2064 407 2119; x_wconf 75' lang='lat' dir='ltr'><strong>tes:</strong></span> <span class='ocrx_word' id='word_1_124' title='bbox 433 2060 500 2118; x_wconf 81' lang='lat' dir='ltr'><strong>Ave</strong></span> <span class='ocrx_word' id='word_1_125' title='bbox 516 2059 599 2118; x_wconf 72' lang='lat' dir='ltr'><strong>llere</strong></span> <span class='ocrx_word' id='word_1_126' title='bbox 616 2057 869 2119; x_wconf 71' lang='lat' dir='ltr'><strong>ludaeorum</strong></span> <span class='ocrx_word' id='word_1_127' title='bbox 881 2058 917 2136; x_wconf 79' lang='lat'><strong>⁶).</strong></span> 
     </span>
    </p>

    <p class='ocr_par' dir='ltr' id='par_1_3' title="bbox 328 2163 1533 3018">
     <span class='ocr_line' id='line_1_16' title="bbox 447 2163 1531 2252; baseline 0.003 -24"><span class='ocrx_word' id='word_1_128' title='bbox 447 2165 591 2251; x_wconf 81' lang='lat' dir='ltr'><strong>Regnum</strong></span> <span class='ocrx_word' id='word_1_129' title='bbox 615 2163 734 2229; x_wconf 82' lang='lat' dir='ltr'><strong>Christi</strong></span> <span class='ocrx_word' id='word_1_130' title='bbox 760 2178 865 2230; x_wconf 85' lang='lat' dir='ltr'><strong>autem</strong></span> <span class='ocrx_word' id='word_1_131' title='bbox 891 2188 908 2230; x_wconf 91' lang='lat' dir='ltr'><strong>a</strong></span> <span class='ocrx_word' id='word_1_132' title='bbox 930 2168 1102 2251; x_wconf 78' lang='lat' dir='ltr'><strong>splendore</strong></span> <span class='ocrx_word' id='word_1_133' title='bbox 1119 2167 1298 2252; x_wconf 86' lang='lat' dir='ltr'><strong>principum</strong></span> <span class='ocrx_word' id='word_1_134' title='bbox 1315 2180 1420 2231; x_wconf 88' lang='lat' dir='ltr'><strong>terrac</strong></span> <span class='ocrx_word' id='word_1_135' title='bbox 1438 2179 1531 2252; x_wconf 89' lang='lat' dir='ltr'><strong>atque</strong></span> 
     </span>
     <span class='ocr_line' id='line_1_17' title="bbox 329 2273 1528 2362; baseline 0.002 -23"><span class='ocrx_word' id='word_1_136' title='bbox 329 2273 400 2339; x_wconf 85' lang='lat' dir='ltr'><strong>avi</strong></span> <span class='ocrx_word' id='word_1_137' title='bbox 416 2285 550 2337; x_wconf 86' lang='lat' dir='ltr'><strong>externa</strong></span> <span class='ocrx_word' id='word_1_138' title='bbox 562 2275 658 2359; x_wconf 75' lang='lat' dir='ltr'><strong>longe</strong></span> <span class='ocrx_word' id='word_1_139' title='bbox 671 2276 862 2359; x_wconf 89' lang='lat' dir='ltr'><strong>sejunctum,</strong></span> <span class='ocrx_word' id='word_1_140' title='bbox 879 2275 1044 2360; x_wconf 88' lang='lat' dir='ltr'><strong>spirituale</strong></span> <span class='ocrx_word' id='word_1_141' title='bbox 1061 2290 1121 2351; x_wconf 91' lang='lat' dir='ltr'><strong>est,</strong></span> <span class='ocrx_word' id='word_1_142' title='bbox 1139 2277 1234 2341; x_wconf 89' lang='lat' dir='ltr'><strong>situm</strong></span> <span class='ocrx_word' id='word_1_143' title='bbox 1250 2276 1282 2341; x_wconf 94' lang='lat' dir='ltr'><strong>iu</strong></span> <span class='ocrx_word' id='word_1_144' title='bbox 1300 2276 1447 2361; x_wconf 90' lang='lat' dir='ltr'><strong>imperio,</strong></span> <span class='ocrx_word' id='word_1_145' title='bbox 1465 2299 1528 2362; x_wconf 84' lang='lat' dir='ltr'><strong>quo</strong></span> 
     </span>
     <span class='ocr_line' id='line_1_18' title="bbox 328 2381 1525 2458; baseline 0.001 -11"><span class='ocrx_word' id='word_1_146' title='bbox 328 2381 501 2447; x_wconf 88' lang='lat' dir='ltr'><strong>hominum</strong></span> <span class='ocrx_word' id='word_1_147' title='bbox 524 2382 618 2445; x_wconf 90' lang='lat' dir='ltr'><strong>animi</strong></span> <span class='ocrx_word' id='word_1_148' title='bbox 635 2384 673 2446; x_wconf 89' lang='lat' dir='ltr'><strong>ad</strong></span> <span class='ocrx_word' id='word_1_149' title='bbox 690 2383 873 2458; x_wconf 87' lang='lat' dir='ltr'><strong>veritatem,</strong></span> <span class='ocrx_word' id='word_1_150' title='bbox 895 2385 1099 2450; x_wconf 84' lang='lat' dir='ltr'><strong>sanctitatem</strong></span> <span class='ocrx_word' id='word_1_151' title='bbox 1122 2407 1160 2450; x_wconf 87' lang='lat' dir='ltr'><strong>ac</strong></span> <span class='ocrx_word' id='word_1_152' title='bbox 1181 2384 1407 2450; x_wconf 84' lang='lat' dir='ltr'><strong>beatitudinem</strong></span> <span class='ocrx_word' id='word_1_153' title='bbox 1424 2398 1525 2450; x_wconf 88' lang='lat' dir='ltr'><strong>aeter·</strong></span> 
     </span>
     <span class='ocr_line' id='line_1_19' title="bbox 330 2491 1529 2580; baseline 0.001 -23"><span class='ocrx_word' id='word_1_154' title='bbox 330 2513 421 2567; x_wconf 81' lang='lat' dir='ltr'><strong>naus,</strong></span> <span class='ocrx_word' id='word_1_155' title='bbox 439 2492 477 2555; x_wconf 89' lang='lat' dir='ltr'><strong>ad</strong></span> <span class='ocrx_word' id='word_1_156' title='bbox 493 2492 595 2555; x_wconf 85' lang='lat' dir='ltr'><strong>Deum</strong></span> <span class='ocrx_word' id='word_1_157' title='bbox 612 2491 800 2578; x_wconf 75' lang='lat' dir='ltr'><strong>diriguntur.</strong></span> <span class='ocrx_word' id='word_1_158' title='bbox 825 2495 992 2558; x_wconf 87' lang='lat' dir='ltr'><strong>Potentem</strong></span> <span class='ocrx_word' id='word_1_159' title='bbox 1011 2494 1135 2580; x_wconf 91' lang='lat' dir='ltr'><strong>quidem</strong></span> <span class='ocrx_word' id='word_1_160' title='bbox 1150 2495 1335 2559; x_wconf 88' lang='lat' dir='ltr'><strong>denuntiant</strong></span> <span class='ocrx_word' id='word_1_161' title='bbox 1350 2496 1529 2580; x_wconf 87' lang='lat' dir='ltr'><strong>Prophetae</strong></span> 
     </span>
     <span class='ocr_line' id='line_1_20' title="bbox 330 2600 1528 2688; baseline 0.001 -23"><span class='ocrx_word' id='word_1_162' title='bbox 330 2600 499 2674; x_wconf 76' lang='lat' dir='ltr'><strong>Messium,</strong></span> <span class='ocrx_word' id='word_1_163' title='bbox 516 2601 574 2664; x_wconf 90' lang='lat' dir='ltr'><strong>sed</strong></span> <span class='ocrx_word' id='word_1_164' title='bbox 591 2600 695 2664; x_wconf 89' lang='lat' dir='ltr'><strong>diviua</strong></span> <span class='ocrx_word' id='word_1_165' title='bbox 710 2600 838 2676; x_wconf 88' lang='lat' dir='ltr'><strong>virtute,</strong></span> <span class='ocrx_word' id='word_1_166' title='bbox 855 2603 1000 2667; x_wconf 86' lang='lat' dir='ltr'><strong>humanis</strong></span> <span class='ocrx_word' id='word_1_167' title='bbox 1016 2625 1095 2668; x_wconf 82' lang='lat' dir='ltr'><strong>roro</strong></span> <span class='ocrx_word' id='word_1_168' title='bbox 1113 2604 1227 2688; x_wconf 91' lang='lat' dir='ltr'><strong>opibus</strong></span> <span class='ocrx_word' id='word_1_169' title='bbox 1244 2624 1380 2688; x_wconf 91' lang='lat' dir='ltr'><strong>prorsus</strong></span> <span class='ocrx_word' id='word_1_170' title='bbox 1398 2603 1528 2667; x_wconf 89' lang='lat' dir='ltr'><strong>destitu-</strong></span> 
     </span>
     <span class='ocr_line' id='line_1_21' title="bbox 330 2710 1533 2795; baseline 0 -20"><span class='ocrx_word' id='word_1_171' title='bbox 330 2722 412 2775; x_wconf 88' lang='lat' dir='ltr'><strong>tum.</strong></span> <span class='ocrx_word' id='word_1_172' title='bbox 448 2710 572 2773; x_wconf 84' lang='lat' dir='ltr'><strong>Canuut</strong></span> <span class='ocrx_word' id='word_1_173' title='bbox 589 2710 683 2784; x_wconf 87' lang='lat' dir='ltr'><strong>euim,</strong></span> <span class='ocrx_word' id='word_1_174' title='bbox 701 2710 805 2793; x_wconf 92' lang='lat' dir='ltr'><strong>ipsum</strong></span> <span class='ocrx_word' id='word_1_175' title='bbox 823 2713 929 2776; x_wconf 91' lang='lat' dir='ltr'><strong>datum</strong></span> <span class='ocrx_word' id='word_1_176' title='bbox 945 2712 985 2776; x_wconf 90' lang='lat' dir='ltr'><strong>iri</strong></span> <span class='ocrx_word' id='word_1_177' title='bbox 1002 2721 1036 2776; x_wconf 83' lang='lat' dir='ltr'><strong>tn</strong></span> <span class='ocrx_word' id='word_1_178' title='bbox 1054 2717 1156 2777; x_wconf 85' lang='lat' dir='ltr'><strong>lacem</strong></span> <span class='ocrx_word' id='word_1_179' title='bbox 1171 2722 1312 2792; x_wconf 67' lang='lat' dir='ltr'><strong>pendam</strong></span> <span class='ocrx_word' id='word_1_180' title='bbox 1320 2760 1331 2792; x_wconf 86' lang='lat'><strong>,</strong></span> <span class='ocrx_word' id='word_1_181' title='bbox 1350 2721 1388 2775; x_wconf 88' lang='lat' dir='ltr'><strong>at</strong></span> <span class='ocrx_word' id='word_1_182' title='bbox 1403 2721 1533 2795; x_wconf 80' lang='lat' dir='ltr'><strong>aperiat</strong></span> 
     </span>
     <span class='ocr_line' id='line_1_22' title="bbox 331 2821 1528 2912; baseline 0.003 -29"><span class='ocrx_word' id='word_1_183' title='bbox 331 2822 455 2883; x_wconf 80' lang='lat' dir='ltr'><strong>oculor</strong></span> <span class='ocrx_word' id='word_1_184' title='bbox 471 2825 694 2912; x_wconf 75' lang='lat' dir='ltr'><strong>aaaeoram⁶);</strong></span> <span class='ocrx_word' id='word_1_185' title='bbox 712 2822 910 2885; x_wconf 84' lang='lat' dir='ltr'><strong>sublaturum</strong></span> <span class='ocrx_word' id='word_1_186' title='bbox 928 2826 1105 2886; x_wconf 85' lang='lat' dir='ltr'><strong>maltorum</strong></span> <span class='ocrx_word' id='word_1_187' title='bbox 1119 2834 1256 2906; x_wconf 82' lang='lat' dir='ltr'><strong>peccata</strong></span> <span class='ocrx_word' id='word_1_188' title='bbox 1267 2825 1305 2904; x_wconf 80' lang='lat'><strong>&#39;);</strong></span> <span class='ocrx_word' id='word_1_189' title='bbox 1322 2821 1528 2906; x_wconf 88' lang='lat' dir='ltr'><strong>linemimpo·</strong></span> 
     </span>
     <span class='ocr_line' id='line_1_23' title="bbox 330 2929 1529 3018; baseline -0.001 -23"><span class='ocrx_word' id='word_1_190' title='bbox 330 2931 474 2995; x_wconf 91' lang='lat' dir='ltr'><strong>siturum</strong></span> <span class='ocrx_word' id='word_1_191' title='bbox 490 2929 649 3012; x_wconf 74' lang='lat' dir='ltr'><strong>pannutia,</strong></span> <span class='ocrx_word' id='word_1_192' title='bbox 671 2941 703 2994; x_wconf 93' lang='lat' dir='ltr'><strong>ct</strong></span> <span class='ocrx_word' id='word_1_193' title='bbox 720 2932 930 2996; x_wconf 91' lang='lat' dir='ltr'><strong>adducturum</strong></span> <span class='ocrx_word' id='word_1_194' title='bbox 942 2932 1100 3017; x_wconf 90' lang='lat' dir='ltr'><strong>justitiam</strong></span> <span class='ocrx_word' id='word_1_195' title='bbox 1117 2932 1345 3018; x_wconf 90' lang='lat' dir='ltr'><strong>sempiternam</strong></span> <span class='ocrx_word' id='word_1_196' title='bbox 1354 2930 1396 3013; x_wconf 74' lang='grc'><strong>8);</strong></span> <span class='ocrx_word' id='word_1_197' title='bbox 1413 2930 1529 3015; x_wconf 92' lang='lat' dir='ltr'><strong>ipsum,</strong></span> 
     </span>
    </p>
   </div>
   <div class='ocr_carea' id='block_1_3' title="bbox 329 3040 1650 3145">
    <p class='ocr_par' dir='ltr' id='par_1_4' title="bbox 329 3040 1650 3145">
     <span class='ocr_line' id='line_1_24' title="bbox 329 3040 1650 3145; baseline 0 -42"><span class='ocrx_word' id='word_1_198' title='bbox 329 3041 461 3126; x_wconf 82' lang='lat' dir='ltr'><strong>Regem</strong></span> <span class='ocrx_word' id='word_1_199' title='bbox 477 3059 665 3123; x_wconf 89' lang='lat' dir='ltr'><strong>pauperem,</strong></span> <span class='ocrx_word' id='word_1_200' title='bbox 687 3040 867 3103; x_wconf 91' lang='lat' dir='ltr'><strong>locuturum</strong></span> <span class='ocrx_word' id='word_1_201' title='bbox 883 3062 996 3125; x_wconf 89' lang='lat' dir='ltr'><strong>pacem</strong></span> <span class='ocrx_word' id='word_1_202' title='bbox 1013 3040 1182 3127; x_wconf 81' lang='lat' dir='ltr'><strong>gentibus,</strong></span> <span class='ocrx_word' id='word_1_203' title='bbox 1204 3053 1235 3105; x_wconf 88' lang='lat' dir='ltr'><strong>et</strong></span> <span class='ocrx_word' id='word_1_204' title='bbox 1251 3050 1443 3125; x_wconf 90' lang='lat' dir='ltr'><strong>potestatem</strong></span> <span class='ocrx_word' id='word_1_205' title='bbox 1461 3041 1530 3124; x_wconf 86' lang='lat' dir='ltr'><strong>ejus</strong></span> <span class='ocrx_word' id='word_1_206' title='bbox 1586 3041 1588 3047; x_wconf 75' lang='grc'>’</span> <span class='ocrx_word' id='word_1_207' title='bbox 1645 3132 1650 3145; x_wconf 38' lang='lat'><em>¹</em></span> 
     </span>
    </p>
   </div>
   <div class='ocr_carea' id='block_1_4' title="bbox 327 3148 1531 3886">
    <p class='ocr_par' dir='ltr' id='par_1_5' title="bbox 327 3148 1531 3886">
     <span class='ocr_line' id='line_1_25' title="bbox 329 3148 1524 3234; baseline -0.001 -22"><span class='ocrx_word' id='word_1_208' title='bbox 329 3170 350 3213; x_wconf 88' lang='lat' dir='ltr'><strong>a</strong></span> <span class='ocrx_word' id='word_1_209' title='bbox 368 3169 460 3212; x_wconf 88' lang='lat' dir='ltr'><strong>mare</strong></span> <span class='ocrx_word' id='word_1_210' title='bbox 478 3169 579 3233; x_wconf 88' lang='lat' dir='ltr'><strong>usque</strong></span> <span class='ocrx_word' id='word_1_211' title='bbox 596 3149 635 3212; x_wconf 89' lang='lat' dir='ltr'><strong>ad</strong></span> <span class='ocrx_word' id='word_1_212' title='bbox 652 3169 758 3221; x_wconf 90' lang='lat' dir='ltr'><strong>mare,</strong></span> <span class='ocrx_word' id='word_1_213' title='bbox 781 3160 847 3212; x_wconf 88' lang='lat' dir='ltr'><strong>eta</strong></span> <span class='ocrx_word' id='word_1_214' title='bbox 868 3148 1049 3213; x_wconf 83' lang='lat' dir='ltr'><strong>fluminibus</strong></span> <span class='ocrx_word' id='word_1_215' title='bbox 1070 3171 1169 3234; x_wconf 92' lang='lat' dir='ltr'><strong>usque</strong></span> <span class='ocrx_word' id='word_1_216' title='bbox 1194 3151 1234 3220; x_wconf 90' lang='lat' dir='ltr'><strong>ad</strong></span> <span class='ocrx_word' id='word_1_217' title='bbox 1249 3148 1330 3212; x_wconf 88' lang='lat' dir='ltr'><strong>fines</strong></span> <span class='ocrx_word' id='word_1_218' title='bbox 1347 3161 1454 3212; x_wconf 88' lang='lat' dir='ltr'><strong>terrae</strong></span> <span class='ocrx_word' id='word_1_219' title='bbox 1471 3169 1524 3212; x_wconf 89' lang='lat' dir='ltr'><strong>ex·</strong></span> 
     </span>
     <span class='ocr_line' id='line_1_26' title="bbox 330 3255 1524 3344; baseline 0 -22"><span class='ocrx_word' id='word_1_220' title='bbox 330 3271 465 3323; x_wconf 88' lang='lat' dir='ltr'><strong>tensum</strong></span> <span class='ocrx_word' id='word_1_221' title='bbox 481 3257 521 3320; x_wconf 91' lang='lat' dir='ltr'><strong>iri</strong></span> <span class='ocrx_word' id='word_1_222' title='bbox 529 3255 564 3344; x_wconf 83' lang='lat'><strong>⁹).</strong></span> <span class='ocrx_word' id='word_1_223' title='bbox 597 3257 683 3320; x_wconf 89' lang='lat' dir='ltr'><strong>ldem</strong></span> <span class='ocrx_word' id='word_1_224' title='bbox 701 3256 923 3321; x_wconf 88' lang='lat' dir='ltr'><strong>disertissimis</strong></span> <span class='ocrx_word' id='word_1_225' title='bbox 940 3258 1048 3322; x_wconf 86' lang='lat' dir='ltr'><strong>verbis</strong></span> <span class='ocrx_word' id='word_1_226' title='bbox 1066 3258 1238 3323; x_wconf 83' lang='lat' dir='ltr'><strong>declaravit</strong></span> <span class='ocrx_word' id='word_1_227' title='bbox 1255 3258 1436 3337; x_wconf 72' lang='lat' dir='ltr'><strong>Christus</strong></span> <span class='ocrx_word' id='word_1_228' title='bbox 1454 3257 1524 3342; x_wconf 91' lang='lat' dir='ltr'><strong>ipse</strong></span> 
     </span>
     <span class='ocr_line' id='line_1_27' title="bbox 327 3365 1527 3454; baseline -0.001 -22"><span class='ocrx_word' id='word_1_229' title='bbox 327 3386 497 3451; x_wconf 89' lang='lat' dir='ltr'><strong>responso</strong></span> <span class='ocrx_word' id='word_1_230' title='bbox 516 3367 589 3430; x_wconf 90' lang='lat' dir='ltr'><strong>dato</strong></span> <span class='ocrx_word' id='word_1_231' title='bbox 607 3365 751 3430; x_wconf 89' lang='lat' dir='ltr'><strong>Praesidi</strong></span> <span class='ocrx_word' id='word_1_232' title='bbox 767 3365 994 3454; x_wconf 81' lang='lat' dir='ltr'><strong>interroganti,</strong></span> <span class='ocrx_word' id='word_1_233' title='bbox 1028 3389 1143 3431; x_wconf 88' lang='lat' dir='ltr'><strong>numne</strong></span> <span class='ocrx_word' id='word_1_234' title='bbox 1168 3368 1239 3432; x_wconf 88' lang='lat' dir='ltr'><strong>Rex</strong></span> <span class='ocrx_word' id='word_1_235' title='bbox 1255 3366 1296 3430; x_wconf 91' lang='lat' dir='ltr'><strong>sit</strong></span> <span class='ocrx_word' id='word_1_236' title='bbox 1312 3367 1406 3451; x_wconf 82' lang='lat' dir='ltr'><strong>ipse?</strong></span> <span class='ocrx_word' id='word_1_237' title='bbox 1432 3386 1527 3452; x_wconf 91' lang='lat' dir='ltr'><strong>quum</strong></span> 
     </span>
     <span class='ocr_line' id='line_1_28' title="bbox 328 3475 1526 3560; baseline -0.003 -18"><span class='ocrx_word' id='word_1_238' title='bbox 328 3477 396 3542; x_wconf 80' lang='lat' dir='ltr'><strong>ait:</strong></span> <span class='ocrx_word' id='word_1_239' title='bbox 431 3478 576 3553; x_wconf 73' lang='lat' dir='ltr'><strong>Repnam</strong></span> <span class='ocrx_word' id='word_1_240' title='bbox 592 3498 699 3538; x_wconf 86' lang='lat' dir='ltr'><strong>meum</strong></span> <span class='ocrx_word' id='word_1_241' title='bbox 722 3498 801 3539; x_wconf 83' lang='lat' dir='ltr'><strong>aon</strong></span> <span class='ocrx_word' id='word_1_242' title='bbox 824 3485 886 3538; x_wconf 82' lang='lat' dir='ltr'><strong>est</strong></span> <span class='ocrx_word' id='word_1_243' title='bbox 908 3480 956 3538; x_wconf 71' lang='lat' dir='ltr'><strong>lle</strong></span> <span class='ocrx_word' id='word_1_244' title='bbox 980 3481 1228 3540; x_wconf 78' lang='lat' dir='ltr'><strong>docrnanrlo.</strong></span> <span class='ocrx_word' id='word_1_245' title='bbox 1262 3477 1352 3554; x_wconf 81' lang='lat' dir='ltr'><strong>Quod</strong></span> <span class='ocrx_word' id='word_1_246' title='bbox 1369 3498 1465 3560; x_wconf 89' lang='lat' dir='ltr'><strong>quum</strong></span> <span class='ocrx_word' id='word_1_247' title='bbox 1482 3475 1526 3538; x_wconf 89' lang='lat' dir='ltr'><strong>in·</strong></span> 
     </span>
     <span class='ocr_line' id='line_1_29' title="bbox 328 3583 1531 3667; baseline -0.002 -17"><span class='ocrx_word' id='word_1_248' title='bbox 328 3583 516 3650; x_wconf 87' lang='lat' dir='ltr'><strong>tellexisset</strong></span> <span class='ocrx_word' id='word_1_249' title='bbox 531 3584 649 3648; x_wconf 88' lang='lat' dir='ltr'><strong>Pilatus</strong></span> <span class='ocrx_word' id='word_1_250' title='bbox 671 3585 774 3667; x_wconf 90' lang='lat' dir='ltr'><strong>palam</strong></span> <span class='ocrx_word' id='word_1_251' title='bbox 798 3586 836 3648; x_wconf 91' lang='lat' dir='ltr'><strong>ad</strong></span> <span class='ocrx_word' id='word_1_252' title='bbox 860 3585 1001 3648; x_wconf 85' lang='lat' dir='ltr'><strong>ludaeos</strong></span> <span class='ocrx_word' id='word_1_253' title='bbox 1024 3584 1114 3658; x_wconf 89' lang='lat' dir='ltr'><strong>dicit,</strong></span> <span class='ocrx_word' id='word_1_254' title='bbox 1137 3583 1391 3648; x_wconf 89' lang='lat' dir='ltr'><strong>criminationem</strong></span> <span class='ocrx_word' id='word_1_255' title='bbox 1408 3604 1531 3659; x_wconf 91' lang='lat' dir='ltr'><strong>eorum,</strong></span> 
     </span>
     <span class='ocr_line' id='line_1_30' title="bbox 331 3691 1528 3782; baseline 0 -26"><span class='ocrx_word' id='word_1_256' title='bbox 331 3693 424 3782; x_wconf 88' lang='lat' dir='ltr'><strong>quod</strong></span> <span class='ocrx_word' id='word_1_257' title='bbox 442 3693 565 3780; x_wconf 81' lang='lat' dir='ltr'><strong>Regem</strong></span> <span class='ocrx_word' id='word_1_258' title='bbox 582 3712 618 3755; x_wconf 91' lang='lat' dir='ltr'><strong>se</strong></span> <span class='ocrx_word' id='word_1_259' title='bbox 634 3691 756 3766; x_wconf 87' lang='lat' dir='ltr'><strong>fecerit,</strong></span> <span class='ocrx_word' id='word_1_260' title='bbox 774 3696 919 3780; x_wconf 79' lang='lat' dir='ltr'><strong>Angusto</strong></span> <span class='ocrx_word' id='word_1_261' title='bbox 938 3693 1069 3757; x_wconf 83' lang='lat' dir='ltr'><strong>Tiberio</strong></span> <span class='ocrx_word' id='word_1_262' title='bbox 1086 3692 1299 3767; x_wconf 89' lang='lat' dir='ltr'><strong>insidiantem,</strong></span> <span class='ocrx_word' id='word_1_263' title='bbox 1316 3693 1428 3758; x_wconf 86' lang='lat' dir='ltr'><strong>falsam</strong></span> <span class='ocrx_word' id='word_1_264' title='bbox 1445 3714 1528 3767; x_wconf 90' lang='lat' dir='ltr'><strong>esse,</strong></span> 
     </span>
     <span class='ocr_line' id='line_1_31' title="bbox 328 3801 1527 3886; baseline -0.003 -16"><span class='ocrx_word' id='word_1_265' title='bbox 328 3817 366 3870; x_wconf 87' lang='lat' dir='ltr'><strong>et</strong></span> <span class='ocrx_word' id='word_1_266' title='bbox 390 3824 427 3867; x_wconf 88' lang='lat' dir='ltr'><strong>sc</strong></span> <span class='ocrx_word' id='word_1_267' title='bbox 450 3803 566 3866; x_wconf 89' lang='lat' dir='ltr'><strong>nullam</strong></span> <span class='ocrx_word' id='word_1_268' title='bbox 588 3822 718 3866; x_wconf 82' lang='lat' dir='ltr'><strong>caiisam</strong></span> <span class='ocrx_word' id='word_1_269' title='bbox 734 3801 839 3885; x_wconf 91' lang='lat' dir='ltr'><strong>ipsum</strong></span> <span class='ocrx_word' id='word_1_270' title='bbox 856 3802 1089 3867; x_wconf 88' lang='lat' dir='ltr'><strong>condemnandi</strong></span> <span class='ocrx_word' id='word_1_271' title='bbox 1105 3801 1136 3865; x_wconf 93' lang='lat' dir='ltr'><strong>in</strong></span> <span class='ocrx_word' id='word_1_272' title='bbox 1153 3801 1206 3865; x_wconf 94' lang='lat' dir='ltr'><strong>illo</strong></span> <span class='ocrx_word' id='word_1_273' title='bbox 1223 3801 1427 3886; x_wconf 60' lang='lat' dir='ltr'><strong>invenirer).</strong></span> <span class='ocrx_word' id='word_1_274' title='bbox 1447 3804 1527 3881; x_wconf 80' lang='lat' dir='ltr'><strong>Qua-</strong></span> 
     </span>
    </p>
   </div>
   <div class='ocr_carea' id='block_1_5' title="bbox 330 4001 1532 4991">
    <p class='ocr_par' dir='ltr' id='par_1_6' title="bbox 330 4001 1532 4991">
     <span class='ocr_line' id='line_1_32' title="bbox 450 4001 1530 4088; baseline 0.003 -25"><span class='ocrx_word' id='word_1_275' title='bbox 450 4001 476 4088; x_wconf 89' lang='lat'><strong>¹)</strong></span> <span class='ocrx_word' id='word_1_276' title='bbox 494 4005 567 4067; x_wconf 83' lang='lat' dir='ltr'><strong>Luc.</strong></span> <span class='ocrx_word' id='word_1_277' title='bbox 588 4003 616 4079; x_wconf 90' lang='lat'><strong>1,</strong></span> <span class='ocrx_word' id='word_1_278' title='bbox 633 4002 777 4066; x_wconf 80' lang='lat'><strong>32-33.</strong></span> <span class='ocrx_word' id='word_1_279' title='bbox 810 4039 851 4050; x_wconf 89' lang='lat'>—</span> <span class='ocrx_word' id='word_1_280' title='bbox 884 4006 910 4081; x_wconf 67' lang='lat'><strong>2)</strong></span> <span class='ocrx_word' id='word_1_281' title='bbox 926 4003 1053 4079; x_wconf 84' lang='lat' dir='ltr'><strong>Luc.·2,</strong></span> <span class='ocrx_word' id='word_1_282' title='bbox 1073 4002 1123 4067; x_wconf 93' lang='grc'><strong>11.</strong></span> <span class='ocrx_word' id='word_1_283' title='bbox 1149 4039 1189 4049; x_wconf 94' lang='lat'>-</span> <span class='ocrx_word' id='word_1_284' title='bbox 1216 4005 1242 4084; x_wconf 80' lang='lat'><strong>⁸)</strong></span> <span class='ocrx_word' id='word_1_285' title='bbox 1262 4005 1368 4066; x_wconf 87' lang='lat' dir='ltr'><strong>Matth.</strong></span> <span class='ocrx_word' id='word_1_286' title='bbox 1386 4002 1417 4079; x_wconf 91' lang='lat'><strong>2,</strong></span> <span class='ocrx_word' id='word_1_287' title='bbox 1436 4002 1467 4066; x_wconf 90' lang='lat'><strong>2.</strong></span> <span class='ocrx_word' id='word_1_288' title='bbox 1489 4042 1530 4051; x_wconf 94' lang='lat'>—</span> 
     </span>
     <span class='ocr_line' id='line_1_33' title="bbox 331 4092 1532 4180; baseline 0.004 -26"><span class='ocrx_word' id='word_1_289' title='bbox 331 4097 364 4178; x_wconf 84' lang='lat'><strong>⁴)</strong></span> <span class='ocrx_word' id='word_1_290' title='bbox 382 4093 476 4155; x_wconf 88' lang='lat' dir='ltr'><strong>Joan.</strong></span> <span class='ocrx_word' id='word_1_291' title='bbox 496 4092 546 4169; x_wconf 86' lang='grc'><strong>18,</strong></span> <span class='ocrx_word' id='word_1_292' title='bbox 563 4092 616 4158; x_wconf 80' lang='lat'><strong>37.</strong></span> <span class='ocrx_word' id='word_1_293' title='bbox 649 4095 696 4159; x_wconf 81' lang='lat' dir='ltr'><strong>cf.</strong></span> <span class='ocrx_word' id='word_1_294' title='bbox 712 4097 818 4156; x_wconf 86' lang='lat' dir='ltr'><strong>Matth.</strong></span> <span class='ocrx_word' id='word_1_295' title='bbox 836 4093 966 4180; x_wconf 64' lang='lat' dir='ltr'><strong>27,st</strong></span> <span class='ocrx_word' id='word_1_296' title='bbox 985 4097 1078 4157; x_wconf 89' lang='lat' dir='ltr'><strong>Marc.</strong></span> <span class='ocrx_word' id='word_1_297' title='bbox 1098 4093 1148 4170; x_wconf 85' lang='grc'><strong>15,</strong></span> <span class='ocrx_word' id='word_1_298' title='bbox 1166 4096 1198 4159; x_wconf 86' lang='grc'><strong>2.</strong></span> <span class='ocrx_word' id='word_1_299' title='bbox 1232 4128 1274 4140; x_wconf 94' lang='lat'>-</span> <span class='ocrx_word' id='word_1_300' title='bbox 1307 4096 1435 4176; x_wconf 78' lang='lat' dir='ltr'><strong>⁶)Math</strong></span> <span class='ocrx_word' id='word_1_301' title='bbox 1478 4095 1532 4173; x_wconf 75' lang='lat'><strong>21,</strong></span> 
     </span>
     <span class='ocr_line' id='line_1_34' title="bbox 330 4183 1531 4267; baseline 0.002 -17"><span class='ocrx_word' id='word_1_302' title='bbox 330 4183 485 4250; x_wconf 82' lang='lat'><strong>28-29.</strong></span> <span class='ocrx_word' id='word_1_303' title='bbox 503 4185 549 4246; x_wconf 81' lang='lat' dir='ltr'><strong>cf.</strong></span> <span class='ocrx_word' id='word_1_304' title='bbox 567 4184 620 4260; x_wconf 91' lang='lat'><strong>21,</strong></span> <span class='ocrx_word' id='word_1_305' title='bbox 637 4184 735 4248; x_wconf 83' lang='lat'><strong>4-5.</strong></span> <span class='ocrx_word' id='word_1_306' title='bbox 753 4221 796 4230; x_wconf 91' lang='lat'>-</span> <span class='ocrx_word' id='word_1_307' title='bbox 813 4186 838 4266; x_wconf 70' lang='grc' dir='ltr'><strong>θ)</strong></span> <span class='ocrx_word' id='word_1_308' title='bbox 855 4187 897 4251; x_wconf 85' lang='lat' dir='ltr'><strong>Is.</strong></span> <span class='ocrx_word' id='word_1_309' title='bbox 915 4185 969 4267; x_wconf 86' lang='lat'><strong>42,</strong></span> <span class='ocrx_word' id='word_1_310' title='bbox 988 4184 1086 4248; x_wconf 80' lang='grc'><strong>6-7.</strong></span> <span class='ocrx_word' id='word_1_311' title='bbox 1105 4186 1150 4247; x_wconf 85' lang='lat' dir='ltr'><strong>Of.</strong></span> <span class='ocrx_word' id='word_1_312' title='bbox 1168 4183 1198 4258; x_wconf 89' lang='lat'><strong>9,</strong></span> <span class='ocrx_word' id='word_1_313' title='bbox 1215 4183 1333 4264; x_wconf 79' lang='lat'><strong>2.-&#39;)</strong></span> <span class='ocrx_word' id='word_1_314' title='bbox 1351 4185 1393 4248; x_wconf 90' lang='lat' dir='ltr'><strong>Is.</strong></span> <span class='ocrx_word' id='word_1_315' title='bbox 1410 4183 1462 4250; x_wconf 82' lang='lat'><strong>53.</strong></span> <span class='ocrx_word' id='word_1_316' title='bbox 1479 4186 1531 4254; x_wconf 88' lang='lat'><strong>12.</strong></span> 
     </span>
     <span class='ocr_line' id='line_1_35' title="bbox 333 4274 1532 4359; baseline 0 -23"><span class='ocrx_word' id='word_1_317' title='bbox 333 4279 430 4354; x_wconf 80' lang='lat'><strong>-⁸)</strong></span> <span class='ocrx_word' id='word_1_318' title='bbox 447 4279 527 4337; x_wconf 86' lang='lat' dir='ltr'><strong>Dan.</strong></span> <span class='ocrx_word' id='word_1_319' title='bbox 544 4275 576 4359; x_wconf 84' lang='lat'><strong>9,</strong></span> <span class='ocrx_word' id='word_1_320' title='bbox 592 4275 645 4339; x_wconf 86' lang='lat'><strong>24.</strong></span> <span class='ocrx_word' id='word_1_321' title='bbox 677 4315 721 4322; x_wconf 96' lang='lat'><em>-</em></span> <span class='ocrx_word' id='word_1_322' title='bbox 752 4279 778 4356; x_wconf 79' lang='lat'><strong>⁹)</strong></span> <span class='ocrx_word' id='word_1_323' title='bbox 796 4278 885 4338; x_wconf 75' lang='lat' dir='ltr'><strong>zach.</strong></span> <span class='ocrx_word' id='word_1_324' title='bbox 903 4275 934 4358; x_wconf 83' lang='grc'><strong>9,</strong></span> <span class='ocrx_word' id='word_1_325' title='bbox 952 4277 1073 4342; x_wconf 78' lang='lat'><strong>9-10.</strong></span> <span class='ocrx_word' id='word_1_326' title='bbox 1100 4312 1143 4323; x_wconf 90' lang='lat'><em>-</em></span> <span class='ocrx_word' id='word_1_327' title='bbox 1168 4274 1532 4355; x_wconf 77' lang='lat' dir='ltr'><strong>¹⁰)J0an.18‚36.0f,</strong></span> 
     </span>
     <span class='ocr_line' id='line_1_36' title="bbox 332 4364 1532 4442; baseline 0.002 -12"><span class='ocrx_word' id='word_1_328' title='bbox 332 4368 448 4430; x_wconf 79' lang='lat' dir='ltr'><strong>Marah.</strong></span> <span class='ocrx_word' id='word_1_329' title='bbox 466 4366 518 4441; x_wconf 88' lang='grc'><strong>20,</strong></span> <span class='ocrx_word' id='word_1_330' title='bbox 536 4366 679 4432; x_wconf 87' lang='grc'>20-28.</span> <span class='ocrx_word' id='word_1_331' title='bbox 695 4371 789 4430; x_wconf 84' lang='lat' dir='ltr'><strong>Maro.</strong></span> <span class='ocrx_word' id='word_1_332' title='bbox 809 4365 860 4442; x_wconf 87' lang='lat'><strong>10,</strong></span> <span class='ocrx_word' id='word_1_333' title='bbox 877 4364 1019 4430; x_wconf 83' lang='lat'><strong>35—45.</strong></span> <span class='ocrx_word' id='word_1_334' title='bbox 1037 4369 1111 4428; x_wconf 86' lang='lat' dir='ltr'><strong>Luc.</strong></span> <span class='ocrx_word' id='word_1_335' title='bbox 1130 4364 1182 4440; x_wconf 88' lang='lat'><strong>22,</strong></span> <span class='ocrx_word' id='word_1_336' title='bbox 1199 4365 1344 4429; x_wconf 76' lang='lat'><strong>24-21.</strong></span> <span class='ocrx_word' id='word_1_337' title='bbox 1363 4403 1404 4413; x_wconf 82' lang='lat'>-</span> <span class='ocrx_word' id='word_1_338' title='bbox 1422 4367 1532 4431; x_wconf 85' lang='lat' dir='ltr'><strong>Mattlt.</strong></span> 
     </span>
     <span class='ocr_line' id='line_1_37' title="bbox 334 4455 1531 4533; baseline 0.001 -12"><span class='ocrx_word' id='word_1_339' title='bbox 334 4455 555 4533; x_wconf 82' lang='lat'><strong>22,15-22.</strong></span> <span class='ocrx_word' id='word_1_340' title='bbox 588 4462 682 4520; x_wconf 88' lang='lat' dir='ltr'><strong>Marc.</strong></span> <span class='ocrx_word' id='word_1_341' title='bbox 704 4456 912 4532; x_wconf 79' lang='lat'><strong>12,13-17.</strong></span> <span class='ocrx_word' id='word_1_342' title='bbox 943 4459 1017 4520; x_wconf 82' lang='lat' dir='ltr'><strong>Luc.</strong></span> <span class='ocrx_word' id='word_1_343' title='bbox 1043 4455 1096 4533; x_wconf 89' lang='lat'><strong>20,</strong></span> <span class='ocrx_word' id='word_1_344' title='bbox 1120 4455 1263 4520; x_wconf 83' lang='lat'><strong>20—26.</strong></span> <span class='ocrx_word' id='word_1_345' title='bbox 1284 4459 1452 4519; x_wconf 73' lang='lat' dir='ltr'><strong>-Mattu</strong></span> <span class='ocrx_word' id='word_1_346' title='bbox 1476 4457 1531 4532; x_wconf 88' lang='lat'><strong>21,</strong></span> 
     </span>
     <span class='ocr_line' id='line_1_38' title="bbox 333 4546 1531 4623; baseline -0.001 -10"><span class='ocrx_word' id='word_1_347' title='bbox 333 4547 485 4613; x_wconf 81' lang='lat'><strong>33—44.</strong></span> <span class='ocrx_word' id='word_1_348' title='bbox 518 4546 828 4623; x_wconf 86' lang='lat' dir='ltr'><strong>Mare.12,1-11.</strong></span> <span class='ocrx_word' id='word_1_349' title='bbox 873 4551 948 4611; x_wconf 84' lang='lat' dir='ltr'><strong>Luc.</strong></span> <span class='ocrx_word' id='word_1_350' title='bbox 966 4546 1024 4621; x_wconf 90' lang='lat'><strong>20,</strong></span> <span class='ocrx_word' id='word_1_351' title='bbox 1042 4546 1163 4610; x_wconf 84' lang='grc'>9-18,</span> <span class='ocrx_word' id='word_1_352' title='bbox 1198 4549 1306 4609; x_wconf 77' lang='lat' dir='ltr'><strong>Marah.</strong></span> <span class='ocrx_word' id='word_1_353' title='bbox 1328 4546 1368 4610; x_wconf 88' lang='lat'><strong>16</strong></span> <span class='ocrx_word' id='word_1_354' title='bbox 1387 4546 1531 4612; x_wconf 85' lang='lat'><strong>24—28.</strong></span> 
     </span>
     <span class='ocr_line' id='line_1_39' title="bbox 338 4637 1530 4718; baseline 0 -16"><span class='ocrx_word' id='word_1_355' title='bbox 338 4642 439 4702; x_wconf 84' lang='lat' dir='ltr'><strong>Mare.</strong></span> <span class='ocrx_word' id='word_1_356' title='bbox 458 4641 487 4718; x_wconf 88' lang='lat'><strong>8,</strong></span> <span class='ocrx_word' id='word_1_357' title='bbox 506 4638 649 4703; x_wconf 82' lang='lat'><strong>34—39.</strong></span> <span class='ocrx_word' id='word_1_358' title='bbox 682 4643 757 4700; x_wconf 88' lang='lat' dir='ltr'><strong>Luc.</strong></span> <span class='ocrx_word' id='word_1_359' title='bbox 776 4641 806 4713; x_wconf 88' lang='lat'><strong>9,</strong></span> <span class='ocrx_word' id='word_1_360' title='bbox 824 4637 969 4702; x_wconf 81' lang='lat'><strong>23—24.</strong></span> <span class='ocrx_word' id='word_1_361' title='bbox 1002 4675 1046 4686; x_wconf 94' lang='grc'>-</span> <span class='ocrx_word' id='word_1_362' title='bbox 1077 4637 1475 4713; x_wconf 75' lang='lat' dir='ltr'><strong>Matth.9,12-l3.huc.</strong></span> <span class='ocrx_word' id='word_1_363' title='bbox 1499 4639 1530 4713; x_wconf 82' lang='lat'><strong>5,</strong></span> 
     </span>
     <span class='ocr_line' id='line_1_40' title="bbox 335 4727 1530 4811; baseline 0.001 -15"><span class='ocrx_word' id='word_1_364' title='bbox 335 4729 485 4796; x_wconf 83' lang='grc'>31-32,</span> <span class='ocrx_word' id='word_1_365' title='bbox 509 4769 546 4778; x_wconf 90' lang='grc'>-</span> <span class='ocrx_word' id='word_1_366' title='bbox 567 4734 675 4794; x_wconf 83' lang='lat' dir='ltr'><strong>Mattlr.</strong></span> <span class='ocrx_word' id='word_1_367' title='bbox 694 4729 725 4804; x_wconf 84' lang='lat'><strong>5,</strong></span> <span class='ocrx_word' id='word_1_368' title='bbox 745 4729 887 4792; x_wconf 89' lang='lat'><strong>11—12.</strong></span> <span class='ocrx_word' id='word_1_369' title='bbox 908 4730 958 4811; x_wconf 82' lang='lat'><strong>10,</strong></span> <span class='ocrx_word' id='word_1_370' title='bbox 979 4727 1209 4792; x_wconf 73' lang='lat' dir='ltr'><strong>16-42.t.uo.</strong></span> <span class='ocrx_word' id='word_1_371' title='bbox 1229 4727 1259 4805; x_wconf 89' lang='lat'><strong>9,</strong></span> <span class='ocrx_word' id='word_1_372' title='bbox 1278 4729 1411 4793; x_wconf 87' lang='lat'><strong>18-22</strong></span> <span class='ocrx_word' id='word_1_373' title='bbox 1429 4729 1459 4806; x_wconf 88' lang='grc'><strong>9,</strong></span> <span class='ocrx_word' id='word_1_374' title='bbox 1477 4729 1530 4797; x_wconf 88' lang='grc'><strong>58.</strong></span> 
     </span>
     <span class='ocr_line' id='line_1_41' title="bbox 339 4819 1530 4905; baseline 0.001 -20"><span class='ocrx_word' id='word_1_375' title='bbox 339 4820 567 4905; x_wconf 85' lang='grc'>12,13-14.</span> <span class='ocrx_word' id='word_1_376' title='bbox 600 4825 686 4885; x_wconf 89' lang='lat' dir='ltr'><strong>Rom.</strong></span> <span class='ocrx_word' id='word_1_377' title='bbox 712 4820 768 4895; x_wconf 82' lang='lat'><strong>14,</strong></span> <span class='ocrx_word' id='word_1_378' title='bbox 799 4822 850 4885; x_wconf 82' lang='lat' dir='ltr'><strong>l&#39;l.</strong></span> <span class='ocrx_word' id='word_1_379' title='bbox 871 4821 899 4884; x_wconf 93' lang='grc'><strong>1.</strong></span> <span class='ocrx_word' id='word_1_380' title='bbox 918 4822 988 4884; x_wconf 75' lang='lat' dir='ltr'><strong>Gor.</strong></span> <span class='ocrx_word' id='word_1_381' title='bbox 1006 4819 1111 4899; x_wconf 84' lang='lat'><strong>4,20.</strong></span> <span class='ocrx_word' id='word_1_382' title='bbox 1131 4819 1308 4896; x_wconf 48' lang='lat' dir='ltr'><strong>tta-10.</strong></span> <span class='ocrx_word' id='word_1_383' title='bbox 1342 4820 1457 4899; x_wconf 72' lang='lat'><strong>0011,</strong></span> <span class='ocrx_word' id='word_1_384' title='bbox 1478 4822 1530 4891; x_wconf 84' lang='lat'><strong>13.</strong></span> 
     </span>
     <span class='ocr_line' id='line_1_42' title="bbox 341 4909 778 4991; baseline -0.009 -13"><span class='ocrx_word' id='word_1_385' title='bbox 341 4911 373 4979; x_wconf 81' lang='grc'><strong>2.</strong></span> <span class='ocrx_word' id='word_1_386' title='bbox 391 4915 468 4983; x_wconf 86' lang='lat' dir='ltr'><strong>Tim,</strong></span> <span class='ocrx_word' id='word_1_387' title='bbox 487 4911 518 4990; x_wconf 91' lang='lat'><strong>2,</strong></span> <span class='ocrx_word' id='word_1_388' title='bbox 536 4912 588 4982; x_wconf 88' lang='lat'><strong>12.</strong></span> <span class='ocrx_word' id='word_1_389' title='bbox 605 4909 635 4991; x_wconf 85' lang='lat'><strong>4,</strong></span> <span class='ocrx_word' id='word_1_390' title='bbox 654 4911 705 4981; x_wconf 83' lang='lat'><strong>18.</strong></span> <span class='ocrx_word' id='word_1_391' title='bbox 722 4922 778 4977; x_wconf 80' lang='lat' dir='ltr'><strong>ato.</strong></span> 
     </span>
    </p>
   </div>
   <div class='ocr_carea' id='block_1_6' title="bbox 1255 5017 1318 5087">
    <p class='ocr_par' dir='ltr' id='par_1_7' title="bbox 1255 5017 1318 5087">
     <span class='ocr_line' id='line_1_43' title="bbox 1255 5017 1318 5087; baseline -0.016 0"><span class='ocrx_word' id='word_1_392' title='bbox 1255 5017 1318 5087; x_wconf 79' lang='lat'><strong>24*</strong></span> 
     </span>
    </p>
   </div>
   <div class='ocr_carea' id='block_1_7' title="bbox 0 0 1892 5625">
    <p class='ocr_par' dir='ltr' id='par_1_8' title="bbox 0 0 1892 5625">
     <span class='ocr_line' id='line_1_44' title="bbox 0 0 1892 5625; baseline 0 2"><span class='ocrx_word' id='word_1_393' title='bbox 0 0 1892 5625; x_wconf 95' lang='lat' dir='ltr'><strong> </strong></span> 
     </span>
    </p>
   </div>
  </div>
 </body>
</html>
