3775 5625
774 831 1037 904 Articulus
1067 832 1099 902 1.

655 1046 719 1121 De
736 1049 1002 1121 necessitate
1018 1050 1214 1147 gratiae.

837 1279 1040 1290 ——u-——..

557 1407 583 1489 ξ.
602 1401 667 1473 83.
686 1402 914 1474 Doctrina
931 1403 1324 1476 adversariorum.

451 1605 527 1663 Cum
544 1604 634 1662 bomo
657 1605 757 1662 aDeo
775 1620 907 1661 aversus
922 1602 953 1659 in
972 1604 1114 1661 mundum
1131 1603 1327 1682 ingreditur,
1349 1605 1520 1681 insuperque

346 1732 405 1773 non
418 1722 534 1772 tantum
548 1713 634 1771 donis
652 1713 940 1787 supernaturalibus
959 1712 1161 1792 exspoliatus,
1177 1713 1231 1771 sed
1249 1715 1327 1772 etin
1345 1713 1521 1772 naturalibus

346 1823 388 1882 sit
403 1824 599 1881 vnlneratus:
617 1821 710 1880 facile
728 1830 776 1878 est
792 1820 921 1888 inferre,
938 1820 1037 1896 ipsum
1054 1829 1118 1879 tum
1135 1824 1376 1900 regeneratione
1394 1842 1430 1883 ae
1445 1840 1524 1880 reno·

345 1932 484 2000 vatione,
506 1949 565 2007 qua
582 1932 619 1989 ad
635 1932 736 1989 Deum
752 1948 864 1988 rursus
881 1939 1099 2000 convertatur,
1110 1930 1320 2005 justificetur,
1345 1943 1409 1992 tum
1425 1932 1526 1992 auxilie

346 2042 448 2101 divino
470 2040 632 2117 indigere,
666 2057 723 2115 quo
746 2047 847 2097 mente
868 2038 1058 2098 illuminatus
1075 2047 1107 2098 et
1121 2041 1281 2099 voluntate
1304 2043 1527 2110 corroboratus,

346 2153 473 2210 idonens
515 2149 669 2208 efficiatur
701 2149 738 2206 ad
770 2166 804 2206 se
836 2148 872 2207 ad
898 2147 1154 2221 justificationem
1187 2169 1223 2211 ae
1257 2152 1527 2210 sanctificationem

346 2279 431 2319 suam
454 2258 709 2336 praeparandum,
741 2267 772 2316 et
803 2257 832 2316 in
855 2266 984 2333 accepta
1000 2258 1123 2332 justitia
1145 2276 1181 2319 ae
1204 2262 1375 2320 sanctitate
1392 2278 1528 2336 perseve-

347 2370 485 2429 randum.

453 2479 668 2538 Dimicendum
686 2486 787 2536 autem
804 2477 894 2536 nobis
911 2476 962 2537 bie
980 2487 1030 2535 est
1046 2487 1155 2538 contra
1170 2478 1278 2537 hostes
1296 2480 1430 2555 duplicis
1447 2497 1531 2558 gene·

347 2590 402 2660 ris,
421 2607 460 2647 ex
476 2588 617 2647 adversis
635 2587 774 2663 partibus
793 2596 901 2646 eontra
917 2586 1081 2645 veritatem
1098 2589 1318 2665 pugnantibus.
1355 2590 1439 2648 Sunt
1455 2589 1533 2657 enin,

348 2698 399 2774 qui
415 2698 550 2775 gratiam
567 2696 710 2765 divinam,
728 2705 808 2769 sunt,
826 2696 876 2772 qui
892 2695 1023 2753 liberum
1041 2695 1203 2754 arbitrium
1217 2705 1376 2756 evertunt.
1394 2696 1453 2777 tltt,
1468 2697 1534 2755 libe·
1569 2735 1571 2774 p

347 2827 414 2867 rum
432 2806 593 2867 arbitrium
611 2806 807 2875 extollentes,
824 2807 929 2866 valere
947 2805 1099 2865 bominem
1116 2806 1182 2865 suis
1198 2806 1318 2865 viribus
1341 2807 1534 2875 contendunt,
1569 2807 1571 2813 '

348 2935 404 2977 uec
420 2918 562 2995 indigere
579 2916 689 2976 medici
706 2917 819 2976 auxilio
837 2917 920 2975 nulla
935 2917 1004 2975 labe
1022 2917 1155 2995 originis
1171 2917 1312 2981 vitiatam
1329 2927 1485 2977 naturam.
1500 2914 1535 2975 lll

347 3045 364 3084 e
381 3028 538 3087 contrario
555 3027 677 3103 penitus
694 3027 846 3102 perditum
864 3035 895 3085 et
910 3027 1142 3102 pessumdatum
1160 3027 1324 3086 arbitrium
1334 3029 1533 3095 clamitantes,

347 3137 459 3194 malum
477 3155 547 3195 esse
565 3145 596 3194 et
611 3135 741 3194 vitiosae
758 3135 935 3210 cupiditatis
953 3153 1070 3194 veneno
1083 3136 1242 3208 iniectum,
1257 3137 1321 3194 imo
1337 3137 1433 3211 hujus
1450 3136 1535 3196 solius

348 3264 418 3304 esse
437 3247 599 3314 ellectum,
623 3244 765 3321 quidquid
788 3261 846 3301 non
868 3244 1041 3316 potentiore
1066 3263 1218 3321 supernae
1235 3245 1363 3323 gratiae
1379 3245 1534 3306 virtuteln

348 3364 449 3413 mente
466 3365 574 3414 nostra
591 3373 650 3413 aon
667 3363 717 3413 est
734 3371 925 3429 expressum.

452 3463 534 3524 lnter
560 3483 628 3535 eos,
656 3464 707 3542 qui
731 3463 854 3542 gratiae
877 3463 1099 3523 necessitatem
1122 3475 1295 3543 negarunt,
1328 3467 1459 3526 nimium
1477 3484 1532 3526 ua·

348 3585 437 3633 turae
459 3582 490 3631 et
510 3573 608 3632 libero
630 3573 759 3632 arbitrio
782 3573 971 3641 tribuentes,
1004 3573 1118 3632 eminet
1137 3574 1344 3652 Pelagius,
1362 3577 1534 3643 Monachus,

349 3681 449 3758 patria
463 3681 641 3749 Britannus,
658 3682 709 3758 qni
725 3681 850 3740 ineunte
866 3700 950 3742 saec.
976 3683 1015 3742 V.
1032 3683 1285 3742 Manichaeorum
1302 3684 1477 3746 haereseos
1490 3704 1534 3761 op·

349 3789 528 3865 pugnandae
546 3790 649 3865 specie
666 3790 885 3849 redemtionem
911 3792 1038 3868 eJusque
1061 3792 1235 3852 efficaciam
1257 3813 1394 3870 prorsus
1410 3816 1429 3854 e
1447 3795 1534 3855 mette

351 3898 462 3956 tollere
478 3908 608 3958 conatus
626 3910 684 3959 est.
709 3901 823 3959 Docuit
845 3901 940 3971 enim,
963 3920 1030 3961 eum
1057 3902 1102 3960 illi
1123 3921 1248 3962 earnem
1271 3915 1414 3965 nostram
1431 3925 1451 3966 a
1466 3905 1532 3963 malo

350 4005 499 4082 principio
523 4007 695 4083 proiectam
717 4027 788 4066 esse
811 4019 1009 4081 assererent,
1030 4030 1089 4069 non
1106 4021 1222 4071 tantum
1239 4014 1376 4089 primurn
1394 4015 1531 4074 beminen

352 4114 519 4187 perlectum
537 4137 555 4176 a
570 4119 637 4176 Deo
655 4136 725 4176 esse
743 4118 916 4190 eonditum,
939 4121 994 4178 sed
1011 4129 1042 4178 et
1058 4122 1212 4197 quemvis,
1236 4123 1346 4198 quiex
1363 4125 1433 4201 ipso
1449 4123 1531 4184 trabit

354 4221 523 4298 originem,
539 4226 569 4283 in
587 4227 692 4284 eodem
709 4235 807 4294 statu,
824 4227 855 4283 in
872 4246 930 4304 quo
948 4229 999 4286 ille
1017 4238 1086 4287 erat
1103 4248 1121 4287 a
1136 4232 1205 4288 Deo
1223 4233 1428 4304 constitutus,
1445 4232 1527 4298 nuria

353 4337 383 4386 et
408 4348 503 4406 neque
525 4352 578 4407 per
602 4354 670 4393 eum
688 4335 887 4394 facultatibus
905 4339 1194 4412 supernaturalibus
1212 4351 1361 4414 exutum,
1379 4361 1473 4420 neque
1487 4358 1526 4399 na·

353 4439 469 4497 turales
487 4442 552 4514 ejus
569 4445 720 4517 potentias
739 4463 810 4501 esse
827 4453 1003 4504 attenuatas
1022 4457 1073 4506 aut
1089 4449 1267 4521 inclinatas,
1287 4462 1319 4510 et
1335 4452 1409 4513 bine
1427 4466 1525 4529 qnoque

353 4563 449 4623 neque
474 4550 620 4610 ddamum
644 4572 740 4629 neque
766 4554 831 4626 ejus
854 4563 997 4628 posteros
1019 4559 1221 4635 qualicunque
1239 4562 1470 4638 supernaturali
1484 4577 1523 4619 ar·

354 4654 425 4712 xilio
439 4657 591 4736 indigere,
610 4663 716 4737 quoad
733 4663 894 4738 pristinum
912 4676 1024 4724 statum
1042 4670 1259 4740 restituantur,
1279 4684 1333 4733 aut
1352 4694 1409 4752 qno
1425 4671 1520 4732 intelle·

355 4771 422 4819 ctus
454 4767 625 4826 illustretur
650 4789 684 4830 ae
708 4773 848 4830 voluntas
871 4775 1049 4834 sublevetur
1073 4780 1109 4836 ael
1132 4781 1317 4842 salutariter
1344 4782 1517 4860 operandun,

356 4868 455 4948 nilque
476 4874 626 4937 hominem
648 4880 828 4956 prohibere,
860 4885 1020 4959 quominus
1044 4888 1125 4950 eitra
1146 4909 1236 4951 omne
1259 4904 1423 4971 peecatum
1445 4891 1514 4949 tittn
