3775 5625
348 421 391 486 tt

347 587 438 660 tiare,
454 605 551 649 exeo
569 585 655 648 clare
676 582 852 669 colligitur,
873 583 959 667 quod
975 581 1093 646 'Patres
1115 603 1271 649 canonm
1291 584 1400 650 verbis
1421 588 1550 674 Augu·

351 694 455 768 stini,
477 692 530 779 qui
549 690 711 756 hominem
730 691 762 754 in
784 690 954 755 sanctitate
977 703 1120 754 creatum
1141 713 1217 756 esse
1239 692 1325 768 dicit,
1342 695 1411 779 jam
1428 715 1547 762 conec·

348 816 438 889 ptum
458 801 642 886 rejecerint,
663 812 756 885 atque
777 800 877 864 verba
896 800 949 883 illa
972 801 1119 864 consulto
1141 799 1307 888 elegerint.
1337 803 1447 870 Verba
1467 824 1546 871 vero

347 912 477 979 alterius
495 910 642 976 canonis:
665 923 827 991 acceptam
843 932 863 972 a
878 913 948 973 Deo
966 916 1167 974 sanctitatem
1189 924 1221 976 ct
1231 916 1412 996 justitiam,
1434 912 1545 980 deflui·

347 1023 467 1087 tionem
484 1022 597 1085 saltem
612 1018 797 1104 implicitam
815 1019 993 1083 sententiae
1009 1032 1140 1084 nostrae
1158 1040 1242 1095 esse,
1262 1022 1296 1085 in
1318 1043 1379 1107 qua
1393 1022 1476 1088 haec
1491 1042 1544 1088 ua·

348 1131 491 1197 cessario
508 1130 698 1204 includatur,
720 1150 778 1213 per
801 1149 837 1193 se
852 1128 1055 1193 manifestum
1071 1140 1131 1194 est.
1163 1130 1289 1195 Nullum
1310 1131 1418 1217 itaque
1437 1144 1546 1218 potest

349 1261 524 1326 superesse
541 1238 681 1313 dubium,
703 1238 777 1323 quin
798 1238 837 1302 ad
859 1239 1012 1325 dogmata
1029 1238 1204 1303 solenniter
1226 1241 1265 1304 ab
1281 1241 1431 1306 Ecclesia
1446 1262 1544 1308 enun-

346 1352 424 1416 tiata
445 1349 603 1414 sententia
624 1348 689 1412 ista
708 1348 880 1432 pertineat,
906 1359 1155 1433 protoparentes
1177 1348 1371 1415 constitutos
1392 1349 1495 1417 finisse
1513 1351 1553 1438 inv

347 1458 517 1524 sanctitate
533 1478 572 1522 ac
582 1455 718 1541 justitia,
740 1477 798 1521 seu
818 1457 851 1521 in
872 1456 979 1543 gratia
999 1456 1220 1523 sanctificante
1237 1470 1331 1545 atque
1346 1459 1456 1526 habitu
1472 1460 1544 1527 cha·

347 1567 461 1642 ritatis,
484 1587 545 1651 qua
563 1565 627 1650 ipsi
648 1564 769 1630 habiles
791 1587 829 1630 ac
850 1566 955 1651 parati
975 1565 1082 1631 effecti
1102 1568 1142 1632 ad
1157 1568 1261 1631 Deum
1281 1579 1442 1654 tamquam
1459 1591 1545 1635 sum·

347 1699 433 1741 mum
448 1677 572 1739 Bonum
594 1696 693 1759 super
715 1673 821 1739 omnia
841 1687 974 1759 propter
997 1674 1206 1760 semetipsum
1228 1675 1432 1764 diligendum,
1454 1678 1545 1765 qnasi

345 1788 377 1851 in
401 1783 602 1851 consortium
623 1796 755 1848 naturae
777 1782 901 1848 divinae
922 1783 1011 1858 elati,
1039 1796 1132 1869 atque
1152 1785 1223 1849 Deo
1244 1806 1320 1850 vere
1342 1806 1381 1850 ac
1402 1787 1546 1872 perfecte

346 1895 468 1961 similes
489 1892 605 1959 redditi
625 1905 709 1968 sunt,
730 1892 775 1957 ita
795 1903 830 1956 ut
850 1905 963 1957 essent
984 1914 1047 1956 non
1069 1904 1191 1958 tantum
1212 1895 1252 1959 ab
1275 1894 1362 1958 omni
1378 1917 1494 1961 errore
1509 1917 1546 1963 ac

347 2017 483 2091 peccato
505 2004 676 2078 immunes,
698 2004 756 2066 sed
776 2023 853 2067 vere
868 2003 950 2087 justi
970 2024 1009 2067 ac
1025 2002 1139 2078 sancti,
1159 2003 1230 2068 Deo
1252 2003 1341 2069 chari
1361 2016 1395 2069 et
1409 2006 1546 2092 accepti,

346 2113 488 2199 adoptivi
503 2114 573 2197 ejus
589 2111 656 2186 filii,
672 2112 828 2175 haeredes
845 2124 997 2176 aeternae
1013 2110 1185 2187 felicitatis,
1207 2113 1340 2198 ejusque
1356 2127 1545 2199 supernatu-

345 2223 434 2298 ralis,
451 2234 544 2307 atque
560 2222 599 2285 ad
616 2242 717 2306 opera
732 2220 898 2285 meritoria
913 2220 1109 2306 perficienda
1124 2221 1246 2294 idonei;
1263 2242 1336 2286 nam
1351 2222 1412 2286 suo
1427 2224 1545 2291 sancti·

273 2337 278 2343 '
345 2345 410 2397 tate
427 2353 466 2396 ac
476 2330 602 2415 justitia
617 2330 650 2394 in
666 2330 802 2396 laudatis
819 2330 1182 2396 canonibusConcilium
1192 2331 1330 2418 gratiam
1342 2332 1545 2400 sanctifican-

345 2454 408 2506 tem
423 2439 615 2527 intelligere,
641 2460 684 2503 ex
706 2438 818 2524 quavis
834 2440 903 2504 fere
919 2439 1003 2504 linea
1018 2461 1098 2504 mox
1113 2440 1276 2525 sequentis
1293 2439 1415 2506 decreti
1436 2448 1546 2525 acja-

344 2555 537 2628 stificatione
546 2554 570 2628 ¹)
589 2547 770 2613 clarissime
785 2549 899 2613 elucet.
929 2549 1003 2613 Non
1018 2548 1078 2614 luit
1091 2549 1198 2635 itaque
1217 2551 1315 2613 homo
1331 2550 1458 2635 primus
1475 2566 1546 2620 ante

343 2672 521 2745 peccatum,
538 2657 640 2743 qualis
656 2678 742 2721 nunc
758 2657 911 2733 nascitur,
927 2680 1050 2743 pronus
1068 2660 1108 2723 ad
1124 2660 1251 2734 malum,
1272 2658 1430 2735 infirmus,
1451 2661 1544 2750 iguo·

342 2790 429 2845 rans,
447 2788 485 2833 ac
502 2766 736 2853 cupiditatibus*
744 2766 936 2853 implicatus,
958 2767 1128 2834 sedetiam
1145 2792 1209 2837 nou
1227 2762 1397 2846 ἀδιάφορος
1411 2783 1546 2850 tantum,

345 2900 403 2944 seu
418 2898 520 2963 neque
538 2876 577 2941 ad
593 2877 713 2940 bonum
722 2897 824 2961 neque
837 2878 876 2940 ad
886 2878 1003 2942 malum
1016 2901 1210 2965 propensus,
1220 2903 1332 2947 verum
1344 2896 1415 2948 erat
1423 2897 1546 2974 rectus,

343 2999 485 3060 sanctus,
497 2987 606 3070 justus
623 3006 662 3050 ac
678 2985 817 3070 sapiens,
834 2986 904 3050 sinc
920 2989 1142 3072 perversitate,
1166 2990 1350 3056 difficultate
1366 3013 1406 3057 ac
1423 3014 1541 3060 concu-

343 3094 509 3182 piscentia,
526 3115 618 3179 quam
633 3093 696 3179 ipsi
711 3093 743 3157 in
760 3093 854 3158 nobis
870 3094 1000 3159 assidue
1016 3097 1212 3182 experimur,
1227 3099 1272 3164 ita
1287 3112 1323 3165 ut
1337 3100 1368 3164 ei
1382 3101 1498 3169 intima
1512 3116 1543 3169 et

343 3204 435 3291 quasi
451 3202 628 3268 domestica
644 3225 716 3268 cum
731 3206 801 3269 Deo
818 3205 1033 3271 intercederet
1050 3209 1243 3274 communio.

448 3313 538 3376 Hanc
555 3325 660 3377 autem
675 3313 844 3378 Ecclesiae
861 3312 1077 3379 definitionem
1093 3337 1207 3382 revera
1222 3319 1351 3384 nonnisi
1361 3322 1541 3389 doctrinam

343 3423 517 3487 revelatam
539 3421 706 3496 exhibere,
732 3422 802 3487 sine
824 3422 1008 3488 difficultate
1032 3435 1098 3488 tum
1119 3446 1162 3490 ex
1182 3430 1241 3492 SS.
1257 3428 1391 3494 Litteris
1411 3443 1483 3495 tum
1502 3453 1542 3498 ex

344 3530 540 3595 Traditionis
557 3531 771 3594 monumentis
788 3531 977 3597 ostenditur.

450 3639 542 3716 Quod
558 3643 596 3702 Α.
614 3640 653 3702 ad
670 3642 730 3704 SS.
746 3639 923 3705 Litteras
941 3641 1068 3707 attinet:
1084 3644 1247 3728 pertinent
1262 3647 1325 3712 huc

451 3748 479 3811 1.
497 3748 596 3811 verba
613 3748 813 3814 Geneseos
830 3771 929 3835 supra
934 3753 1003 3836 jam
1014 3753 1117 3828 allata,
1132 3753 1414 3840 quibusMoyses
1430 3761 1541 3835 refert,

342 3859 446 3923 Deum
469 3856 607 3941 primum
631 3857 794 3922 hominem
822 3861 863 3923 ad
906 3860 1080 3947 imaginem
1110 3874 1142 3925 et
1170 3863 1411 3931 similitudinem
1451 3889 1542 3934 suam

344 3986 491 4038 creasse3
519 3964 572 4029 ubi
598 3965 722 4031 scilicet
742 3967 933 4036 Creatorem
953 3972 1220 4060 benignissimum
1244 3975 1432 4060 loquentem
1453 3976 1541 4042 indu·

344 4075 401 4139 cit:
437 4078 616 4138 Faciamus
644 4079 805 4141 homoinem
840 4088 888 4142 ad
918 4086 1143 4165 imaqinem,
1178 4093 1214 4146 ei
1241 4090 1542 4151 similitudinem

343 4189 567 4264 nostram²):
585 4223 628 4231 -
646 4197 739 4270 atque
756 4187 865 4251 statim
882 4189 1081 4254 creationem
1101 4191 1196 4276 primi
1216 4193 1354 4258 hominis
1376 4209 1541 4279 peractam

342 4314 478 4357 inerrans
495 4292 595 4356 addit:
625 4297 672 4358 Et
692 4303 816 4360 crearit
831 4300 922 4361 Deua
942 4302 1104 4363 dominam
1124 4311 1171 4365 aa
1191 4308 1396 4383 imayinem
1417 4327 1540 4370 caan:

343 4411 392 4465 act
415 4408 619 4482 imapiaem
644 4407 718 4467 Dei
742 4412 867 4470 crearit
892 4409 1030 4489 ittam³).
1062 4409 1153 4488 Quod
1180 4411 1293 4475 deinde
1314 4412 1347 4476 in
1368 4412 1455 4479 libro
1477 4418 1537 4480 Sa·

342 4510 512 4595 pientiae
534 4510 583 4574 lris
607 4511 763 4597 repetitur·
785 4514 909 4579 verbis:
941 4517 1104 4592 Quoniam
1120 4522 1213 4582 Deua
1235 4527 1360 4584 creavit
1381 4525 1538 4587 tamnen

344 4624 674 4702 inexterminabilem,
697 4634 730 4685 et
749 4631 797 4684 att
816 4629 1019 4702 inrayinem
1041 4633 1327 4693 uiatilitndinia
1346 4651 1445 4695 auae
1463 4636 1537 4709 fecit

452 4837 481 4913 ¹)
498 4839 581 4901 Sese.
599 4844 626 4901 6.
645 4877 687 4886 —
705 4849 736 4917 ²)
754 4842 832 4906 Gen.
851 4844 880 4918 1,
897 4842 951 4906 26.
970 4881 1012 4890 -
1032 4845 1058 4926 ³)
1076 4847 1153 4910 Gen.
1175 4844 1272 4923 1,27.
