3775 5625
1428 447 1492 520 291

402 617 455 680 Ὁ.
476 609 558 680 Huic
578 612 778 701 singulorum
797 616 926 678 Patrurn
955 614 1118 679 doctrinae
1151 628 1309 680 consonat
1328 617 1495 683 Ecclesiae

326 748 373 794 ox
393 719 545 810 publicas
560 722 711 811 legitimis
733 722 946 807 professionis
970 735 1085 788 testata
1105 723 1266 797 formulis,
1290 745 1370 811 quae
1395 730 1495 811 Sym-

326 836 393 903 ›la
425 845 597 908 vocamur,
626 853 664 896 ac
691 852 888 896 summorum
918 831 1153 897 Pontificum
1184 844 1216 895 et
1246 834 1495 919 Synodorum

326 943 490 1011 scretis.
514 943 594 1007 Nam
611 940 793 1025 Symbola
809 939 915 1005 omnia
931 952 995 1004 tam
1011 941 1242 1018 uetustissima,
1259 963 1352 1028 qrrarn
1368 964 1447 1030 quae
1463 943 1496 1008 in

328 1074 450 1120 meno
474 1050 652 1135 ceterisque
675 1048 788 1113 deinde
814 1047 966 1114 Conciliis
987 1063 1062 1113 sunt
1085 1049 1168 1116 edita
1191 1063 1245 1114 ant
1269 1052 1420 1135 probata,
1444 1054 1496 1116 Je-

327 1186 381 1230 nr
397 1160 559 1228 Christum
575 1158 744 1244 perhibent
757 1161 907 1222 Filiam
922 1161 998 1222 Dei
1015 1165 1183 1243 unicam,
1200 1167 1268 1241 pai
1284 1175 1498 1242 conceptas

334 1285 365 1338 t
382 1280 420 1334 de
435 1270 566 1349 Spiritu
582 1269 637 1351 S„
663 1281 789 1332 natas
804 1290 853 1332 ea
868 1271 1005 1332 Maria
1025 1272 1206 1352 Virqine,
1231 1283 1267 1334 nt
1288 1270 1381 1334 habet
1406 1274 1496 1355 Sym·

332 1382 417 1445 lum
445 1376 732 1463 Apostolicum,
756 1389 811 1441 aut
842 1398 920 1441 vero
945 1400 1063 1442 anum
1093 1382 1317 1463 Dominum,
1349 1382 1499 1444 Filiam

326 1514 356 1555 e
374 1497 386 1553 ἱ
407 1472 670 1569 aniqenitum,
695 1509 755 1546 —:
787 1492 858 1566 pai.
876 1499 1012 1567 propter·
1033 1510 1094 1551 noa
1117 1492 1281 1573 homines,
1312 1503 1342 1553 et
1366 1501 1500 1569 propter

329 1611 455 1662 astruat
478 1606 615 1661 salutatu
642 1601 804 1660 aescendit
830 1604 1012 1660 decoctis:
1037 1611 1070 1661 et
1096 1602 1333 1662 incarnatas
1366 1611 1426 1663 est
1462 1606 1501 1659 aa

326 1714 441 1771 siritu
465 1708 503 1773 S.
526 1729 570 1770 ear
586 1708 701 1769 Maria
727 1709 777 1786 V„
799 1708 954 1768 athomo
968 1710 1107 1781 factas
1131 1721 1206 1788 eat,
1233 1718 1267 1770 ut
1290 1707 1322 1769 in
1347 1707 1499 1790 symbolo

327 1837 369 1879 ο
406 1814 546 1883 delirrivit
563 1813 779 1881 Concilium
803 1813 1010 1877 Nicaenum
1035 1828 1073 1878 et
1098 1814 1498 1900 Constantinopolita-

326 1946 413 1999 un,
437 1923 739 2009 cuiEphesinum
764 1934 796 1986 et
820 1921 1146 1989 chalcedonense
1170 1936 1202 1988 et
1226 1945 1337 1988 omnes
1361 1924 1500 2010 reliquae

326 2034 433 2098 modi
456 2032 681 2097 oecumenicae
707 2030 977 2115 subscripserunt.
1003 2031 1195 2097 Nominatirn
1217 2055 1295 2097 vero
1320 2035 1500 2118 Synodus

326 2139 667 2215 halcedonensis,
706 2139 909 2225 superiorum
935 2141 1066 2206 decreta
1104 2144 1336 2227 comprobans,
1367 2144 1405 2207 de
1438 2163 1500 2205 uno

326 2250 488 2337 ¹demque
513 2250 592 2313 Filio
617 2248 648 2311 in
667 2248 795 2312 Christo
818 2248 902 2312 cavit
927 2249 976 2312 his
992 2249 1117 2325 verbis,
1143 2271 1221 2337 qnae
1243 2253 1281 2315 ad
1302 2252 1502 2337 propositam

326 2362 532 2425 laestionem
550 2379 706 2444 expressa
727 2370 759 2422 et
780 2357 914 2422 illustria
936 2370 1026 2422 sunt:
1056 2359 1236 2439 Soonautes
1261 2362 1327 2427 SS.
1359 2365 1481 2426 Patres
1488 2410 1500 2445 ,

326 2486 350 2526 ’δ
362 2491 428 2534 unt
443 2478 677 2548 eartdentpaa
700 2472 846 2543 confiteri
859 2470 1011 2531 Filium
1027 2480 1060 2531 et
1079 2472 1256 2532 Dominam
1270 2483 1419 2533 nostrum
1434 2473 1465 2533 J
1465 2493 1502 2533 e-

326 2594 399 2643 me
416 2582 617 2643 Christum
633 2589 852 2640 consonanter
866 2586 1015 2640 docemus
1028 2579 1061 2657 ¹).
1092 2579 1139 2642 De
1156 2576 1312 2643 industria
1329 2591 1433 2643 tamen
1450 2601 1501 2643 ve·

326 2683 396 2753 'aias
414 2701 525 2752 nostra
554 2687 713 2750 declarata
735 2683 806 2759 luit,
837 2698 869 2749 ot
895 2685 1044 2770 opposita
1075 2686 1220 2751 haeresis
1252 2686 1503 2771 Adoptianorum

326 2798 524 2862 muemnara
540 2797 578 2860 ab
594 2794 789 2860 Hadriano
807 2795 829 2858 l.
846 2796 880 2859 P.
897 2794 928 2858 in
946 2794 1044 2859 missa
1070 2796 1108 2858 ad
1129 2794 1312 2881 Episcopus
1332 2796 1503 2882 Hispaniae

326 2896 464 2982 istan,
488 2919 519 2970 et
541 2906 572 2969 in
597 2916 775 2969 convocata
791 2925 848 2989 per
865 2903 1016 2969 Carolnm
1032 2904 1073 2969 ll.
1091 2908 1113 2968 S
1119 2907 1247 2991 ynodo
1268 2907 1440 2971 Francos
1444 2929 1500 2971 or·

327 3029 367 3074 e
383 3016 458 3092 nsi,
483 3037 511 3080 a.
534 3014 608 3078 794.
625 3012 743 3087 habita,
768 3033 848 3099 qnae
872 3014 1036 3078 decretum
1057 3013 1147 3088 fecit,
1171 3016 1210 3078 ab
1231 3014 1392 3080 Hadriano
1414 3019 1447 3080 P.
1471 3029 1503 3080 et

326 3114 465 3190 tiversa
481 3123 627 3189 Ecclesia
643 3125 867 3208 approbatum,
890 3124 1057 3187 Christum
1073 3130 1108 3185 ira
1124 3136 1262 3206 atraque
1278 3132 1502 3190 subsistentem

326 3238 433 3298 llura
456 3238 609 3298 Filium
638 3237 710 3296 Dei
733 3237 937 3312 preparant
968 3245 1007 3296 et
1035 3223 1254 3296 naturalem
1285 3224 1394 3309 esses
1426 3257 1502 3298 non

326 3341 588 3424 iopttvunffl).
621 3343 655 3404 ld
676 3341 781 3426 ipsum
805 3339 967 3404 delinitum
988 3340 1045 3403 tuit
1076 3361 1199 3425 quoque
1220 3340 1253 3404 in
1275 3340 1387 3406 Cone.
1412 3343 1501 3406 Nar-

326 3441 1501 3534 una.788.⁸)Forojul.u.791.⁴)Ratisbon.a.792.¹)llomano

326 3549 367 3615 lb
393 3561 488 3625 Leon.
505 3561 556 3624 lll.
573 3580 601 3624 a.
619 3558 683 3623 799
701 3566 740 3638 ⁶).

423 3673 463 3736 tt.
480 3669 624 3754 Denique
646 3690 740 3753 quum
757 3667 903 3732 Christus
926 3678 959 3729 ut
975 3667 1070 3730 horno
1087 3688 1151 3730 non
1168 3667 1210 3731 sit
1231 3667 1291 3732 alia
1307 3688 1326 3731 a
1342 3669 1439 3732 Verbi
1456 3669 1499 3733 ‹ti-

326 3768 379 3836 'mi
398 3800 545 3864 persona,
562 3779 619 3843 sed
636 3779 758 3852 eadem,
775 3798 853 3863 quae
869 3797 966 3840 verns
983 3789 1015 3840 et
1030 3777 1181 3862 proprius
1198 3789 1248 3840 est
1264 3777 1323 3840 llei
1339 3778 1453 3852 Filius3
1470 3792 1502 3844 et

326 3894 412 3969 ptum
428 3903 539 3954 tratura
559 3890 695 3953 humana
721 3888 753 3951 in
770 3887 898 3953 Christo
916 3887 1118 3951 solummodo
1136 3907 1275 3972 persona
1292 3887 1389 3952 Verbi
1406 3888 1501 3953 divini

326 3988 483 4075 tuhsistat,
507 3999 550 4063 ita
570 4011 604 4062 nt
629 4001 668 4062 ab
690 4018 727 4063 ea
750 3997 894 4082 separari
914 4018 1051 4082 prorsus
1078 4008 1228 4082 nequeat:
1254 3995 1323 4080 ipse
1343 4008 1377 4059 ut
1404 3998 1500 4062 homo

326 4106 498 4173 necessario
516 4110 655 4173 secunda
673 4128 811 4192 persona
828 4106 932 4170 divina
949 4126 1006 4170 seu
1021 4105 1119 4169 Filius
1136 4106 1195 4171 Dei
1212 4117 1362 4169 aeternus
1373 4127 1411 4171 ac
1427 4129 1500 4192 pro·

327 4206 415 4299 prius,
437 4233 469 4283 et
493 4241 558 4282 non
580 4217 662 4282 lilius
684 4218 851 4302 adoptivus
876 4216 1064 4280 statuendus
1088 4221 1181 4295 est2).
1215 4215 1335 4294 Quodsi
1358 4237 1500 4282 assume·

327 4330 416 4402 hatur,
437 4328 601 4394 Christum
617 4341 650 4391 ut
668 4327 825 4391 hominem
842 4348 917 4391 esse
933 4326 1031 4390 lilium
1048 4326 1107 4390 Dei
1130 4324 1328 4409 adoptivum,
1354 4348 1426 4390 cum
1448 4329 1500 4390 ad·

334 4560 337 4571 =
423 4533 450 4607 ι)
465 4530 531 4590 Act.
549 4532 577 4588 5.
594 4529 692 4605 noso.
709 4488 842 4603 tattoni,⁴
859 4530 934 4590 eoa.
954 4529 1044 4590 oona.
1061 4531 1100 4592 n.
1118 4526 1147 4590 t.
1165 4549 1190 4588 e.
1211 4525 1283 4592 115.
1303 4564 1344 4573 -
1365 4528 1500 4608 numa

339 4592 492 4680 Hadrian.
510 4629 541 4679 et
556 4630 624 4680 acta
645 4621 728 4698 Syn.
745 4622 776 4679 in
791 4621 909 4680 Mansi
934 4620 1008 4682 Oott.
1036 4621 1125 4681 Ooac.
1149 4621 1186 4680 T.
1206 4616 1256 4680 13.
1274 4640 1299 4680 c.
1317 4616 1381 4680 863
1399 4641 1439 4683 ss.
1459 4655 1498 4664 -

339 4689 409 4777 lu.
425 4731 451 4776 0.
468 4708 544 4773 sm.
561 4747 605 4756 -
618 4711 643 4790 ⁴)
659 4711 759 4787 syme.
769 4710 827 4786 fia.
843 4712 889 4775 n.
906 4733 930 4771 ο.
950 4708 1026 4772 844.
1045 4747 1086 4757 -
1104 4714 1131 4787 Ιὶ)
1148 4711 1195 4769 n.
1213 4731 1240 4770 ο.
1258 4707 1333 4774 aaa.
1350 4745 1394 4755 -
1413 4712 1438 4792 θ)
1454 4711 1500 4772 n.

338 4791 591 4864 &10311-1032,
608 4837 650 4846 —-
671 4801 695 4886 ⁷)
713 4800 758 4864 Of.
780 4803 886 4866 Libell.
903 4802 1008 4877 Epioe.
1026 4803 1096 4864 Ital.
1114 4806 1189 4863 conl.
1206 4801 1352 4878 Elipoad.
1368 4801 1500 4880 Mansi,

336 4872 396 4952 0012,
412 4891 499 4956 Oeae.
516 4895 556 4958 T.
576 4889 627 4955 13.
645 4914 670 4956 c.
687 4890 809 4961 8l3.0.

1219 4999 1285 5069 19*
