3775 5625
1505 427 1549 495 29

310 641 315 656 .
354 596 490 657 scientia
511 594 652 655 destituti
673 593 774 654 anima
794 592 937 652 rationali
959 610 1089 668 prorsus
1107 612 1235 664 carere,
1254 604 1306 655 aul
1322 595 1402 656 haud
1425 597 1548 671 conjua-

354 716 437 767 ctam
454 724 522 766 cum
540 721 673 780 corpore
689 703 804 763 habere
822 703 979 763 deberent.

444 812 476 875 2.
494 815 568 874 Vita
585 814 755 891 spiritualis
773 823 805 874 et
819 814 883 873 uita
905 814 1077 890 corporalia
1094 832 1224 889 prorsus
1241 825 1289 874 eal
1306 816 1440 885 dlveraa,
1456 817 1500 875 ita
1516 826 1550 875 ul

352 926 390 984 ad
408 943 501 984 anum
516 924 659 1000 idemque
675 924 858 999 principium
875 923 984 983 reduci
1000 923 1080 983 haud
1097 924 1204 999 possit.
1224 924 1344 1001 corpus
1356 926 1434 984 enim
1442 925 1548 986 herbis

351 1043 384 1093 at
392 1034 540 1094 carnibus
548 1033 642 1094 alitur
649 1051 686 1093 ac
704 1032 1037 1108 conservatur,quibua
1054 1032 1183 1108 spiritus
1202 1034 1548 1114 absolulenonindigel,

350 1144 631 1204 luculentissimum
648 1145 872 1211 documentum,
884 1142 959 1200 illud
975 1142 1069 1201 rebus
1087 1142 1249 1218 corporeis
1266 1144 1548 1213 esseaffineru,non

350 1262 455 1313 autem
463 1253 543 1314 hano
551 1277 561 1325 ς
578 1272 672 1330 porro
682 1252 1223 1329 corpusnonnisisonaualiaappetit,
1238 1254 1546 1331 quaespirituspror·

349 1364 550 1439 suarespuit3
564 1372 655 1439 alque
667 1362 810 1422 efficacia
823 1371 1088 1438 sensuumestpcr
1097 1362 1548 1431 omnianecessaris‚efficacis

349 1491 427 1532 vero
445 1472 576 1549 spiritus
592 1490 649 1548 per
666 1472 767 1531 omnia
788 1472 887 1530 libera
903 1481 934 1530 et
951 1470 1108 1547 corporali
1118 1470 1269 1547 opposita,
1280 1489 1336 1548 per
1354 1491 1443 1548 quam
1459 1491 1547 1532 mans

349 1599 411 1640 non
428 1599 538 1658 parum
555 1589 750 1659 aggravatur
768 1590 799 1640 et
814 1581 845 1639 in
862 1580 1052 1640 efficacitate
1070 1598 1136 1650 sua,
1144 1581 1173 1639 in
1191 1581 1408 1659 investigando
1424 1578 1548 1643 verost

349 1691 500 1751 sectando
508 1692 599 1760 bono,
610 1690 776 1766 impeditur
790 1708 826 1750 ac
840 1691 1042 1766 perturbatur
1057 1689 1092 1766 ¹).
1102 1693 1203 1760 -Αῑ,
1214 1692 1352 1768 quamvis
1362 1692 1427 1752 vita
1437 1711 1545 1770 corpo·

348 1800 395 1858 ris
410 1808 503 1877 atque
519 1801 584 1859 vila
598 1800 770 1875 spiritualis
785 1817 879 1858 sensu
889 1800 1042 1859 strictiori
1052 1810 1319 1876 acceplaprorsus
1327 1800 1450 1859 diverso
1459 1804 1546 1862 modo

348 1910 510 1985 prodatur,
533 1918 635 1969 umen
657 1919 821 1986 eapropter
837 1909 874 1968 ad
895 1898 1048 1968 diversam
1073 1926 1197 1968 causam
1220 1927 1276 1967 seu
1290 1909 1445 1969 diversum
1462 1912 1544 1988 prin·

348 2019 461 2095 cipiam
475 2019 584 2079 reduci
597 2019 721 2079 minime
735 2019 835 2079 debet.
863 2020 939 2078 Nam
958 2037 1071 2095 corpus
1089 2019 1208 2095 quidem
1227 2020 1380 2079 alimentis
1398 2021 1546 2080 advitam

347 2130 596 2188 conservandam
609 2129 738 2207 indiget,
751 2130 861 2206 quibus
876 2129 956 2188 haud
971 2139 1046 2207 eget
1057 2130 1159 2188 anima
1172 2130 1351 2200 rationalis,
1367 2131 1438 2207 quia
1453 2131 1545 2191 etiam

346 2258 403 2315 per
428 2239 561 2298 animaru
577 2239 760 2299 rationalem
776 2239 977 2309 vivificatum,
995 2257 1108 2316 corpus
1125 2258 1195 2298 esse
1213 2249 1245 2298 et
1261 2240 1298 2298 ad
1315 2250 1458 2300 naturam
1475 2260 1544 2302 cor·

345 2368 477 2425 porcam
494 2368 550 2408 scu
565 2348 724 2425 physicam
740 2349 899 2426 pertinere
917 2367 976 2407 non
995 2349 1106 2408 desinit
1112 2371 1122 2419 3
1143 2368 1251 2408 verum
1280 2349 1367 2409 hisce
1389 2351 1544 2410 alimentis

346 2459 470 2517 nonnisi
500 2460 639 2535 patentia
666 2459 809 2535 eorporis
834 2459 972 2528 vivendi,
994 2478 1053 2517 non
1077 2468 1178 2518 autem
1203 2460 1267 2518 vita
1282 2459 1352 2536 ipsa
1368 2460 1543 2519 immediata

347 2576 557 2627 conservatur
578 2577 630 2627 aut
651 2569 739 2643 plane
758 2567 910 2638 eflicitur3
929 2577 1019 2644 atquo
1040 2568 1109 2627 inde
1126 2578 1188 2627 tam
1205 2587 1312 2644 parum
1331 2571 1542 2646 consequitur,

346 2678 480 2736 animam
497 2694 612 2752 corpus
627 2677 835 2737 vivificantem
853 2696 1034 2753 corpoream
1047 2696 1227 2753 essequam
1240 2697 1349 2754 parum
1367 2680 1462 2738 statui
1477 2689 1543 2755 pot·

346 2796 406 2857 ast,
432 2787 561 2865 ignem,
582 2788 724 2864 quoniam
754 2788 884 2863 adjectis
908 2788 1052 2848 continuo
1078 2788 1173 2867 lignis
1197 2789 1238 2848 ali
1263 2789 1388 2860 debeat,
1410 2807 1481 2848 esse
1506 2789 1542 2848 li·

346 2916 472 2974 gneum.
509 2897 630 2957 Deinde
656 2916 770 2974 corpus
796 2899 916 2976 quidem
942 2898 1063 2957 nonnisi
1081 2899 1240 2958 sensualia
1256 2899 1383 2976 appetit,
1401 2899 1542 2976 quoniam

345 3008 414 3064 sola
433 3007 585 3066 facultate
607 3007 759 3067 sentiendi
776 3018 901 3086 praeter
918 3008 1098 3068 facultatem
1115 3009 1262 3085 operandi
1279 3018 1328 3068 est
1344 3009 1542 3072 instructum.

345 3115 569 3176 Verumtamen
587 3117 689 3177 anima
704 3119 876 3188 rationalis,
893 3137 953 3176 non
970 3127 1087 3177 lantum
1103 3118 1134 3176 in
1151 3118 1418 3194 supersensualia,
1435 3119 1465 3176 in
1483 3135 1542 3177 vc·

345 3243 412 3283 rum
430 3233 464 3284 et
486 3225 665 3297 honestum,
687 3227 743 3287 sed
759 3227 851 3286 etiam
867 3226 987 3303 pariter
1003 3227 1033 3284 in
1052 3227 1209 3286 sensualia
1230 3245 1286 3286 seu
1304 3246 1432 3286 amoena
1449 3237 1480 3286 et
1490 3227 1541 3302 ju·

345 3335 445 3395 cunda
471 3335 587 3405 fertur,
615 3337 686 3413 quia
711 3337 834 3395 minime
860 3345 977 3395 tantum
1004 3335 1151 3395 facultate
1169 3337 1381 3415 cognoscendi
1396 3345 1428 3395 et
1443 3336 1541 3395 libere

346 3445 530 3522 appetendi,
556 3446 612 3503 sed
628 3455 659 3504 et
675 3446 829 3505 sentiendi
845 3465 902 3505 seu
918 3445 1068 3505 felicitate
1086 3446 1207 3505 fruendi
1225 3453 1274 3504 est
1289 3445 1464 3514 instructa,
1481 3462 1541 3521 qua

345 3553 434 3613 carni
454 3553 578 3612 inserta
598 3556 727 3614 eandem
743 3556 863 3631 pariter
884 3555 1039 3614 viventem
1056 3574 1092 3614 ac
1109 3555 1294 3614 sentientem
1315 3553 1401 3614 iacit.
1426 3552 1541 3630 Quodsi

344 3664 423 3722 asim
442 3663 544 3722 anima
560 3664 721 3724 rationalis
737 3665 885 3724 facultate
903 3665 1057 3724 sentiendi
1073 3664 1315 3734 destitueretur,
1332 3674 1438 3724 elnon
1456 3673 1542 3723 esset

344 3791 457 3832 sensns
480 3791 588 3849 capax,
605 3775 699 3833 eliam
717 3793 899 3844 consensus,
917 3785 948 3834 et
964 3774 1035 3834 hinc
1052 3775 1184 3851 peccati,
1202 3777 1281 3853 quod
1298 3793 1336 3833 ex
1353 3774 1410 3835 hoc
1427 3775 1539 3847 oritur,

344 3901 443 3960 capax
475 3902 547 3942 esse
578 3903 638 3942 non
670 3895 788 3961 posset.
828 3885 914 3960 Quod
931 3904 1020 3962 quam
1038 3885 1203 3944 manifeste
1221 3885 1348 3956 falsum,
1366 3884 1539 3944 etuirtutis

343 3993 447 4052 studio
463 3993 621 4053 inimicum
634 3995 685 4064 sil,
704 4014 791 4054 nemo
808 4014 867 4054 non
883 3996 976 4056 videt.
1017 3997 1095 4054 Tum
1122 3995 1241 4072 pariter
1259 3996 1359 4056 anima
1375 3995 1539 4055 rationalis

344 4102 464 4178 quidem
481 4104 578 4178 quoad
595 4105 813 4164 efficacitalem
829 4106 929 4164 libera
946 4114 1006 4173 est,
1023 4114 1157 4165 attamen
1175 4124 1234 4165 non
1251 4124 1306 4182 por
1323 4105 1424 4164 omnia
1431 4127 1443 4176 ς
1468 4123 1536 4164 nam

343 4211 409 4287 ipsa
426 4221 546 4271 tantum
563 4213 661 4271 libere
678 4213 805 4289 appetit,
822 4232 1013 4290 nequaquam
1031 4224 1133 4273 autem
1149 4215 1258 4282 libere,
1275 4215 1331 4273 sed
1346 4214 1538 4274 necessitate

345 4318 462 4381 directe
477 4321 635 4403 intelligit,
652 4331 684 4382 et
698 4341 772 4398 prae
790 4323 930 4381 omnibus
947 4321 1027 4382 haud
1043 4323 1152 4393 libere,
1164 4323 1218 4384 aed
1235 4324 1424 4391 necessitate
1441 4341 1475 4381 se
1488 4299 1537 4381 al·

346 4427 456 4489 lectam
488 4431 603 4500 sentit,
626 4441 718 4508 prout
742 4449 803 4490 non
823 4431 939 4500 libere,
964 4433 1019 4491 scd
1041 4433 1230 4493 necessitate
1248 4433 1373 4492 exsistit
1389 4451 1425 4492 ac
1441 4432 1537 4491 vitam

348 4554 429 4598 suam
446 4558 504 4598 seu
520 4539 734 4599 exsistentiam
752 4539 928 4610 continuam
950 4542 1028 4600 unde
1050 4550 1081 4599 et
1105 4542 1279 4601 efficacitas
1296 4542 1415 4601 animae
1432 4540 1536 4600 ellicu-

350 4680 563 4703 Q„-

355 4861 411 4929 138
440 4774 685 4930 &euertat
717 4775 759 4840 so
791 4774 912 4855 atatam.
944 4797 974 4855 p.
1008 4772 1071 4837 128
1104 4795 1127 4836 s.
1175 4774 1252 4838 aaut.
1285 4775 1395 4856 uacca.
1426 4796 1455 4855 p,
1483 4772 1536 4838 89,
