3775 5625
1470 434 1537 501 445

463 605 499 668 0.
518 604 661 666 Tandem
676 623 734 686 per
751 600 885 689 gratiam
898 602 1129 687 justificantem
1151 622 1214 664 non
1240 603 1536 687 quomodocunque,

348 713 407 776 sed
423 732 482 795 per
498 712 628 774 modum
648 710 978 796 regenerationis
996 709 1255 794 justilicamur¹).
1294 713 1336 773 At
1352 712 1538 795 regenerari

347 842 412 884 non
429 832 480 885 est
496 820 737 905 aliquidagere,
754 820 812 883 sed
830 841 943 883 novam
966 841 1004 884 ac
1020 820 1089 883 Deo
1111 819 1246 884 similem
1269 831 1412 883 naturam
1430 842 1468 884 ac
1485 842 1536 883 sn·

347 930 582 1013 pernatnralem
599 930 735 995 formam
751 928 893 1003 induere,
911 931 993 992 trrrde
1010 928 1064 991 filii
1080 928 1140 992 Dei
1156 928 1357 992 nominemur
1372 941 1404 992 et
1421 928 1536 1001 simus;

347 1049 543 1123 quapropter
570 1036 710 1121 justitia,
743 1058 822 1121 quae
840 1058 898 1120 per
914 1035 1112 1121 Baptismnm
1129 1036 1318 1122 acquiritur,
1342 1059 1406 1101 non
1430 1050 1538 1121 potest

347 1168 421 1211 esse
439 1146 581 1220 actualis,
598 1148 655 1211 sed
672 1159 723 1211 est
739 1146 926 1210 necessario
942 1146 1126 1220 habitualis,
1150 1167 1229 1231 qnae
1253 1167 1309 1230 per
1326 1148 1455 1210 modum
1472 1148 1535 1211 l'or·

347 1277 418 1320 mae
435 1256 468 1318 in
485 1256 589 1319 anima
604 1257 725 1330 haeret,
743 1277 875 1340 eamque
893 1257 931 1319 ad
949 1277 1023 1319 esse
1041 1257 1199 1339 quoddam
1223 1253 1361 1318 divinum
1378 1268 1410 1319 et
1426 1277 1536 1340 super·

346 1366 489 1429 naturale
511 1366 623 1430 evehit.
648 1367 751 1429 Porro
775 1365 803 1429 si
818 1364 1025 1449 justificatus,
1044 1377 1076 1428 ιιι
1093 1364 1231 1428 evictum
1248 1378 1313 1439 cst,
1336 1387 1411 1429 vere
1427 1368 1537 1450 justus

345 1488 413 1539 est:
425 1476 535 1559 justus
552 1474 594 1538 sit
610 1495 746 1539 necesse
764 1487 830 1548 est,
853 1497 915 1538 ιιοιι
938 1487 1059 1538 tantnm
1080 1476 1205 1559 quando
1227 1474 1407 1538 salutariter
1424 1496 1536 1559 opera·

347 1598 408 1659 tur,
425 1586 483 1648 scd
499 1596 531 1647 et
542 1585 615 1646 dum
632 1585 671 1647 ab
685 1604 783 1667 opere
796 1585 881 1646 hotto
893 1597 1016 1655 cessat;
1034 1605 1104 1647 narn
1123 1596 1154 1647 et
1171 1583 1201 1646 in
1219 1584 1282 1647 vita
1298 1584 1457 1647 conrnruni
1474 1607 1537 1648 non

345 1694 463 1758 dicitnr
473 1694 592 1777 justus,
611 1692 662 1777 qni
680 1714 773 1756 ttnnm
792 1692 914 1756 aliudve
929 1716 1011 1777 optts
1027 1695 1145 1756 homnn
1163 1692 1304 1777 perficit,
1322 1694 1378 1757 sed
1392 1692 1536 1777 justitiae

345 1801 487 1866 habiturn
504 1801 698 1887 acquisierit,
714 1801 733 1865 i.
751 1824 778 1865 e.
796 1802 848 1886 qni
865 1802 908 1865 ita
925 1815 1129 1887 comparatus
1147 1815 1212 1875 est,
1230 1814 1263 1865 ut
1279 1801 1393 1886 possit,
1411 1802 1536 1887 quoties

344 1924 553 1996 praeceptum
584 1924 689 1997 urget,
721 1910 822 1985 facile,
855 1912 999 1994 perl'ecte
1032 1924 1158 1974 etcum
1188 1911 1398 1974 delectatione
1421 1912 1537 1974 honum

347 2020 485 2104 operari.
525 2020 684 2105 Derriqne,
708 2032 740 2082 ut
764 2020 895 2084 disserit
916 2024 950 2084 S.
968 2022 1150 2094 Thomas,
1171 2042 1235 2082 non
1259 2032 1309 2084 est
1332 2019 1537 2093 conveniens,

345 2132 430 2216 quod
462 2131 550 2193 Deus
584 2129 686 2193 minus
718 2130 884 2214 provideat
906 2129 969 2204 his,
992 2151 1072 2216 quos
1095 2129 1210 2217 diligit,
1233 2132 1272 2192 ad
1296 2131 1537 2213 supernaturale

344 2241 464 2303 bonum
481 2239 668 2311 habendum,
685 2260 777 2323 qnam
795 2239 964 2314 creaturis,
981 2261 1059 2324 quas
1077 2239 1188 2326 diligit,
1207 2240 1245 2302 ad
1264 2240 1380 2303 bonum
1397 2240 1538 2304 naturale

344 2349 535 2412 habendum.
555 2347 719 2412 Creatoris
736 2360 841 2411 autem
859 2348 1054 2413 naturalibus
1071 2348 1119 2412 sic
1135 2348 1290 2432 providet,
1307 2360 1418 2411 utinm
1436 2349 1538 2413 solum

344 2469 473 2522 moveat
494 2479 551 2521 eas
568 2458 607 2520 ad
625 2470 715 2521 actus
738 2460 912 2531 naturales,
935 2460 991 2522 sed
1015 2458 1108 2521 etiam
1130 2458 1285 2544 largiatur
1305 2456 1352 2520 eis
1369 2457 1490 2520 l'ormas
1507 2470 1539 2521 et

345 2566 479 2630 virtutes
502 2569 670 2651 quasdam,
687 2589 767 2651 quae
785 2580 859 2631 sunt
875 2567 1065 2652 principium
1087 2580 1228 2641 actuum,
1251 2579 1284 2630 ut
1305 2568 1482 2630 secundum
1498 2588 1534 2629 se

343 2675 432 2761 ipsas
463 2674 654 2739 inclinentur
676 2678 715 2738 ad
737 2676 918 2761 hujusmodi
950 2689 1066 2741 mutua.
1106 2677 1203 2740 lllulto
1224 2674 1323 2763 igitur
1339 2676 1444 2764 magis
1461 2675 1533 2749 iltis,

343 2807 427 2872 quos
444 2797 551 2849 movet
567 2786 606 2849 ad
623 2787 882 2871 corrseqnendnm
901 2788 1017 2850 boumn
1036 2787 1276 2871 supernaturale
1292 2797 1472 2861 aeternum,
1488 2784 1534 2849 in·

343 2896 444 2961 inridit
461 2893 580 2980 aliquas
591 2894 712 2958 fortnas
724 2916 781 2958 sen
795 2895 961 2980 qualitates
976 2896 1245 2979 supernaturales,
1263 2895 1438 2958 secundum
1456 2915 1536 2978 quas

344 3005 485 3071 suaviter
502 3016 534 3068 et
549 3016 674 3088 promte
692 3005 731 3067 ah
748 3003 820 3088 ipso
839 3017 1028 3068 moveantur
1045 3006 1084 3067 ad
1101 3006 1219 3067 honum
1236 3015 1401 3067 aeternum
1418 3023 1532 3067 consc-

344 3115 510 3200 quendum.
535 3116 576 3177 Et
593 3115 709 3176 donurn
727 3113 850 3200 gratiae
868 3114 1002 3198 qualitas
1019 3115 1171 3198 quaedam
1189 3113 1282 3194 esu).

345 3390 372 3471 ξ.
390 3385 457 3454 98.
491 3383 649 3454 Gratia
668 3383 940 3468 justificans
966 3403 1061 3453 non
1085 3388 1159 3454 est
1181 3402 1209 3453 a
1231 3379 1461 3453 charitate
1484 3399 1536 3452 re

823 3493 1058 3564 distincta.

457 3703 557 3779 Quum
568 3700 673 3787 gratia
684 3701 867 3784 justificans
885 3700 926 3764 sit
943 3699 1086 3784 potentia
1103 3700 1285 3765 salutariter
1299 3698 1462 3785 operandi,
1479 3718 1537 3761 sen

347 3813 449 3875 virtus
467 3811 716 3894 supernaturalis
734 3809 943 3897 (generalis),
967 3830 1025 3893 per
1043 3830 1134 3894 quam
1152 3811 1256 3896 legem
1274 3809 1424 3881 divinam,
1441 3818 1537 3891 prout
1606 3806 1607 3809 ’

345 3931 489 4006 oportet,
511 3919 754 4003 adimpleamus:
780 3918 925 4004 quaestio
948 3917 1068 3992 oritur,
1094 3920 1253 4002 qnornodo
1275 3918 1397 4001 ipsese
1416 3917 1454 3980 ad
1471 3915 1534 3977 vir·

346 4121 480 4195 Christi,
513 4140 589 4195 qnae
615 4141 669 4198 per
694 4120 858 4196 Baptistae
882 4121 1057 4199 applicatur
1076 4121 1193 4198 pariter
1209 4119 1346 4179 omnibns
1362 4118 1534 4202 baptisatis,

345 4211 558 4286 opinionem
574 4215 791 4293 secundam,
816 4232 891 4287 quae
907 4212 983 4272 dicit
998 4219 1058 4272 tam
1070 4212 1212 4288 parvulis
1229 4231 1319 4287 qnam
1334 4209 1449 4284 adultis
1466 4229 1535 4268 cort·

340 4303 426 4380 ferri
441 4303 475 4361 in
490 4302 651 4376 Baptistae
674 4303 835 4379 qratiam
850 4302 1120 4380 informantem
1138 4309 1169 4361 et
1183 4302 1357 4371 virtutes,
1385 4307 1537 4376 tamqnam

344 4393 595 4473 probabiliorem,
618 4400 646 4451 et
670 4394 760 4452 dictis
783 4394 964 4454 Sanctorum
981 4401 1008 4452 et
1023 4397 1188 4453 Doctorum
1203 4395 1413 4452 modernorum
1430 4392 1507 4449 theol
1527 4425 1535 4435 -

344 4485 414 4561 piae
428 4483 525 4559 mapis
542 4503 703 4544 consonam
718 4492 745 4544 et
760 4488 947 4559 concordem,
969 4504 1057 4545 sacro
1074 4485 1260 4561 approbante
1277 4482 1430 4554 Concilio,
1448 4481 1535 4540 darei-

345 4595 413 4636 mns
429 4575 606 4651 elipandum.

455 4668 480 4742 ¹)
499 4664 543 4727 cf.
561 4665 653 4724 Joan.
672 4663 703 4737 3,
721 4663 751 4726 5.
776 4665 837 4726 Tit.
856 4663 885 4739 3,
903 4662 933 4726 5.
968 4701 1011 4710 -
1043 4668 1070 4742 ²)
1090 4670 1118 4725 1.
1136 4670 1165 4724 2.
1182 4685 1211 4741 q.
1229 4668 1297 4724 110.
1316 4670 1374 4725 nrt.
1392 4667 1421 4728 2.
1454 4661 1535 4743 Opp,

347 4758 388 4817 th.
427 4757 465 4817 T.
488 4753 542 4820 21.
567 4778 598 4836 p.
616 4753 681 4818 620
705 4777 728 4818 s.
761 4754 951 4822 Ochtav.
985 4761 1034 4817 De
1053 4756 1164 4817 Trinit.
1181 4758 1200 4818 l.
1217 4759 1246 4820 8.
1264 4776 1288 4817 c.
1305 4758 1399 4815 4-7.
1432 4757 1479 4814 De
1495 4755 1534 4820 tlt.

348 4852 444 4927 dopm.
463 4847 555 4907 Aan.
576 4843 671 4910 1700.
699 4849 737 4908 Τ.
754 4845 784 4926 2,
800 4868 831 4930 ρ.
849 4845 913 4910 457
932 4868 974 4912 ss.
