3775 5625
1502 426 1544 500 to

344 602 479 683 speciali
502 602 556 666 illo
579 602 732 681 adjutorio
756 602 859 664 divino
884 600 922 664 ad
945 600 1211 680 perseverandum
1234 602 1265 662 in
1286 603 1366 663 bono
1387 603 1418 663 ln
1437 604 1543 663 codem

345 718 450 796 gradu
467 735 504 778 ac
520 736 577 776 nos
594 735 671 796 opus
691 735 750 776 non
768 716 929 786 babuissc;
963 733 1054 791 quum
1078 714 1184 793 gratia
1207 714 1409 774 sanctificans
1432 714 1462 772 iu
1483 714 1546 771 illis

347 845 411 885 non
429 828 529 905 solum
545 837 680 886 mentem
703 825 874 900 subjiceret
898 826 977 894 Deo,
995 825 1050 882 sed
1067 824 1160 882 ctiam
1177 841 1250 883 caro
1267 823 1392 899 spiritui
1408 822 1548 897 subjecta

345 946 447 1007 essct,
472 945 504 995 ct
526 937 588 1014 ipsi
610 946 779 1012 propterca
802 953 901 1010 neque
923 934 1162 992 retardarentur
1179 933 1291 991 abono
1316 951 1425 1010 opere,
1450 950 1548 1009 neque

345 1044 559 1106 incitarentur
576 1047 613 1105 ad
629 1054 791 1124 peccatum
808 1062 864 1121 per
874 1044 1031 1103 carnalem
1043 1043 1342 1118 concupiscentiam
1359 1043 1429 1101 dum
1446 1042 1476 1099 in
1494 1033 1551 1100 no·¹

345 1155 395 1216 bis
412 1156 519 1234 gratia
534 1156 588 1216 illa
604 1166 737 1215 mentem
755 1155 875 1231 quidem
893 1154 1019 1228 subjicit
1041 1156 1120 1222 Deo,
1145 1172 1204 1212 noo
1221 1171 1297 1211 vero
1314 1171 1440 1212 carnem
1458 1152 1547 1228 spiri·

347 1265 403 1338 tui,
421 1274 455 1324 ct
469 1264 539 1324 idco
563 1284 620 1324 nos
644 1274 772 1342 propter
794 1265 937 1323 carnales
962 1264 1130 1322 illecebras
1155 1262 1279 1322 assidue
1304 1263 1341 1320 ad
1358 1262 1547 1339 peccandum

346 1375 525 1445 incitamur,
542 1376 593 1434 vel
609 1376 723 1435 abono
740 1373 948 1444 retardamur,
975 1373 1158 1450 desidesque
1175 1392 1211 1432 ac
1229 1372 1432 1432 dormitantes
1450 1372 1546 1432 effici·

347 1503 416 1544 mur
427 1488 470 1557 ¹).
493 1488 638 1544 Attamen
656 1483 754 1562 qualis
778 1483 832 1542 illa
855 1483 970 1561 gratia,
995 1501 1054 1559 qua
1077 1483 1212 1541 Adamus
1236 1492 1362 1558 practer
1386 1481 1548 1543 charitatis

348 1593 486 1653 babitum
503 1594 647 1673 indiguit,
664 1602 752 1654 recte
769 1592 875 1664 fucrit,
892 1601 996 1650 utrum
1013 1592 1136 1651 scilicet
1152 1592 1271 1671 gratia,
1289 1610 1378 1668 quam
1395 1592 1549 1669 adpellant

350 1704 584 1772 efficacem,
610 1720 746 1779 quaeque
764 1702 816 1760 dat
831 1701 1035 1759 infallibiliter
1051 1700 1151 1776 ipsum
1167 1701 1246 1776 velle
1264 1717 1300 1759 ac
1318 1700 1482 1775 perlicere,
1509 1719 1547 1760 an

350 1824 466 1873 tantum
484 1814 589 1894 gratia
613 1813 834 1882 sufficiens,
858 1830 935 1889 quae
954 1811 1073 1869 nonnisi
1100 1811 1221 1870 confert
1244 1812 1363 1886 plenam
1390 1829 1427 1870 ac
1444 1811 1544 1887 perfe-

350 1934 430 1984 ctam
454 1924 492 1982 ad
509 1941 586 2000 opus
609 1923 721 1981 bonum
746 1901 966 1999 perficiendum
991 1921 1173 1997 potentiam,
1198 1937 1295 1996 porro
1319 1939 1390 1978 num
1415 1930 1548 1978 mentem

350 2042 468 2093 tantum
485 2032 708 2102 illustraverit,
726 2052 763 2092 an
780 2051 856 2090 vero
875 2032 966 2090 simul
981 2031 1170 2090 voluntatem
1188 2030 1321 2089 moverit
1337 2039 1368 2088 ct
1385 2030 1548 2105 adjuverit,

351 2141 534 2212 decernere,
557 2141 603 2201 uti
619 2161 799 2218 operosum,
816 2143 860 2201 ita
876 2141 984 2200 inutile
1002 2151 1061 2211 est,
1079 2159 1169 2218 quum
1187 2150 1288 2199 status
1305 2140 1470 2219 originalis
1486 2158 1548 2198 am·

350 2252 429 2328 plius
446 2271 508 2311 non
525 2252 667 2321 exsistat,
679 2269 776 2329 neque
789 2251 858 2309 inde
871 2252 990 2328 reliqua
1007 2252 1150 2311 doctrina
1166 2251 1265 2310 lucem
1283 2250 1414 2326 aliquam
1432 2250 1549 2325 capiat3

351 2361 424 2422 licet
449 2361 606 2441 'theologi
630 2362 660 2419 in
686 2380 722 2419 eo
738 2364 820 2420 inter
837 2380 871 2420 se
889 2362 1068 2421 consentire
1100 2361 1278 2430 videantur,
1303 2379 1379 2436 opus
1402 2360 1549 2418 habuisse

354 2472 502 2533 ddamum
536 2472 641 2550 gratia
672 2480 703 2529 et
731 2472 920 2531 intellectum
961 2472 1152 2540 illustrante,
1185 2480 1217 2529 et
1252 2470 1440 2529 voluntatem
1466 2469 1548 2544 adju·

354 2590 456 2652 vante,
481 2590 660 2640 nontamen
678 2581 783 2659 gratia
799 2581 931 2651 efficaci,
956 2600 1011 2639 seu
1029 2580 1153 2651 auxilio,
1178 2599 1235 2657 quo
1253 2589 1340 2639 certo
1358 2588 1389 2637 et
1404 2579 1549 2639 infallibi-

354 2690 423 2750 liter
447 2692 527 2750 bcne
552 2700 664 2770 ageret
680 2700 711 2750 et
726 2693 960 2767 perseveraret,
984 2691 1037 2749 sed
1063 2699 1180 2749 tantum
1205 2689 1310 2768 gratia
1334 2688 1549 2767 possibilitatis

355 2819 405 2860 scu
432 2800 597 2876 adjutorio,
623 2799 690 2859 sine
716 2820 774 2878 quo
800 2820 859 2859 non
883 2800 1038 2878 potuisset
1061 2800 1137 2859 bene
1163 2819 1260 2880 agere
1279 2808 1310 2859 et
1326 2820 1548 2878 perseverare3

355 2929 406 2970 seu
428 2920 463 2970 ut
485 2911 537 2969 alii
558 2911 736 2987 loquuntur,
761 2913 875 2989 egebat
898 2910 1001 2990 gratia
1025 2921 1210 2988 cooperante
1234 2921 1265 2971 ct
1286 2910 1460 2986 adjuvante,
1487 2930 1548 2970 non

354 3038 426 3081 tero
443 3021 551 3100 gratia
566 3021 722 3080 excitante
740 3030 772 3080 et
787 3021 1006 3098 praeveniente
1020 3019 1059 3093 i).

712 3219 750 3312 ξ.
776 3219 844 3290 15.
868 3219 1182 3291 continuatio.

465 3382 546 3451 Cum
569 3387 630 3450 hac
654 3384 804 3473 originali
826 3385 1004 3471 primorum
1028 3398 1195 3472 parentum
1220 3372 1347 3472 justitia
1378 3388 1550 3472 conjuncta

351 3515 450 3581 porro
469 3508 562 3560 crant
579 3494 695 3560 eximia
711 3495 773 3561 alia
788 3496 891 3561 adhuc
915 3496 1038 3560 animae
1063 3499 1161 3572 dorla,
1186 3518 1228 3560 ox
1242 3496 1294 3561 illa
1311 3496 1401 3584 quasi
1417 3497 1548 3561 effluen-

351 3606 401 3672 tia.
425 3606 510 3670 Post
524 3603 664 3669 hominis
681 3604 765 3670 enim
787 3605 986 3671 creationem
1010 3606 1135 3670 additur
1152 3607 1191 3671 ab
1208 3619 1339 3672 auctore
1365 3607 1548 3672 Genescos:

339 3718 507 3796 -Vaditpue
538 3718 628 3779 Deua
652 3729 781 3799 cuncto,
807 3738 890 3797 poce
911 3721 1052 3800 fecerat,
1078 3729 1109 3780 et
1125 3730 1220 3780 crant
1235 3725 1328 3780 valde
1344 3724 1437 3782 dono.
1462 3717 1550 3782 Haec

351 3824 458 3913 utique
474 3822 637 3913 insignem
654 3845 788 3910 operum
804 3824 984 3889 divinorum
1000 3826 1233 3911 perlectionem
1247 3825 1430 3901 universim,
1445 3839 1477 3891 et
1491 3828 1548 3890 ho·

350 3934 444 3999 minis
470 3935 601 4040 ejusqup
627 3933 751 3998 animae
774 3934 960 3999 factrltatum
984 3935 1152 4021 speciatim
1176 3935 1369 4023 significant.
1393 3934 1549 3999 Homines

350 4044 445 4120 enim,
463 4042 517 4129 qui
531 4024 740 4130 intelligendo
758 4056 790 4108 ct
806 4045 984 4129 appetendo
1003 4046 1042 4109 ad
1059 4045 1279 4133 cognitionem
1295 4065 1334 4109 ac
1346 4044 1548 4109 dilectionem

343 4265 417 4318 ,rum
433 4245 614 4317 intervallis,
631 4249 686 4305 sed
698 4247 862 4307 volontatis
877 4249 1035 4308 coercione
1048 4249 1223 4311 disceditur.
1242 4247 1288 4310 cf.
1305 4247 1548 4328 Fulgentius,

347 4340 396 4397 Ad
414 4336 613 4397 trocmund.
631 4339 651 4396 l.
669 4341 697 4399 2.
715 4357 739 4400 o.
757 4342 785 4400 2.
804 4337 884 4420 Opp.
901 4362 931 4420 p.
950 4337 1003 4402 89.
1020 4340 1198 4402 Bernurd.
1217 4340 1312 4402 Serra.
1329 4344 1378 4402 22.
1395 4341 1430 4399 io
1445 4339 1548 4402 Canti-

349 4448 386 4489 ca
400 4449 432 4490 η.
452 4431 481 4489 6.
500 4426 581 4508 Opp.
600 4449 626 4489 o.
646 4425 743 4490 1341.

466 4521 491 4601 ¹)
509 4518 555 4583 01.
572 4520 764 4601 Augustin.
781 4525 832 4581 Dc
849 4529 977 4597 corrept.
995 4529 1023 4581 et
1035 4529 1115 4598 prat.
1133 4545 1158 4586 o.
1177 4527 1225 4586 11.
1242 4546 1272 4585 rt.
1285 4527 1336 4587 31.
1353 4522 1434 4605 Opp.
1444 4524 1482 4584 Τ.
1495 4520 1547 4584 10.

346 4631 373 4670 c.
387 4607 466 4672 767.
483 4632 508 4671 c.
526 4614 575 4673 12.
592 4614 690 4674 aar.
709 4633 734 4672 c.
753 4610 828 4677 769.
847 4632 870 4673 c.
889 4611 940 4674 12.
957 4635 987 4675 n.
1004 4617 1053 4676 37.
1071 4636 1095 4675 c.
1115 4611 1179 4676 770
1195 4637 1220 4676 s.
1238 4652 1281 4660 -
1301 4612 1326 4701 ²)
1344 4615 1389 4676 Of.
1407 4614 1548 4674 Beller-

345 4702 428 4767 min.
452 4706 504 4763 De
523 4702 627 4778 pratia
642 4702 744 4778 prtrnt‘
763 4706 842 4768 born.
865 4724 888 4765 c.
905 4708 934 4766 4.
953 4704 1078 4780 Diapot.
1097 4709 1133 4764 de
1149 4714 1280 4768 controv.
1290 4706 1348 4782 fid.
1368 4706 1481 4766 ebriat.
1500 4705 1548 4770 ed.

344 4793 435 4873 Prag
454 4791 552 4856 1721.
571 4796 610 4856 T.
626 4793 658 4856 4.
677 4817 707 4875 p.
726 4792 746 4855 6
763 4816 788 4855 s.
820 4795 1015 4858 Tournell.
1039 4800 1087 4855 De
1108 4805 1187 4873 prat.
1205 4798 1334 4859 C'ltriati.
1352 4818 1380 4873 q.
1399 4802 1426 4859 2.
1444 4803 1502 4860 ort.
1521 4801 1548 4861 1.

348 4887 453 4948 Tract.
470 4887 556 4948 tlteol.
573 4884 640 4947 (tol.
656 4886 784 4968 Agripp.
803 4883 900 4948 1752.
918 4889 956 4948 Τ.
973 4885 1005 4950 2.
1023 4910 1053 4971 p.
1073 4885 1137 4951 186
1154 4910 1195 4957 ss,
