3775 5625
348 414 416 479 334

344 592 376 641 et
392 591 478 642 tauta
500 581 674 657 praestitit,
698 591 772 658 quot
788 591 819 641 et
835 591 948 658 quanta
964 582 1145 641 necessaria
1161 591 1251 648 arant
1268 581 1306 641 ad
1323 581 1465 640 ordinem
1481 599 1537 640 mo

343 693 441 751 ralem
462 692 493 749 in
515 691 671 769 integrum
692 692 933 760 restituendum,
957 710 1013 750 scu
1034 692 1070 750 ad
1094 691 1253 750 sanctitati
1269 710 1307 751 ac
1319 691 1469 765 justitiae
1485 690 1540 748 Dei

344 810 376 859 et
391 799 559 858 inviolabili
574 799 656 877 legis
674 800 740 874 ejus
758 800 937 860 auctoritati
954 800 1223 868 satisfaciendum,
1240 801 1392 877 nobisque
1410 800 1540 878 singulis

344 910 479 987 gratiam
501 908 747 968 sanctificantem
765 928 802 968 ac
813 908 1038 983 justificantem
1060 910 1248 985 promeruit,
1270 910 1314 969 ite
1330 919 1365 969 ut
1381 926 1483 977 nunc,
1499 907 1541 966 in·

240 1093 251 1112 l
339 1018 441 1093 jurii,
465 1036 554 1095 quam
578 1036 634 1093 per
659 1027 821 1094 peccatum
838 1019 959 1077 divinae
977 1018 1130 1093 majestati
1145 1019 1320 1088 intulimus,
1338 1038 1396 1095 per
1414 1027 1542 1077 mortem

346 1128 464 1187 Christi
479 1126 650 1195 resarciti,
672 1128 760 1185 Deus
776 1127 865 1185 nobis
882 1127 1035 1205 gratiam,
1058 1145 1117 1204 qua
1134 1128 1302 1187 auxiliante
1319 1144 1543 1204 praeparamur

345 1255 381 1296 ac
404 1236 594 1313 disponimur
616 1236 652 1295 ad
675 1236 809 1313 gratiam
825 1236 1050 1311 justificantem
1078 1238 1339 1313 consequendam,
1366 1246 1400 1296 et
1427 1237 1455 1294 si
1476 1253 1542 1294 cunr

344 1346 396 1426 illa
420 1345 578 1423 cooperati
611 1345 776 1414 fuerimus,
801 1345 880 1405 banc
913 1364 1032 1422 qusque
1059 1346 1221 1418 concedat,
1246 1356 1279 1406 et
1304 1346 1492 1405 charitatem
1514 1345 1542 1402 iu

345 1456 490 1516 cordibus
507 1454 624 1513 nostris
642 1454 805 1525 diffundat,
830 1465 922 1532 atque
946 1466 1009 1514 tum
1035 1456 1127 1513 etiam
1152 1474 1221 1515 cum
1247 1457 1339 1532 culpa
1361 1474 1494 1532 poenam
1516 1454 1542 1511 ei

347 1565 479 1624 debitam
505 1565 673 1635 condonet,
698 1564 728 1621 in
755 1564 865 1640 quibus
887 1564 1028 1623 omnibus
1051 1567 1134 1624 nulla
1152 1565 1315 1625 manifeste
1332 1565 1440 1643 detegi
1456 1581 1541 1639 repu-

349 1674 478 1754 gnantia
502 1683 614 1750 potest.

428 1759 429 1765 ἵ
455 1780 487 1845 2.
511 1785 662 1854 Poenam,
686 1782 746 1840 nisi
768 1782 910 1858 peccanti
931 1783 1120 1859 imponatur,
1145 1783 1226 1842 omni
1244 1782 1353 1842 morali
1371 1783 1479 1843 fructu
1495 1782 1539 1840 de·

346 1894 453 1964 stitui3
476 1889 628 1971 quoniam
646 1893 754 1951 unicus
776 1911 892 1968 poenae
916 1893 986 1951 linis
1011 1894 1054 1952 sit
1074 1894 1232 1969 peccantis
1255 1894 1441 1952 emendatio.
1465 1891 1538 1950 Hinc

347 2004 519 2063 doctrinam
536 2005 573 2062 de
591 2003 780 2062 redemtione
798 2021 853 2077 per
870 2002 1029 2061 Christum
1047 2022 1119 2061 esso
1135 2004 1289 2072 inutilem,
1313 2004 1375 2065 imo
1392 2001 1536 2079 pernicio·

348 2131 431 2181 sam,
453 2131 530 2189 quas
558 2112 684 2171 uirtutis
707 2111 840 2170 studium
867 2130 925 2169 non
950 2122 1068 2172 tantum
1084 2131 1143 2171 nou
1161 2122 1358 2189 promoveat,
1380 2111 1436 2170 sed
1453 2112 1542 2187 irnpe-

348 2223 412 2281 diat
425 2220 463 2293 ¹).
480 2255 524 2266 -
541 2223 659 2280 Verum
682 2221 853 2280 emendatio
874 2223 1033 2297 peccantis
1057 2239 1155 2299 neque
1178 2223 1304 2292 unicus,
1328 2241 1429 2299 neque
1455 2221 1559 2279 etim

347 2331 527 2407 principalis
552 2349 668 2407 poenae
688 2330 900 2409 injungendae
924 2331 995 2389 finis
1020 2341 1084 2401 est3
1110 2332 1161 2408 qui
1182 2332 1284 2407 potius
1308 2333 1339 2391 in
1364 2328 1568 2390 vindicanda

349 2441 533 2500 auctoritate
550 2440 633 2518 legis
651 2440 772 2498 divinae
789 2440 957 2499 inviolabili
974 2442 1130 2519 repositus
1148 2441 1349 2518 conspicitur.
1374 2442 1475 2499 Porro
1490 2457 1568 2516 pol

349 2550 521 2610 doctrinam
545 2551 581 2608 de
605 2551 797 2608 redemtione
821 2560 930 2610 nostra
957 2570 1011 2628 per
1040 2552 1197 2611 Christum
1241 2550 1393 2610 atrocitas
1414 2547 1568 2625 peccati

348 2658 467 2718 infinita
483 2660 542 2717 Dei
559 2660 711 2740 sanctitas
728 2678 765 2717 ac
781 2659 911 2732 justitia,
930 2679 988 2721 nec
1006 2680 1065 2719 non
1083 2679 1202 2719 summa
1216 2659 1248 2718 in
1265 2677 1366 2738 genus
1383 2658 1568 2718 humanum

349 2767 504 2841 charitas,
529 2779 620 2845 prout
645 2778 676 2828 et
699 2767 817 2827 animae
842 2778 970 2828 nostrae
994 2770 1126 2846 pretium
1144 2779 1175 2829 et
1191 2768 1346 2848 dignitas,
1364 2786 1455 2851 quarn
1470 2762 1568 2825 viri

349 2877 474 2936 dissime
498 2880 534 2936 ob
558 2880 664 2939 oeulos
686 2880 872 2948 collocatur,
898 2898 1016 2956 nosque
1040 2890 1206 2956 propterea
1223 2880 1260 2938 ad
1276 2889 1443 2955 peccatum
1460 2893 1568 2936 avet

350 2988 492 3056 sendum,
510 2998 601 3064 atque
618 2990 655 3047 ad
672 2990 772 3046 Deum
796 2989 1013 3047 redamandum
1032 3008 1120 3067 quam
1139 2989 1270 3048 maxime
1288 2989 1473 3058 excitamur,
1488 3002 1563 3045 ue

350 3097 455 3155 nonin
473 3116 559 3173 spem
575 3097 736 3176 erigimur.
762 3101 803 3154 Et
823 3115 898 3155 sanc
919 3116 1018 3173 poena
1035 3098 1161 3158 Christo
1178 3098 1312 3168 inflicta,
1330 3099 1369 3157 ab
1387 3116 1483 3174 eoque
1497 3105 1568 3153 to

349 3207 466 3275 lerata,
498 3207 589 3265 etiam
621 3215 741 3266 semota
762 3205 828 3280 ejus
849 3207 972 3266 interna
993 3208 1127 3277 virtute,
1152 3207 1213 3265 vim
1231 3207 1350 3266 animos
1368 3200 1568 3266 emendam!

349 3426 437 3482 deest
461 3443 542 3502 ergo
566 3425 596 3483 in
620 3426 761 3485 doctrina
785 3435 893 3484 nostra
914 3434 1043 3500 peccato
1065 3443 1177 3502 poena,
1201 3428 1255 3485 sed
1273 3445 1330 3487 nec
1349 3417 1559 3502 resipiscenti

350 3536 442 3611 larga
459 3535 495 3592 ad
513 3534 796 3593 reconciliationem
815 3535 874 3596 via.

459 3637 490 3701 3.
514 3644 687 3701 Absurdnm
708 3662 795 3716 esse,
816 3646 916 3702 Deum
937 3643 1054 3719 ipsum,
1076 3646 1244 3703 secundam
1261 3645 1387 3705 scilieet
1402 3644 1460 3703 Dei
1474 3656 1533 3720 per

352 3769 474 3821 sonam,
491 3751 722 3811 innumerorum
743 3763 944 3827 systematum
972 3754 1118 3812 solarium
1136 3772 1286 3812 summum
1303 3755 1523 3814 Moderatorett

351 3861 455 3919 induto
479 3880 610 3938 corpore
632 3861 780 3934 humano,
802 3863 833 3920 in
857 3862 936 3923 hane
957 3872 1090 3932 terram,
1115 3872 1177 3922 tam
1194 3864 1341 3942 exiguam
1359 3863 1458 3924 mundi
1472 3876 1517 3938 ptr·

352 3979 430 4043 tem,
457 3973 644 4031 descendere
678 3972 874 4042 decrevisse,
903 3983 937 4031 ut
960 3972 1047 4031 cruci
1079 3972 1211 4031 suffixus
1236 3974 1272 4032 ab
1290 3974 1438 4043 Judaeis,
1457 3966 1516 4029 fatali

352 4082 480 4157 quadam
502 4082 690 4142 necessitate
718 4083 835 4151 ductis,
861 4101 895 4140 so
911 4082 1012 4158 ipsum
1029 4081 1090 4140 sibi
1107 4092 1259 4160 tamquam
1277 4084 1429 4160 piaculum
1445 4078 1514 4140 inini-

353 4197 415 4248 tum
432 4194 577 4263 offerret,
596 4201 626 4250 ct
642 4191 685 4249 ita
703 4191 838 4268 quidem,
857 4201 889 4249 ut
905 4209 1021 4267 poenas
1038 4191 1207 4251 infernales
1224 4193 1254 4252 in
1273 4203 1433 4253 aeternum
1448 4189 1516 4250 boni·

352 4301 442 4359 nibus
457 4302 658 4376 perferendas
675 4302 796 4360 minime
814 4303 1044 4373 exsolveret2).
1063 4335 1105 4345 -
1121 4303 1181 4361 Dei
1197 4303 1309 4374 Filius,
1328 4320 1460 4362 summus
1474 4297 1515 4357 uui·

352 4410 437 4468 versi
459 4412 653 4481 Moderator,
678 4412 708 4468 in
732 4420 864 4479 terram,
888 4420 949 4468 tam
973 4411 1117 4489 exiguam
1135 4412 1238 4470 mundi
1253 4421 1392 4487 partem,
1409 4415 1517 4470 assuntt

353 4529 464 4580 natura
480 4519 626 4590 humana,
644 4522 832 4581 descendere
849 4520 963 4588 voluit,
986 4521 1127 4596 quoniam
1144 4521 1245 4580 anima
1261 4531 1373 4582 nostra
1386 4516 1516 4581 rationalis

350 4671 629 4687 Ἥ

464 4751 487 4840 ¹)
505 4756 551 4821 Of.
568 4729 753 4835 liberiori
760 4800 769 4834 ,
785 4754 869 4821 ileos
885 4756 1010 4838 lipolop.
1029 4759 1079 4820 bct
1096 4757 1257 4822 &ossolet
1277 4756 1307 4824 1.
1319 4757 1364 4824 ib.
1382 4757 1425 4823 Θ.
1440 4749 1482 4818 95.
1493 4747 1514 4813 l.

355 4843 397 4917 58·
415 4845 459 4914 Θ.
477 4846 553 4912 203.
570 4883 612 4894 -
630 4851 658 4928 ²)
676 4847 722 4913 cf.
738 4847 1018 4928 Wegscheider,
1034 4849 1053 4911 l.
1072 4870 1097 4911 e.
1114 4871 1145 4933 p.
1162 4847 1239 4913 527.
