3775 5625
349 422 393 488 82

452 587 665 653 ·2.-v01urnas
687 599 792 651 autem
812 609 877 651 non
895 598 1016 651 tantum
1032 586 1125 651 nullis
1142 585 1251 671 pravis
1267 585 1438 652 affectibus
1455 584 1547 650 vitia·

344 708 394 771 ta,
411 696 504 760 nullis
526 696 716 761 inordinatis
738 696 877 759 motibus
895 695 1029 782 agitata,
1046 697 1104 760 sed
1121 716 1200 760 sana
1216 708 1248 759 et
1263 708 1381 783 vegeta
1396 707 1484 770 erat,
1501 707 1547 760 at·

345 825 404 891 que
426 805 490 869 vita
512 805 746 890 supernaturali
767 826 826 890 per
846 804 1075 869 inhabitantem
1100 804 1253 890 Spiritum
1271 808 1303 869 S.
1322 804 1472 870 animata
1496 804 1547 868 In·

346 935 444 999 super
460 914 631 979 inleriores
653 914 777 979 animae
801 914 963 1000 potentiae
988 926 1080 999 atque
1099 935 1219 999 corpus
1236 914 1379 999 perfecte
1397 912 1546 998 superio·

344 1023 451 1099 ribus,
472 1024 626 1088 voluntati
644 1045 682 1087 ac
697 1023 830 1097 rationi,
852 1023 998 1087 subditae
1016 1036 1121 1098 erant,
1145 1036 1180 1087 ut
1194 1024 1254 1089 hae
1269 1023 1355 1097 Deo,
1379 1022 1426 1088 ita
1442 1035 1478 1087 ut
1492 1024 1546 1087 ed·

344 1133 463 1217 petitus
496 1133 670 1198 sensitivus
692 1153 869 1217 nunquam,
891 1132 953 1195 nisi
970 1154 1012 1196 ex
1027 1132 1230 1217 praescripto
1247 1145 1278 1198 et
1293 1131 1432 1218 imperio
1449 1130 1547 1196 ratio·

344 1242 394 1306 nis
411 1256 612 1318 moveretur,
633 1243 771 1328 nihilque
795 1243 908 1306 saltem
929 1240 1102 1304 inordinati
1133 1241 1371 1325 praeveniendo
1388 1240 1548 1306 rationem

344 1352 525 1436 adpeteret,
547 1365 580 1416 et
600 1353 684 1415 baud
707 1351 953 1435 concupisceret
974 1351 1130 1414 adversus
1147 1350 1312 1435 spiritum,
1335 1372 1397 1416 nec
1414 1350 1548 1438 spiritus

344 1461 500 1525 adversus
519 1483 658 1526 carnem.
681 1462 753 1526 Non
770 1473 898 1545 poterat
915 1481 992 1525 caro
1010 1459 1137 1544 spiritui
1153 1459 1283 1525 rebellis
1299 1458 1382 1536 fieri,
1398 1462 1465 1526 nisi
1479 1461 1547 1547 ipse

344 1568 438 1633 lieret
453 1560 582 1634 rebellis
599 1572 679 1635 Deo.
704 1572 739 1634 ln
760 1583 921 1656 potestate
944 1583 1050 1634 tamen
1074 1568 1206 1653 spiritus
1223 1568 1290 1642 luit,
1306 1569 1465 1635 rebellem
1480 1571 1547 1635 Deo

347 1676 434 1755 fieri,
451 1692 483 1742 et
499 1702 563 1743 non
580 1679 660 1743 fieri.

453 1789 601 1853 Perfecta
617 1801 722 1852 autem
739 1790 817 1852 llaec
836 1788 986 1873 corporis
1004 1789 1043 1851 ad
1060 1788 1212 1865 animam,
1236 1802 1268 1855 et
1283 1788 1478 1854 interiorum
1493 1788 1547 1850 hu·

341 1898 396 1981 jus
414 1896 528 1960 virium
546 1899 583 1961 ad
602 1897 789 1982 superiores
807 1898 986 1982 subjectio,
1003 1920 1068 1962 non
1085 1909 1208 1962 tantum

453 2031 483 2070 a.
513 2027 555 2069 ex
571 2028 671 2091 supra
687 2007 814 2070 laudata
828 2006 1044 2091 perfectione,
1067 2007 1171 2072 aDeo
1197 2007 1270 2093 ipso
1294 2008 1478 2082 declarata,
1501 2026 1548 2069 re·

343 2136 418 2178 rum
436 2127 617 2178 creatarum
635 2114 814 2202 colligitur,
832 2118 889 2180 sed
907 2129 938 2181 et

436 2311 438 2316 Ι
456 2232 483 2286 b.
513 2246 570 2308 per
586 2224 740 2316 Moysis
758 2225 1013 2300 adnotationem,
1030 2226 1185 2290 Adamum
1202 2238 1234 2289 et
1250 2245 1389 2290 uxorem
1404 2226 1478 2309 ejus
1495 2246 1549 2288 nu·

345 2335 406 2397 dos
424 2332 541 2408 luisse,
565 2346 597 2397 et
624 2356 688 2397 non
706 2334 892 2409 erubuisse,
908 2334 928 2399 i.
946 2355 973 2398 e.
992 2335 1096 2398 nullos
1118 2334 1320 2401 inordinatos
1338 2347 1450 2400 motus
1466 2333 1500 2398 in
1516 2353 1551 2398 so

345 2442 508 2518 sensisse,
525 2455 575 2506 sat
592 2444 679 2509 clarc
697 2442 898 2530 significatur
910 2446 944 2524 ¹).

453 2574 480 2614 e.
507 2552 663 2636 idipsum
680 2554 775 2617 docet
791 2575 891 2637 porro
908 2554 1187 2638 Apostolus²)‚
1211 2564 1336 2638 etpost
1353 2574 1430 2619 eum
1448 2553 1546 2619 Con·

343 2660 484 2725 cilium
495 2662 539 2740 ³),
558 2683 653 2745 quum
671 2660 930 2736 sensualitatem,
953 2660 973 2725 i.
990 2682 1017 2725 e.
1035 2661 1210 2747 appetitum
1227 2662 1430 2737 sensualem,
1455 2660 1547 2727 moti·

343 2771 403 2833 bus
427 2769 495 2834 suis
518 2769 709 2834 inordinatis
733 2770 892 2835 rationem
915 2770 1193 2857 praevenientem,
1215 2784 1386 2856 peccatum
1402 2772 1552 2858 adpellat,

346 2891 433 2943 certe
451 2881 568 2943 nullam
585 2878 679 2943 aliam
696 2881 737 2943 ob
756 2902 903 2955 causam,
920 2902 1030 2966 quam,
1047 2892 1082 2944 ut
1099 2880 1278 2945 Concilium
1295 2880 1449 2965 explicat,
1468 2879 1553 2967 quod

345 2987 398 3051 illa
413 3009 455 3050 ex
470 3001 607 3072 peccato
625 3001 691 3063 est,
717 2982 748 3052 ct‘¹
765 2991 802 3052 ad
820 3002 988 3074 peccatum
1004 2989 1145 3054 inclinat.
1172 2990 1264 3068 Quod
1281 2990 1311 3054 si
1327 2989 1415 3055 enim
1432 3013 1552 3056 concu-

346 3095 505 3180 piscentia
521 3118 539 3160 a
554 3110 690 3181 peccato
708 3111 775 3172 est,
792 3111 865 3162 ante
881 3112 1050 3183 peccatum
1066 3098 1255 3163 necessario
1272 3121 1337 3162 non
1356 3100 1494 3164 exstitit.

456 3215 485 3269 d.
510 3206 580 3269 Nec
599 3228 662 3268 non
679 3206 764 3270 idem
781 3219 940 3270 testantur
958 3211 1018 3272 SS.
1034 3210 1198 3283 Patres,
1216 3207 1553 3297 nominatim-Augu·

347 3313 430 3378 stin
444 3337 506 3390 us,
524 3315 576 3400 qui
594 3316 721 3380 scribit:
746 3319 841 3379 Hanc
857 3339 935 3395 erpo
954 3317 1198 3397 (obedientiam)
1213 3324 1409 3398 priusquam
1427 3323 1553 3382 violae-

347 3439 435 3508 seat,
455 3430 627 3506 placebant
647 3431 736 3508 Deo,
759 3439 790 3488 et
818 3432 969 3505 placebat
998 3433 1046 3488 eis
1065 3429 1175 3508 Dens,
1199 3439 1231 3490 el
1252 3433 1401 3507 quamvis
1434 3449 1555 3510 corpus

347 3542 490 3598 arrinrale
512 3549 696 3616 pascar-ent,
724 3540 834 3598 nibil
859 3541 1093 3598 inobediens
1117 3542 1157 3598 ia
1181 3538 1256 3598 illo
1279 3544 1492 3603 aduersum
1517 3558 1555 3600 ae

347 3651 493 3706 edoceri
526 3650 759 3706 sentiebant.
792 3647 952 3708 Faciebat
975 3651 1091 3724 quippe
1116 3649 1178 3707 boe
1204 3653 1284 3708 ordo
1308 3650 1489 3725 justitiae.
1516 3657 1557 3709 ut

349 3759 440 3833 qaia
464 3774 596 3815 eoram
623 3758 751 3815 anima
772 3758 972 3828 famulam
995 3775 1145 3832 corpus
1161 3778 1182 3816 a
1203 3757 1344 3817 Domino
1369 3767 1554 3836 acceperat,

349 3868 435 3924 aient
450 3867 521 3940 ipsa
536 3866 638 3922 eidem
653 3863 792 3923 Domino
811 3882 884 3940 sao,
903 3867 950 3924 ita
967 3867 1037 3923 illi
1053 3883 1203 3941 corpus
1225 3867 1318 3941 ejas
1341 3868 1555 3944 obediret,

350 3982 471 4048 atque
493 3973 716 4031 ecbiberet
736 3976 847 4032 vitae
869 3975 939 4032 illi
962 3991 1189 4048 aonpraane
1212 3976 1302 4033 eine
1325 3975 1416 4035 ullo
1451 3978 1556 4035 reei-

351 4085 508 4141 stentia
528 4081 784 4153 famulatam.
818 4080 926 4141 Hinc
949 4092 987 4141 et
1007 4087 1108 4141 nudi
1128 4091 1267 4160 erant,
1294 4091 1332 4142 et
1354 4102 1439 4144 aaa
1462 4103 1555 4145 con·

349 4191 635 4262 scribebantur·
645 4187 683 4266 ⁴).
708 4188 750 4249 Et
766 4186 828 4249 alio
846 4187 936 4250 loco:
962 4187 1083 4250 Gratia
1098 4210 1215 4266 maana
1231 4193 1277 4249 ibi
1293 4200 1379 4271 erac,
1398 4197 1460 4254 ubi
1477 4204 1556 4255 ber·

352 4296 489 4358 'renunt
521 4308 561 4358 et
590 4302 768 4358 animale
800 4317 950 4375 corpus
982 4299 1199 4359 bestialem
1231 4302 1457 4364 libidinem
1481 4320 1558 4364 nou

352 4408 573 4482 habebam).
597 4407 701 4488 Atque
717 4405 845 4467 tandem

354 4561 590 4578 11—-

464 4660 488 4740 ί)
507 4658 551 4719 Ol.
569 4658 763 4737 Augustin.
779 4661 827 4718 De
845 4659 919 4719 Gen.
936 4663 978 4718 ad
993 4660 1050 4722 tta.
1068 4663 1086 4722 l.
1104 4665 1153 4724 11.
1170 4683 1199 4723 a.
1218 4666 1246 4724 3.
1266 4661 1347 4742 Opp.
1366 4665 1406 4727 T.
1427 4664 1460 4728 3.
1478 4667 1514 4728 Ρ.
1529 4663 1557 4727 l.

356 4769 381 4811 c.
399 4746 560 4829 2lb.-²)
574 4751 662 4811 Rom.
681 4746 711 4830 l,
725 4747 862 4827 lt.-³)
882 4749 963 4810 Sese.
981 4753 1009 4811 5.
1028 4755 1105 4813 decr.
1124 4756 1159 4811 de
1173 4773 1253 4827 pecc.
1272 4754 1350 4831 arip.
1370 4758 1454 4820 5.-
1466 4757 1493 4837 ⁴)
1511 4760 1560 4817 De

355 4847 468 4920 peccat.
485 4860 556 4901 mer.
574 4847 601 4898 et
616 4840 733 4907 ¹remiss,
753 4842 771 4900 l.
789 4843 817 4900 2.
835 4860 860 4902 c.
878 4843 928 4904 22.
945 4861 975 4900 n.
992 4844 1041 4902 36.
1060 4840 1140 4922 Opp.
1159 4845 1196 4905 Τ.
1207 4842 1257 4906 10.
1270 4865 1296 4908 c.
1308 4843 1364 4909 59.
1376 4882 1419 4895 -
1433 4851 1464 4929 ⁵)
1475 4849 1558 4909 Ocni.
