3775 5625
371 437 439 512 370

371 615 498 674 moriam
523 616 666 676 revocari
687 614 815 684 debeat,
834 634 871 674 ne
889 611 1120 675 in'ohlivionem
1138 613 1242 676 abeat:
1275 608 1422 677 doctrina
1437 616 1487 676 illa
1501 636 1543 695 per

368 725 469 783 omnia
485 735 625 802 tempora
640 745 716 803 pura
734 746 770 785 ac
786 726 911 804 integra
928 726 1156 795 conservanda,
1175 734 1206 785 et
1222 725 1398 786 hominihus
1415 726 1541 787 contiuno

366 834 572 910 praedicanda
586 844 643 894 cst.

470 943 570 1003 Porro
600 963 690 1021 quum
716 945 803 1004 homo
825 956 886 1004 tam
904 963 1009 1021 parum
1027 943 1098 1007 sine.
1113 964 1147 1002 se
1164 946 1308 1021 reparari
1325 946 1443 1023 possit,
1468 965 1538 1023 quau

366 1070 472 1128 parum
498 1053 565 1112 sine
587 1072 644 1112 sua
667 1054 757 1129 culpa
774 1073 807 1111 se
825 1054 1016 1130 perdiderat,
1040 1054 1093 1112 sed
1116 1054 1200 1113 salns
1217 1064 1325 1113 nostra
1343 1056 1538 1116 necessarior

365 1171 474 1221 nostra
499 1163 717 1238 cooperatione
744 1163 886 1239 pendeat:
913 1161 1058 1221 Christus
1080 1181 1136 1220 sna
1151 1163 1296 1239 passione
1318 1184 1356 1225 ac
1376 1175 1472 1224 nrorte
1488 1176 1536 1225 tan

364 1280 426 1329 tum
444 1280 572 1331 eatenus
589 1291 645 1331 nos
663 1272 816 1331 redimere
833 1263 950 1349 potuit,
972 1281 1123 1349 quatenus
1140 1292 1256 1348 poenas
1273 1292 1329 1349 pro
1348 1275 1484 1351 peccatis
1498 1294 1536 1333 no·

363 1381 438 1440 stris
461 1381 658 1451 sustinendo,
680 1382 963 1443 reconciliationem
987 1401 1056 1442 cum
1072 1384 1155 1451 Deo,
1179 1383 1310 1441 salntem
1328 1393 1466 1443 nostram
1483 1403 1536 1461 pro·

362 1490 490 1563 meruit,
507 1492 556 1549 rcl
567 1490 621 1565 jus
639 1491 725 1568 quasi
744 1490 779 1549 ad
797 1492 933 1568 gratiani
951 1491 1083 1550 divinam
1101 1492 1189 1550 nobis
1206 1492 1359 1562 restituit3
1377 1511 1436 1552 uon
1453 1503 1536 1553 autes

361 1610 499 1683 catenus,
518 1619 553 1660 ac
571 1602 597 1658 si
615 1601 771 1660 sacrificio
789 1601 898 1659 mortis
922 1600 989 1674 ejus
1014 1603 1098 1659 salus
1115 1611 1224 1661 nostra
1241 1612 1327 1661 esset
1343 1612 1537 1662 consummata

359 1719 390 1767 ct
407 1710 556 1773 absoluto.
581 1708 776 1788 Quapropter
794 1709 943 1770 redemtio
960 1710 990 1768 in
1009 1728 1102 1771 cruce
1116 1720 1254 1787 peracta,
1273 1728 1331 1786 qua
1348 1720 1464 1770 tantum
1480 1730 1536 1788 pos·

358 1815 490 1879 sibilitas
530 1822 660 1880 salutem
693 1821 840 1897 operandi
879 1820 966 1878 nobis
1007 1830 1056 1878 est
1093 1830 1205 1897 parta,
1246 1821 1381 1899 siugulis
1421 1822 1534 1897 primun

358 1930 522 2006 adplicari,
545 1950 601 1989 seo
626 1932 731 2014 gratia
752 1931 932 2001 nobiscum,
950 1931 978 1988 si
995 1949 1032 1988 ea
1048 1930 1168 2007 indigni
1184 1948 1241 1987 non
1259 1929 1432 1999 inarimos,
1453 1939 1500 1989 aut
1512 1930 1534 1987 ei

357 2058 415 2098 non
433 2040 661 2108 restiterimus,
685 2040 919 2109 communicari,
939 2048 1030 2115 atque
1049 2038 1102 2098 tali
1119 2039 1207 2097 modo
1225 2038 1376 2097 redemtio
1393 2057 1449 2098 seu
1464 2040 1533 2097 salus

354 2150 385 2209 io
402 2151 490 2209 uobis
506 2150 615 2227 perfici
633 2150 732 2209 debet.

458 2261 605 2319 Praestat
621 2269 784 2335 utrumque
802 2258 947 2317 Christus
964 2258 1114 2316 Dominus
1132 2276 1258 2316 munere
1276 2258 1378 2337 regio,
1397 2268 1532 2335 quatenns

354 2370 476 2430 scilicet
507 2370 682 2429 Ecclesiam
715 2368 863 2437 fundavit,
896 2378 988 2445 atque
1020 2368 1132 2425 sedens
1165 2368 1201 2425 ad
1234 2368 1396 2427 dexteram
1429 2367 1530 2435 Patris,
1568 2427 1570 2434 ,

351 2488 551 2557 nostrumque
583 2498 619 2539 ac
651 2480 840 2558 Angelorum
864 2488 957 2555 caput
978 2478 1151 2546 exsistens,
1173 2478 1352 2553 interpellat
1373 2497 1430 2555 pro
1447 2479 1530 2546 nolis,

352 2598 442 2665 atque
465 2590 687 2665 perspiritum
715 2590 749 2648 S.
770 2589 945 2648 Ecclesiam
968 2597 1073 2646 tuetur
1090 2605 1126 2646 ao
1144 2588 1340 2653 moderatur,
1362 2598 1396 2647 et
1417 2607 1471 2647 nos
1485 2603 1530 2663 per

352 2716 419 2756 sam
437 2708 469 2757 et
486 2698 516 2756 in
534 2717 571 2757 ea
587 2699 671 2776 regit
688 2717 724 2757 ac
741 2698 913 2775 gubernat,
935 2695 1099 2775 gratiaque
1117 2696 1239 2757 interni
1256 2716 1311 2772 per
1330 2699 1457 2757 eundern
1474 2696 1529 2773 spt-

253 2834 257 2840 ·
351 2809 443 2866 ritum
477 2807 512 2871 S.
544 2808 686 2878 instruit,
720 2819 809 2885 atque
833 2808 878 2868 sic
901 2806 1072 2867 efficaciam
1095 2826 1182 2866 suam
1204 2796 1351 2882 σωτήριον
1373 2808 1526 2874 continuat,

349 2927 547 2995 nostramque
580 2919 698 2994 plenam
722 2937 790 2978 cum
813 2921 879 2976 Deo
902 2917 1186 2977 reconciliationem
1221 2936 1257 2976 ao
1291 2917 1526 2992 conjunctionem

348 3030 484 3108 peragit.
1130 3035 1132 3039 ‘

454 3265 480 3347 ξ.
500 3261 566 3330 tt.
585 3259 804 3330 christus
820 3263 926 3329 ltex
943 3258 1160 3329 conditor
1177 3257 1435 3339 Ecclesiae.

454 3445 616 3510 Christum
633 3445 824 3518 Dominum,
849 3443 894 3508 nti
909 3445 1143 3527 Prophetam
1160 3455 1193 3507 et
1209 3445 1480 3516 Sacerdotem,
1493 3440 1525 3504 io

347 3569 380 3620 et
395 3556 541 3642 Regem
567 3577 657 3629 esse,
679 3556 855 3620 loculenter
872 3574 986 3618 sacrae
1003 3552 1140 3640 paginae
1157 3551 1324 3639 utriusque
1342 3547 1526 3617 Testamenti

348 3667 473 3728 docent.
497 3662 624 3727 Etenim
646 3665 730 3750 qood
747 3665 785 3728 ad
809 3676 903 3727 vetus
928 3663 1169 3726 Testamentum
1192 3661 1320 3726 attinet:
1351 3657 1526 3727 clarissimis

345 3772 531 3858 iteratisqne
564 3772 641 3836 inibi
673 3772 830 3837 vaticiniis
847 3771 1059 3857 praecinitur,
1081 3769 1268 3834 Messiam
1283 3771 1437 3857 Regem
1453 3786 1525 3833 esse

344 3882 532 3946 futurum.
571 3881 771 3946 Praedicitur
802 3881 886 3944 enim
915 3880 1011 3944 iniis
1036 3887 1235 3943 constitutos
1251 3881 1328 3941 Rem
1353 3880 1528 3961 (alchon)

346 4014 445 4073 cuper
463 3993 546 4055 Sion
564 4001 706 4055 montem
732 4000 883 4055 sanetum
906 3995 1030 4070 ejoo¹);
1048 3992 1236 4053 escalona
1263 4011 1366 4069 prae
1389 3991 1529 4068 reqtlue

345 4104 528 4183 terrae),
547 4110 580 4164 et
595 4109 762 4164 thronus
779 4107 864 4180 qus,
883 4108 971 4162 sicut
986 4102 1055 4162 dies
1072 4099 1205 4180 coel'³);
1223 4100 1313 4160 lter
1329 4107 1527 4178 reynelmus,

343 4211 540 4273 Dominus
559 4217 681 4288 justus
711 4217 906 4290 τιθεῖσιν),
942 4212 1168 4270 donrinator
1198 4215 1234 4268 in
1264 4209 1412 4287 Israel,
1445 4210 1528 4283 cop'st

343 4342 496 4399 opressue
513 4322 552 4381 ab
569 4328 674 4400 initio,
694 4344 715 4382 a
732 4323 845 4382 diebus
863 4326 1071 4381 aeternitatis
1080 4323 1128 4397 5);
1145 4320 1231 4379 130oe
1242 4321 1367 4393 justus
1384 4325 1418 4380 et
1430 4316 1523 4377 soloe

343 4429 451 4513 tor‘),
473 4439 565 4513 atquc
594 4439 741 4511 postor
767 4426 899 4515 norw).
923 4408 1010 4491 ldem
1026 4425 1060 4489 in
1078 4424 1167 4489 libris
1184 4425 1221 4488 N.
1240 4424 1279 4491 Τ.
1298 4424 1442 4489 traditur.
1463 4425 1520 4492 dn·

342 4601 562 4620 ψ

451 4706 475 4786 ¹)
492 4705 544 4764 PS-
561 4700 592 4778 2,
608 4701 639 4766 6·
673 4739 714 4750 -
748 4706 777 4781 ²)
794 4706 846 4768 Po.
865 4700 918 4787 88,
935 4699 989 4764 28.
1021 4737 1062 4748 -
1092 4698 1119 4787 3)
1136 4703 1188 4764 Po.
1208 4699 1262 4777 88,
1280 4697 1334 4764 30.
1362 4737 1405 4750 -
1428 4693 1516 4782 ⁴)Jor.

342 4792 512 4879 aen-6.
541 4829 580 4840 ··
603 4790 835 4879 ⁶)ffi0h·522·
859 4829 902 4840 -
923 4796 949 4876 ⁶)
967 4795 1058 4862 Zach.
1076 4792 1107 4869 9,
1125 4791 1395 4877 9.-⁷)Enech.
1416 4781 1515 4869 34AE

343 4880 716 4968 cf.1s.9‚6.16,1ss.
