3775 5625
432 611 532 671 tuunt,
548 599 664 677 primas
682 574 788 678 partes
800 573 1020 660 condonationi
1039 570 1146 675 eulpae
1164 617 1199 659 ac
1213 572 1329 675 poenae
1345 598 1467 671 deberi,
1488 609 1518 661 et
1532 619 1606 659 reno·

432 711 588 770 rationem
605 718 722 768 tantum
740 709 823 768 illius
841 727 1035 785 consequens
1053 726 1124 767 osse
1135 705 1172 781 ¹).

541 817 767 877 Rationalistae
800 828 901 876 autem
925 818 955 875 in
982 816 1041 876 boe
1068 835 1134 877 cum
1160 818 1305 878 Ecclesia
1326 818 1491 879 Oatbo'liea
1506 819 1609 896 quiden

433 928 629 996 conveniunt,
640 928 729 1003 quod,
741 928 785 986 uti
799 927 1044 1002 baec,Justitiam
1055 927 1085 985 in
1096 927 1211 986 virtute
1228 927 1316 986 nobis
1336 927 1520 988 inhaerente
1536 948 1610 1005 repo·

436 1047 526 1107 nant3
544 1046 679 1095 attamen
692 1036 887 1094 nihilominus
904 1038 941 1095 ab
958 1036 1011 1095 illa
1026 1055 1157 1111 prorsus
1174 1016 1345 1110 discedunt,
1361 1037 1392 1095 in
1404 1038 1613 1112 justificatione

434 1157 540 1206 nostra
566 1146 667 1205 omnia
690 1146 837 1217 arbitrio,
867 1146 908 1205 nil
931 1147 1053 1223 gratiae
1076 1146 1196 1205 divinae
1221 1146 1402 1206 tribuentes.
1445 1149 1520 1208 Nam
1538 1168 1613 1225 quun

434 1259 549 1317 nullum
567 1257 633 1314 dari
650 1264 763 1314 statum
782 1257 1069 1331 supernaturalem,
1093 1274 1131 1314 ex
1153 1273 1210 1332 quo
1234 1255 1322 1320 bomo
1340 1256 1506 1326 exciderit,
1524 1268 1575 1317 aut
1588 1259 1614 1316 ad

434 1386 521 1446 quem
546 1365 688 1426 revocari
712 1365 838 1432 debeat,
857 1364 1057 1423 contendant:
1082 1365 1164 1423 nullo
1187 1384 1305 1442 quoquc
1323 1385 1362 1425 ex
1379 1374 1489 1426 eorum
1506 1377 1615 1426 senten·

434 1476 476 1534 tia
492 1476 552 1551 ipsi
570 1493 644 1551 opus
662 1491 733 1531 esse
750 1482 853 1549 potest
870 1472 982 1532 auxilio
997 1475 1228 1549 supernaturali
1245 1474 1358 1544 divino,
1376 1475 1443 1533 sive
1462 1476 1499 1535 ad
1517 1459 1616 1535 melun
1655 1499 1657 1530 :

433 1584 605 1655 vitandum,
623 1583 689 1640 sive
707 1582 743 1641 ad
760 1583 870 1640 bonum
888 1564 1144 1659 prosequendum,
1162 1584 1303 1659 nullaque
1321 1584 1494 1645 efficientia
1511 1604 1614 1662 super-

418 1694 567 1775 naturali
584 1692 685 1751 divina
703 1691 739 1749 ad
754 1692 839 1749 illum
857 1693 1105 1768 regenerandum
1132 1702 1163 1750 et
1179 1692 1451 1754 sanctificandum.
1494 1694 1616 1772 Quapro-

434 1812 503 1880 pter
521 1802 690 1861 doctrinam
709 1810 845 1858 nostram
864 1819 922 1858 non
942 1800 1041 1858 minus
1059 1820 1095 1860 ac
1111 1802 1356 1861 Protestantium
1372 1813 1532 1881 tamquam
1549 1822 1615 1862 art·

435 1912 518 1971 tione
537 1912 698 1980 absonam,
715 1908 837 1985 penitus
860 1910 1035 1985 explodunt.
1054 1910 1130 1968 Cum
1146 1911 1362 1971 Rationalistis
1378 1913 1482 1989 quoad
1499 1913 1616 1992 gratian

435 2021 567 2080 divinam
584 2020 673 2077 nobis
685 2019 898 2079 necessariam
909 2020 1048 2077 sensisse
1067 2019 1202 2079 scholam
1220 2021 1444 2092 recentiorem,
1454 2022 1523 2097 jam
1540 2007 1617 2099 supra

436 2127 755 2191 commemoravimus.

543 2238 641 2313 Quium
660 2257 698 2297 ex
715 2247 884 2313 systemate
900 2238 1147 2297 Protestantium
1163 2257 1241 2317 ergo
1253 2238 1448 2314 justificatio
1467 2241 1512 2301 sit
1526 2260 1616 2318 pecca·
1655 2283 1657 2310 ι

434 2360 535 2408 torum
553 2347 735 2406 condonatio
753 2365 809 2404 seu
826 2365 883 2404 non
901 2380 912 2392 -
930 2346 1090 2422 imputatio
1112 2357 1238 2423 propter
1271 2358 1402 2407 mortem
1426 2349 1550 2409 christi
1576 2369 1618 2427 pro

437 2458 593 2529 omnibus,
621 2456 719 2534 quiin
737 2474 805 2514 eum
823 2456 964 2524 credunt,
983 2456 1130 2536 oblatam,
1153 2457 1189 2515 de
1213 2476 1272 2534 qua
1288 2458 1376 2516 nobis
1393 2459 1452 2534 pe'r
1469 2459 1618 2519 revelatio·

436 2586 505 2625 nem
523 2565 697 2639 constet²):
714 2565 775 2639 ipsi
792 2584 885 2640 porro
902 2565 1000 2641 quoad
1018 2564 1149 2623 indolem
1167 2565 1411 2639 justificationis
1433 2586 1492 2627 seu
1516 2569 1619 2648 gratiae

431 2673 643 2749 justificantis
664 2673 909 2753 praecipiebant,
941 2674 1024 2732 illam
1047 2692 1120 2732 esse
1147 2676 1255 2755 talem,
1277 2676 1313 2732 de
1340 2694 1400 2753 qua
1417 2677 1512 2737 homo
1530 2661 1619 2738 certus

438 2767 510 2843 esse
528 2782 712 2843 certitudine
732 2782 819 2852 fidei,
835 2783 856 2843 i.
874 2801 901 2846 c.
918 2782 1087 2856 infallibili,
1110 2802 1169 2842 non
1187 2793 1304 2844 tantum
1321 2786 1440 2861 possit,
1466 2788 1526 2848 sed
1541 2797 1571 2848 st
1583 2788 1620 2848 de·

439 2896 528 2963 beat,
562 2912 638 2971 quae
670 2892 701 2950 in
734 2893 874 2951 omnibus
906 2892 1079 2951 hominibus
1111 2912 1240 2969 prorsus
1273 2895 1315 2953 sit
1347 2897 1510 2974 aequalis,
1541 2916 1620 2974 nequa

442 3014 655 3082 augmentum,
673 3007 771 3077 neque
789 3003 1018 3060 decrementum
1037 2997 1198 3074 admittat,
1221 3013 1251 3061 et
1268 3021 1344 3080 quae
1366 3006 1468 3079 nullo,
1492 3007 1552 3066 nisi
1566 3026 1619 3084 pec·

441 3124 509 3173 cato
533 3110 726 3172 infidelitatis
748 3111 846 3168 amitti
863 3119 956 3186 queat
967 3107 1005 3185 ³).
1047 3107 1103 3170 Sic
1126 3112 1245 3188 quidem
1267 3113 1463 3173 Lutherus
1489 3117 1618 3184 docebat;

441 3223 625 3281 Calvinus
643 3230 765 3286 tamen,
784 3221 862 3295 quod
880 3218 978 3278 adhuc
995 3220 1235 3289 intolerabilius,
1256 3222 1412 3297 justitiam
1430 3227 1532 3285 semel
1549 3244 1618 3286 aere·

438 3343 520 3410 ptam
537 3333 627 3407 plane
645 3329 744 3388 amitti
760 3346 818 3385 non
836 3346 929 3403 posse
947 3329 1113 3398 statuebat,
1131 3348 1221 3405 quum
1239 3341 1410 3404 assereret,
1427 3332 1617 3411 justificatio

439 3460 507 3499 nem
540 3441 570 3498 in
604 3441 671 3497 sola
704 3438 915 3513 acceptatione
939 3439 976 3496 ad
993 3439 1125 3515 gratiam
1143 3457 1182 3497 ex
1204 3449 1293 3515 parte
1310 3440 1386 3511 Dei,
1410 3442 1465 3518 qui
1490 3461 1620 3506 concessa

442 3550 510 3608 sine
546 3547 719 3606 conditione
751 3557 973 3616 nonrevocet,
1007 3547 1199 3618 consistere,
1232 3559 1262 3606 et
1292 3550 1360 3607 ideo
1394 3550 1552 3615 bominem
1579 3569 1620 3612 mu

443 3666 560 3716 tantum
584 3655 708 3723 dalila,
740 3674 848 3714 verum
872 3657 963 3714 etiam
986 3656 1023 3715 de
1049 3674 1106 3715 sua
1121 3652 1407 3733 praedestinatione
1425 3674 1551 3724 certum
1566 3681 1619 3722 esse

443 3767 604 3837 debere⁴)
1499 3827 1502 3830 .

546 3871 729 3936 Secundum
751 3869 930 3934 doctrinam
953 3871 1121 3936 Ecclesiae
1144 3871 1327 3939 Catholicae
1348 3897 1431 3942 vero
1456 3877 1493 3943 in
1509 3875 1617 3966 opposi-

431 3982 663 4047 tionehorum
688 4001 836 4043 errorum
864 3981 1041 4066 gratia]
1034 3981 1263 4046 ustificans
1295 4005 1354 4048 seu
1378 3993 1618 4071 justificatio

440 4091 509 4171 (ie.
523 4089 750 4175 justitianobis
759 4089 949 4185 inhaerens)
967 4113 1042 4153 nou
1059 4101 1120 4154 eat
1133 4094 1225 4154 rofa
1237 4105 1502 4174 peecatorum
1519 4094 1618 4186 (quoad

439 4203 564 4286 culpam
584 4198 746 4269 actualem
768 4211 800 4262 et
823 4204 975 4283 poenam)
1008 4209 1194 4264 remissio
1212 4207 1282 4265 aed
1295 4213 1333 4266 et
1353 4213 1618 4290 sanctificatis

438 4321 477 4375 et
496 4315 704 4373 renouatio
736 4317 1142 4396 interioriebominia
1166 4317 1239 4392 (seu
1261 4313 1300 4376 ad
1323 4313 1430 4395 Deum
1449 4316 1619 4391 conversio)

437 4447 655 4464 μ

543 4513 576 4592 -’)
596 4511 640 4573 Of·
677 4511 822 4593 statuo,
849 4512 966 4578 ιιιιιιι.
989 4512 1059 4576 ιιι
1083 4513 1246 4593 ostoun
1261 4517 1556 4596 praepotents.
1570 4517 1657 4585 eu.
1655 4488 1657 4565 ἓ

440 4602 538 4667 1846.
564 4601 939 4682 amanteum
958 4603 1089 4682 Apol
1109 4602 1657 4685 Ooanupeaartonttt

439 4691 919 4774 sswLLELPtpiltl
953 4730 994 4739 -
1041 4695 1422 4781 fflApolwepOOqu
1424 4701 1615 4767 .,...t.e3art

443 4782 1159 4865 129ssLLELP1p108s
1188 4787 1657 4872 ⁴)Inatatd3e2uld·

414 4877 485 4941 ,ed
504 4876 580 4939 Gen.
598 4872 705 4940 1569.
721 4898 751 4962 ιι.
768 4872 844 4940 343.
