3775 5625
1464 399 1547 503 'ns

326 598 462 689 ptismi
477 589 624 687 gratiam
635 609 798 682 receptam
814 610 974 682 tamquam
990 610 1157 682 peccatum
1173 596 1320 683 imputet,
1344 612 1420 684 post
1440 602 1545 687 Bapti-

326 731 460 776 srnum
475 720 581 773 autem
597 730 660 771 non
677 707 752 772 item
765 709 799 786 ¹).

463 817 628 882 Sententia
644 818 724 881 haec
740 816 865 902 quidem
882 837 1039 901 expresse
1056 818 1094 881 ab
1115 816 1263 881 Ecclesia
1284 817 1447 884 Catholica
1470 843 1545 885 con·

335 928 501 992 demnata
516 928 599 991 haud
615 939 682 999 est3
707 939 844 991 attamen
860 925 959 990 nihilo
983 925 1091 991 secius
1112 925 1187 990 talia
1211 925 1242 989 in
1261 927 1407 993 doctrina
1430 929 1545 995 Catho-

340 1036 432 1113 lica
446 1058 505 1122 per
522 1036 736 1103 Concilium
754 1036 1028 1100 Tridentinum
1046 1036 1222 1100 solenniter
1238 1038 1415 1122 proposita,
1432 1060 1546 1104 occur·

349 1160 443 1221 runt,
466 1159 500 1211 ut
515 1145 638 1211 falsitas
656 1147 800 1231 ejusdem
817 1145 909 1211 facile
924 1159 1039 1231 pateat.
1064 1147 1145 1211 Nam

464 1256 492 1319 1.
504 1257 598 1340 juxta
614 1256 791 1321 Concilium
806 1256 895 1330 illud,
918 1269 1087 1341 peecatum
1104 1257 1260 1346 originale
1277 1280 1385 1322 cerem
1411 1282 1450 1322 ac
1464 1282 1546 1339 pro-

362 1372 459 1444 priam
475 1372 634 1429 rationem
646 1372 771 1443 peccati
791 1370 902 1446 tacet,
929 1377 1022 1451 atque
1038 1387 1096 1450 per
1112 1366 1266 1452 Baptismi
1287 1367 1424 1453 gratiam
1447 1381 1547 1432 totum

365 1480 397 1537 id
421 1482 562 1556 tollitur,
580 1474 662 1565 ¹quin
690 1486 794 1539 tamen
825 1475 1087 1559 concupiscentia
1112 1477 1290 1551 auferatur,
1324 1498 1403 1563 quac
1439 1476 1547 1561 potius

369 1597 476 1664 sanet,
502 1596 536 1648 et
551 1583 640 1659 licet,
664 1591 840 1665 aliquando
861 1592 901 1648 ab
928 1589 1081 1665 Apostolo
1100 1599 1266 1666 peccatum
1287 1593 1485 1668 adpelletur,
1515 1586 1548 1650 id

371 1704 460 1757 tamen
482 1714 547 1757 non
568 1706 741 1778 propterea
763 1693 810 1768 fit,
836 1704 924 1774 quod
941 1717 1017 1757 vere
1037 1708 1068 1758 et
1081 1702 1215 1776 proprie
1235 1702 1270 1759 in
1290 1702 1415 1759 renatis
1427 1716 1545 1775 pecce-

372 1814 423 1867 un
449 1810 510 1885 sit,
541 1811 597 1866 aed
623 1809 701 1884 quia
722 1826 766 1867 ee
788 1816 919 1884 peccato
943 1818 1008 1885 est,
1039 1817 1072 1869 et
1097 1814 1139 1867 ed
1164 1818 1331 1884 peccatum
1362 1811 1546 1886 teatinam).

372 1911 450 1975 Juxta
471 1911 661 1977 sententiam
682 1913 964 1977 Hermesianorum
988 1926 1093 1977 autem
1116 1913 1303 1978 necessario
1325 1926 1379 1977 aut
1399 1913 1430 1977 in
1446 1913 1546 1998 bapti·

373 2021 437 2085 tatis
451 2034 617 2106 peccatum
640 2022 843 2086 statuendum
865 2035 930 2097 est,
955 2024 1039 2107 qttod
1066 2023 1267 2087 solummodo
1295 2022 1335 2088 iis
1359 2045 1424 2087 non
1446 2023 1547 2107 impu·

373 2140 451 2204 tetur,
475 2143 530 2194 aut
543 2151 622 2195 vero
640 2132 865 2206 asserendum,
888 2143 1056 2216 peccatum
1079 2131 1235 2219 originale
1257 2153 1334 2196 vere
1357 2152 1395 2197 ac
1417 2132 1548 2217 proprie

374 2251 519 2320 peccatum
545 2240 629 2302 haud
653 2259 743 2312 esse;
773 2241 857 2325 quod
881 2252 1050 2325 utrumque
1075 2253 1185 2324 aperte
1210 2240 1354 2328 dogmati
1386 2241 1546 2305 catholico

375 2347 550 2413 adversatur.
574 2350 663 2413 Unde
681 2361 728 2413 et.

460 2458 490 2522 2.
512 2458 545 2521 in
566 2459 696 2522 decreto
719 2459 901 2547 Gregorii
922 2461 1019 2535 xvi,
1049 2482 1112 2546 quo
1135 2480 1234 2545 opera
1255 2459 1449 2526 Hermesii
1471 2482 1546 2525 con-

375 2562 550 2642 demnantur,
573 2567 656 2631 inter
677 2567 738 2632 alia
760 2590 899 2654 quoque,
923 2590 1002 2654 quae
1034 2571 1073 2633 de
1100 2581 1234 2654 peccato
1263 2569 1411 2657 originali
1443 2570 1547 2645 tradit,

374 2682 429 2737 atro
442 2676 590 2763 stigmate
607 2688 757 2740 notantur
769 2678 806 2756 ³).

459 2790 591 2851 sivero
614 2791 732 2863 dicunt,
758 2791 930 2851 Concilium
960 2792 1175 2853 Tridentinum
1200 2793 1299 2870 ipsum
1332 2793 1391 2852 sihi
1422 2794 1546 2864 favere,

374 2909 445 2970 tuum
460 2901 601 2970 deliniat,
623 2920 684 2977 per
696 2905 855 2980 qratiam,
881 2905 1015 2979 quaein
1031 2902 1230 2979 Baptiemate
1247 2904 1439 2982 confertur,
1457 2921 1545 2962 rea-

375 3009 434 3066 ten
457 3012 628 3086 originalia
653 3014 777 3087 peccati
796 3014 934 3089 remitti,
962 3013 1048 3071 acsi
1075 3021 1236 3088 peccatum
1264 3012 1396 3090 originis
1426 3022 1544 3071 tantum

372 3125 471 3177 reatum
488 3139 620 3197 poenae,
642 3138 701 3179 non
719 3131 819 3180 autem
841 3131 873 3180 et
899 3123 1017 3198 culpam
1042 3122 1293 3198 comprehendat:
1326 3140 1384 3180 non
1408 3123 1542 3181 animad-

327 3224 328 3229 ’
373 3236 495 3298 vertunt,
519 3231 668 3306 duplicem
691 3231 861 3310 Theologis
878 3241 998 3290 reatum
1016 3232 1175 3310 distingui,
1198 3232 1319 3292 seilicet
1336 3241 1468 3302 reatum,
1486 3251 1543 3308 quo

345 3388 347 3394 ,
374 3346 459 3396 tumus
478 3358 595 3416 poenae
617 3342 792 3400 subeundae
814 3342 974 3411 obstricti,
999 3351 1030 3400 et
1056 3352 1192 3411 reatum,
1223 3360 1280 3417 quo
1310 3360 1416 3400 sumus
1440 3343 1545 3419 eulpae

374 3439 490 3518 obnoxii,
522 3450 572 3526 qui
599 3460 631 3508 et
657 3460 824 3528 propterea
845 3460 977 3510 reatus
1001 3453 1152 3527 culpae,
1183 3461 1274 3528 prout
1302 3451 1389 3527 prior
1411 3459 1545 3510 reatus

335 3574 337 3581 '
373 3563 496 3620 Poenae
514 3560 606 3618 audit.
623 3561 803 3639 Intelligere
816 3570 916 3619 autem
934 3561 1104 3619 concilium
1121 3560 1226 3619 vorbis
1242 3560 1372 3618 laudatis
1385 3561 1443 3619 sub
1456 3570 1545 3619 reatu

375 3669 550 3728 *torcatum
572 3688 705 3745 poenae,
727 3671 781 3728 sed
798 3680 918 3730 reatum
936 3673 1043 3747 eulpae
1067 3690 1104 3728 ex
1120 3671 1225 3730 verbis
1243 3688 1312 3728 mox
1330 3672 1546 3746 sequentibus,

374 3779 444 3837 quoa
455 3796 580 3857 ceram,
606 3789 637 3840 et
648 3782 817 3855 propriam
834 3784 959 3857 peccati
975 3783 1135 3840 rationem
1155 3781 1251 3840 habet
1258 3776 1284 3856 ⁴)
1287 3825 1299 3858 ,
1326 3780 1435 3856 quibus
1462 3781 1544 3839 illum

374 3887 490 3956 reatum,
507 3906 596 3966 quem
613 3889 748 3959 dixerat,
766 3891 915 3967 explieat,
931 3893 1000 3967 plus
1018 3909 1107 3968 quam
1121 3890 1198 3949 satis
1218 3891 1328 3949 elucet.

327 3968 333 4093 i
460 3999 525 4056 Nou
565 3999 665 4058 minus
707 4001 785 4058 false
831 4019 925 4077 porro
964 4002 1145 4069 adstruunt,
1172 4000 1238 4074 jam
1269 3999 1358 4069 inde,
1404 3999 1545 4076 quoniam

330 4096 333 4115 ²
374 4096 548 4176 tornutio,
572 4109 855 4184 concupiscentiam
878 4129 954 4170 vere
975 4119 1006 4170 et
1018 4111 1155 4186 proprie
1178 4112 1218 4169 in
1242 4110 1400 4168 renatis
1426 4126 1544 4185 pecca-

327 4297 329 4304 .
372 4273 571 4306 N...-

462 4416 485 4495 ¹)
515 4416 675 4494 deruit,
705 4417 879 4498 optimati.
905 4419 1074 4500 wiquerii.
1104 4417 1216 4500 uttan
1245 4414 1339 4480 1834.
1373 4416 1403 4480 3.
1431 4416 1485 4502 ii).
1514 4417 1543 4498 ξ.

373 4482 542 4569 226427.
559 4530 590 4588 p.
609 4505 681 4569 172.
705 4508 749 4571 Cf.
774 4509 809 4570 P.
826 4509 1017 4572 Lombard.
1035 4515 1064 4573 2.
1082 4514 1101 4573 l.
1123 4518 1195 4572 sent.
1219 4510 1288 4571 dist.
1311 4512 1360 4570 31.
1384 4511 1415 4588 ἕ
1432 4514 1452 4569 2
1474 4516 1500 4568 et
1515 4513 1543 4572 3.

373 4575 556 4680 Hennaea·
580 4599 747 4668 clouue.
777 4601 795 4660 t.
818 4604 846 4661 2,
870 4600 1269 4682 9.11.Grag.nrimin.
1295 4604 1323 4662 2.
1353 4601 1423 4662 utet.
1448 4603 1497 4660 30.
1516 4620 1543 4676 q.

373 4670 395 4731 Ῑ·
410 4679 437 4745 J.
451 4687 599 4760 Driedo,
624 4693 674 4749 De
688 4697 766 4766 pret.
787 4696 815 4748 et
838 4690 889 4752 lid.
910 4692 1015 4754 arbitr.
1038 4695 1056 4754 l.
1080 4696 1108 4753 1.
1132 4728 1174 4738 -
1192 4687 1220 4776 ²)
1240 4691 1321 4753 sess.
1346 4694 1374 4752 5.
1393 4694 1484 4753 Deer.
1510 4695 1545 4750 de

369 4772 438 4836 pecc,
452 4781 525 4857 orig.
543 4783 572 4842 5.
589 4817 633 4825 —
651 4781 675 4862 3)
693 4781 783 4846 Decr.
800 4780 836 4841 de
852 4779 906 4844 26.
928 4783 1011 4863 Sept.
1032 4781 1127 4845 1835.
1151 4786 1233 4842 Dum
1253 4781 1477 4844 acerbissimas.
1502 4819 1542 4827 —

372 4850 395 4930 ⁴)
409 4860 480 4932 Seue.
495 4873 524 4933 5.
541 4875 635 4934 Decr.
652 4875 689 4932 de
703 4892 782 4950 pecc.
799 4872 875 4950 orie.
892 4875 920 4936 5.
