3775 5625
344 445 410 515 318

343 614 406 677 mul
424 609 654 685 crudelissima,
669 608 700 672 in
717 630 847 673 crucem
863 621 966 684 actus,
980 608 1076 674 vitam
1093 630 1200 686 suam,
1210 618 1245 674 et
1258 613 1585 691 tradidit-aeth

342 732 467 805 ipsum,
486 733 518 784 ut
538 720 678 805 loquitur
699 721 929 804 Apostolus,
942 743 1005 801 pro
1022 724 1117 783 nobis
1128 724 1339 801 oblationem,
1353 728 1585 814 eitonam*

343 835 413 894 Deo
439 830 538 904 Patri,
555 829 606 893 cui
627 829 689 893 soli
704 829 800 893 vitam
821 850 912 894 suam
924 866 926 869 ·
937 828 1071 905 offerre,
1093 852 1152 895 sen
1168 842 1302 915 propter
1318 851 1416 916 quem
1433 830 1583 922 solut*

343 940 426 1004 illam
443 940 609 1003 destruere
627 950 768 1022 poterat,
783 947 818 1002 tn
835 943 968 1002 odorem
984 943 1206 1018 suavitatw).

434 1178 460 1259 ξ.
477 1173 548 1243 oo.
564 1172 855 1244 Sacrificium
877 1174 1035 1244 crucis
1052 1164 1447 1261 propitiatorium.

453 1376 601 1442 Christus
617 1375 773 1440 Dominus
790 1395 871 1462 ergo
888 1388 1025 1440 mortem
1043 1375 1150 1451 subiit,
1167 1397 1231 1438 non
1248 1388 1283 1440 ut
1298 1376 1466 1440 veritatem
1482 1400 1541 1445 so-

343 1487 504 1551 lummodo
521 1486 686 1550 doctrinae
704 1484 921 1559 confirmaret,
937 1485 1093 1570 nobisque
1111 1478 1292 1569 exemplum
1308 1485 1479 1573 patientiae
1491 1507 1550 1551 ac

345 1595 544 1661 constantiae
562 1616 704 1660 summae
720 1594 902 1670 exhiberet,
934 1596 993 1659 sed
1014 1608 1048 1659 ut
1068 1595 1277 1679 semetipsum
1297 1607 1457 1680 tamquam
1471 1596 1547 1659 ho-

345 1706 478 1780 stiam,
501 1725 666 1790 eamque
690 1704 930 1789 piacularem
956 1726 1015 1769 seu
1032 1704 1280 1769 sacrificium
1297 1704 1552 1789 propitiato-

344 1814 459 1889 rium,
485 1834 557 1898 pro
582 1812 696 1878 nobis
717 1814 797 1876 Deo
820 1809 929 1876 Patri
951 1812 1132 1888 offerret,
1148 1813 1169 1878 i.
1186 1834 1214 1877 e.
1230 1825 1434 1898 utpoenas
1449 1833 1556 1897 pec‘

346 1924 443 1989 catis
475 1922 632 1987 nostris
664 1921 820 1986 debitas
851 1922 889 1985 in
930 1944 972 1987 se
1005 1922 1262 2007 suscipiendo
1295 1922 1450 1987 divinae
1472 1922 1561 2005 ju‘

346 2032 479 2097 stitiae
511 2032 793 2105 satisfaceret,
827 2031 1019 2117 nobisque
1052 2032 1336 2098 remissionem
1357 2043 1562 2117 peccato‘

345 2140 1361 2227 rumaccumDeoreconciliationempromer-eret.
1401 2140 1566 2205 utillo

346 2250 568 2336 consequitur,
592 2251 677 2336 quod
704 2271 803 2334 supra
819 2252 887 2334 jam
902 2250 1122 2326 indicavimus,
1156 2251 1320 2319 Christum
1336 2252 1560 2315 Salvatorenl

345 2373 491 2425 nostrum
521 2381 596 2423 esse
628 2381 692 2423 non
724 2357 871 2424 doctrinis
891 2344 1012 2424 tantum
1039 2374 1071 2425 et
1092 2362 1251 2446 exemplo,
1284 2362 1343 2425 sed
1364 2359 1555 2445 praecipue

347 2490 445 2553 opere
468 2480 500 2531 et
520 2467 653 2541 merito,
674 2467 822 2553 quoniam
843 2467 991 2532 nimirum
1011 2490 1071 2552 pro
1089 2469 1198 2544 nobis,
1219 2469 1252 2532 id
1267 2481 1320 2534 est
1335 2490 1399 2533 non
1416 2479 1555 2532 tantm

346 2599 406 2663 pro
427 2579 513 2640 bono
537 2588 662 2649 nostro,
693 2597 804 2640 verum
825 2575 921 2640 etiam
942 2579 1016 2641 loco
1039 2578 1157 2653 nostri,
1189 2590 1336 2642 mortuus
1357 2590 1423 2652 est,
1444 2576 1557 2639 iant

347 2686 476 2751 nonnisi
506 2697 638 2769 propter
670 2685 922 2750 satisfactionem
945 2707 983 2749 ac
1005 2686 1153 2751 meritum
1175 2686 1289 2752 mortis
1307 2686 1428 2753 Christi
1442 2684 1548 2749 nobis

347 2794 497 2861 remissio
514 2807 720 2880 peecatorum
738 2807 770 2859 et
785 2795 891 2883 gratia
907 2795 1013 2861 divina
1031 2796 1185 2886 obtingat.

456 2904 615 2970 Obtulisse
648 2925 684 2969 so
716 2904 877 2970 Christum
900 2905 969 2969 Deo
993 2918 1152 2992 tamquam
1174 2907 1368 2992 piacularem
1389 2906 1543 2976 hostiam,

349 3037 408 3080 seu
442 3013 636 3079 sacrificium
674 3014 788 3079 mortis
821 3013 941 3080 Christi
972 3016 1229 3100 propitiatorium
1257 3037 1358 3081 sensu
1387 3015 1539 3101 exposito

348 3145 433 3199 esse,
448 3124 569 3210 pariter
584 3123 659 3188 fidei
675 3124 828 3189 articulus
844 3137 911 3197 est3
928 3147 991 3210 quo

438 3237 478 3298 A.
495 3232 527 3296 in
544 3236 604 3298 SS.
628 3232 797 3296 Litteris
814 3233 857 3296 nil
874 3233 1039 3309 crebrius,
1056 3235 1160 3320 nilque
1183 3235 1324 3320 apertius
1340 3235 1536 3300 enrmtiatunl

348 3341 499 3408 occurrit.
524 3343 558 3405 ld
582 3341 666 3405 enim
685 3343 754 3426 jam
769 3341 801 3404 in
818 3342 1029 3406 celeberrimo
1054 3345 1093 3407 de
1118 3365 1214 3409 servo
1238 3346 1382 3409 Jebovae
1406 3343 1536 3409 oraculo

350 3453 435 3518 canit
467 3451 591 3516 lsaias
626 3452 798 3536 Propheta:
836 3456 920 3515 Vere
958 3458 1099 3533 (verum)
1123 3457 1342 3534 tunquam
1374 3452 1537 3535 (morbos)

347 3571 530 3639 nostroe,
549 3559 663 3644 inquit,
683 3569 769 3640 ipae
786 3564 897 3641 tulit,
916 3571 955 3624 et
970 3565 1134 3625 dolores
1149 3574 1317 3627 nostros
1340 3573 1540 3646 ipseper·

349 3678 467 3748 tavit,
486 3669 506 3732 i.
524 3689 551 3732 e.
568 3690 691 3752 poenas
707 3683 913 3753 peccatorum
935 3672 1029 3736 nobis
1054 3674 1185 3737 luendas
1207 3674 1366 3738 toleravit.
1389 3712 1432 3723 —
1448 3675 1543 3754 lpse

348 3782 588 3842 vulneratos
605 3778 804 3861 (perfossus)
829 3790 888 3843 eat
907 3790 1074 3862 propter
1097 3790 1335 3866 iniquitates
1350 3792 1538 3855 nostras,

351 3897 522 3956 attritus
546 3895 609 3950 eat
626 3897 793 3969 propter
815 3893 978 3953 scelera
1001 3901 1169 3953 nostra:
1193 3894 1544 3974 disciptinapacu

353 3998 390 4076 (i.
407 4019 434 4062 e.
451 3996 578 4077 salutis)
596 3974 783 4078 nostrisa,
806 3999 835 4062 h.
859 4019 887 4063 e.
905 4021 965 4084 qua
982 4000 1076 4064 nobis
1093 4002 1180 4064 salus
1203 4013 1313 4084 parata
1334 4013 1402 4076 est,
1421 4010 1539 4081 aspar

350 4130 448 4186 eum,
467 4129 514 4174 sc.
546 4106 613 4182 fuit,
645 4117 683 4171 et
712 4111 836 4170 livore
861 4116 932 4189 (seu
958 4112 1105 4189 vulnere)
1130 4117 1218 4189 ejice
1242 4120 1534 4174 sanctissimus·

353 4220 470 4280 Oinnes
489 4240 552 4279 nos
575 4225 672 4299 quasi
693 4239 769 4279 ovea
789 4228 975 4282 erravimus
981 4267 992 4298 ,
1026 4228 1307 4304 uncisquiaquein
1326 4229 1413 4284 mam
1441 4232 1529 4283 mian

264 4355 268 4363 ·
351 4329 534 4405 declinavit,
554 4325 572 4390 i.
591 4348 617 4390 c.
643 4326 787 4390 consiliis
812 4327 879 4391 suis
903 4329 1011 4412 pravis
1036 4331 1211 4394 obsecutus
1243 4344 1309 4397 est-z
1343 4342 1382 4396 et
1405 4327 1528 4414 posui!

350 4439 513 4498 Doudoua
528 4441 563 4496 tn
578 4458 616 4497 eo
632 4442 899 4518 iniquitatem,
923 4436 942 4502 i.
961 4459 989 4502 c.
1006 4459 1128 4522 poenas
1144 4439 1353 4523 iniquitatum,
1376 4447 1517 4504 omnium

350 4546 1088 4628 nostrum.-Propterscetuopoputi
1109 4557 1179 4610 mei
1212 4550 1360 4632 (utillud
1384 4548 1510 4635 explete!
1578 4544 1585 4558 ‘

352 4654 492 4732 aboleat)
522 4661 710 4733 percussi
740 4677 823 4719 euin
856 4655 1003 4737 (excisus
1024 4663 1100 4738 est).
1132 4697 1176 4707 -
1208 4661 1503 4743 Sipoauerttprl

352 4806 568 4822 *nn—-

463 4878 491 4954 ¹)
508 4873 621 4958 Ephas.
638 4868 670 4959 5,
685 4866 717 4938 2.
