3775 5625
1465 402 1533 469 443

346 567 407 631 bus
424 564 594 641 nostris1).
618 568 680 631 Per
698 567 818 630 lontem
836 578 938 630 autem
956 565 1143 653 intelligitur
1164 567 1278 652 aliquid
1295 589 1485 653 permanens
1502 580 1535 633 et

344 675 462 748 lixum3
495 688 527 739 et
558 675 631 738 hinc
652 675 757 761 gratia
779 675 831 739 illa
852 678 948 740 modo
970 676 1168 760 permanenti
1191 677 1284 741 nobis
1308 678 1415 742 inesse
1431 680 1534 751 debet,

347 786 432 862 unde
464 785 563 849 lluarn
594 784 652 847 rivi
684 785 840 848 bonorum
867 806 1000 869 operum
1023 785 1172 850 salientes
1194 784 1226 849 in
1249 786 1345 851 vitam
1362 799 1533 851 aeternam.

344 893 469 957 Deinde
501 896 599 958 verba
622 896 641 957 J
647 894 801 958 oannis:
829 899 957 974 Omnis,
977 904 1031 977 qui
1046 906 1147 983 nqeue
1163 907 1214 960 eat
1229 920 1273 960 aa·
1289 900 1359 961 Deo
1367 945 1378 977 ,
1397 897 1416 962 i.
1434 918 1460 961 e.
1480 896 1532 982 qui

339 1002 539 1086 justificatus
557 1017 616 1078 est,
630 1014 800 1086 peccalum
814 1028 881 1067 noo
894 1010 995 1084 saell:
1013 1013 1166 1087 quoniam
1182 1029 1310 1069 semen
1325 1014 1444 1088 ipsius,
1460 1027 1534 1092 gra·

344 1111 390 1180 tia
406 1112 552 1177 videlicet
568 1114 683 1188 divina,
700 1136 741 1178 cx
761 1136 819 1199 qna
836 1115 931 1178 veluti
957 1115 1091 1177 coelesti
1114 1115 1236 1179 semine
1258 1117 1409 1199 pullulent
1431 1116 1534 1180 omnis

344 1223 478 1309 generis
495 1223 638 1297 virtutes
654 1233 694 1285 in
710 1247 750 1287 eo
767 1230 939 1302 monet2).

453 1337 482 1394 b.
514 1334 600 1396 ldem
622 1346 727 1397 autem
749 1335 833 1397 clare
857 1353 982 1418 quoque
1005 1334 1214 1419 cognoscitur
1240 1356 1282 1398 ex
1304 1334 1452 1398 omnibns
1473 1334 1535 1397 illis

346 1439 461 1514 effatis,
478 1442 591 1525 quibus
609 1444 798 1516 declaratur,
816 1455 949 1526 propter
965 1444 1100 1529 gratiam
1112 1445 1351 1529 justificantem,
1370 1444 1536 1508 nobiscnm

347 1549 624 1624 communicatam,
650 1550 802 1634 Spiritum
819 1556 853 1615 S.
870 1573 943 1615 esse
962 1550 1095 1616 effusum
1113 1553 1144 1616 in
1162 1553 1313 1617 cordibus
1331 1553 1462 1627 nostris,
1480 1575 1535 1616 no·

345 1658 397 1724 bis
428 1658 603 1741 inhabitare
633 1674 685 1724 aut
707 1661 868 1738 inesse³lz
902 1683 962 1725 nos
990 1664 1105 1746 templa
1123 1662 1227 1743 Dei⁴)‚
1261 1665 1377 1747 templa
1394 1662 1534 1747 Spiritus

347 1772 426 1842 S.⁵),
443 1770 585 1834 membra
601 1771 720 1834 Christi
737 1791 811 1834 esse
824 1772 860 1845 ⁸),
879 1771 1040 1835 Christum
1056 1772 1198 1836 induisse
1212 1774 1255 1850 ⁷),
1272 1793 1345 1836 esse
1364 1783 1535 1835 consortes

347 1889 479 1941 naturae
497 1878 667 1955 divirrae⁸).
694 1882 779 1957 Quae
798 1879 903 1943 omnia
919 1880 1086 1945 rnanileste
1110 1883 1148 1944 dc
1172 1894 1255 1945 statu
1273 1881 1394 1944 atrimae
1411 1899 1535 1964 perma-

345 1985 445 2058 nenti,
462 2007 659 2071 nequaquam
675 2000 780 2051 autem
797 1990 835 2051 de
853 1989 976 2053 actibus
994 1990 1232 2054 transeuntibus
1259 2012 1315 2075 per
1333 1988 1485 2073 Spiritum
1503 1991 1536 2051 S.

346 2093 379 2157 in
398 2093 490 2157 nobis
507 2094 654 2159 excitatis
671 2096 773 2180 accipi
790 2110 934 2180 possunt.
954 2098 1097 2161 Tandem

457 2228 482 2266 c.
501 2218 704 2288 comparatur
724 2206 755 2268 iu
782 2210 815 2270 S.
838 2206 1004 2290 Scriptura
1028 2207 1133 2294 gratia
1150 2207 1334 2292 justificans
1357 2230 1428 2271 cnm
1445 2218 1537 2270 veste

347 2312 478 2397 nuptiali
490 2315 526 2393 ⁹),
559 2315 680 2378 semine
693 2318 741 2397 ¹⁰),
772 2315 878 2402 sigillo
893 2318 942 2394 ¹¹),
968 2317 1179 2396 unctioue¹²),
1202 2318 1404 2403 pignore¹³);
1422 2315 1536 2399 quibus

348 2421 606 2487 similitudinibus
623 2425 743 2508 pariter
759 2426 960 2488 solummodo
978 2425 1104 2489 allectio
1122 2425 1217 2489 animi
1234 2425 1389 2489 stabiliter
1406 2446 1538 2488 manens

352 2531 481 2596 minime
499 2555 576 2597 vero
594 2546 684 2597 actus
703 2534 862 2598 transiens
880 2535 1075 2621 designatur.

458 2664 498 2722 B.
515 2663 679 2725 Accedunt
695 2661 878 2726 testimonia
901 2666 961 2727 SS.
981 2665 1074 2727 Patr
1086 2686 1158 2737 um,
1181 2662 1231 2747 qui
1253 2662 1327 2726 licet
1348 2683 1411 2724 non
1429 2672 1538 2744 aperte

348 2759 515 2835 nominent
547 2772 687 2836 habitum
712 2774 761 2836 vel
786 2772 978 2859 qualitatem,
997 2771 1108 2837 'tamen
1130 2772 1174 2837 ita
1195 2794 1265 2837 rem
1287 2770 1488 2844 describunt,
1505 2782 1540 2833 nt

348 2903 450 2968 parvo
464 2882 798 2970 negotiointelligatur
810 2883 1015 2960 ,sententiam
1033 2896 1176 2947 nostram
1192 2904 1266 2947 esse
1279 2880 1469 2946 testimoniis
1486 2901 1539 2943 ve·

348 3005 454 3056 terum
466 2991 673 3056 conformem.
692 2993 746 3056 Sic
757 2995 846 3056 lren
856 3013 951 3057 aeus
969 2992 1090 3066 scribit,
1100 3014 1157 3076 per
1168 2990 1432 3077 justificationem
1440 2989 1538 3073 Spiri-
1629 2999 1633 3008 ‘

350 3115 418 3165 tum
429 3105 462 3165 S.
474 3102 596 3166 animae
609 3103 810 3167 commisceri
827 3102 905 3167 etin
922 3102 1026 3166 anima
1036 3100 1212 3180 efformet),
1231 3112 1324 3186 atque
1341 3099 1470 3183 saepius
1488 3121 1538 3164 as·

352 3224 501 3284 severat,
533 3211 694 3275 hominem
730 3213 906 3296 perlectum
938 3212 987 3276 bis
1027 3212 1127 3276 tribus
1172 3223 1342 3283 constare,
1388 3230 1539 3292 corpore,

351 3320 466 3395 anima,
483 3333 516 3384 ct
537 3321 688 3405 Spiritu
704 3321 791 3396 Dei,
809 3322 916 3396 idest,
934 3321 1027 3385 donis
1044 3333 1075 3384 et
1091 3320 1195 3408 gratia
1213 3319 1351 3405 Spiritus
1369 3324 1418 3391 S.;
1448 3340 1540 3403 quam

350 3451 393 3494 ex
409 3433 442 3494 S.
459 3431 621 3496 Praesulis
638 3431 795 3496 sententia
816 3454 885 3495 rem
909 3444 1149 3516 permanentem
1170 3451 1263 3505 esse,
1280 3430 1436 3494 vocabula
1452 3450 1539 3493 com-

349 3539 514 3605 mixtionis
531 3555 564 3605 et
583 3541 767 3616 infusionis,
799 3554 891 3627 atque
908 3541 1079 3625 praecipue
1096 3542 1172 3616 hoc,
1190 3528 1278 3626 ¹quod
1301 3539 1343 3604 sit
1359 3538 1449 3624 quasi
1465 3559 1540 3622 pars

349 3649 489 3714 bominis
507 3652 683 3716 luculenter
701 3654 930 3717 demonstrant.
955 3651 1121 3716 Basilius
1138 3651 1192 3726 ait,
1209 3651 1292 3714 sicut
1308 3649 1372 3712 vim
1389 3647 1541 3712 cernendi

459 3874 484 3953 1)
501 3873 547 3934 Of.
572 3871 705 3952 Oyrill.
738 3877 779 3933 In
800 3875 893 3934 Joon.
916 3876 1078 3947 4,10.14.
1121 3872 1199 3952 Opp.
1218 3872 1256 3931 T.
1273 3869 1303 3931 4.
1321 3891 1352 3949 p.
1371 3866 1445 3931 180.
1465 3866 1540 3930 182.

350 3965 554 4044 Theophil.
587 3965 621 4024 in
651 3967 671 4026 l.
703 3968 732 4025 b.
766 3964 843 4045 Opp.
878 3965 916 4025 Τ.
951 3961 979 4027 l.
1010 3985 1041 4044 p.
1074 3960 1150 4026 554.
1182 3961 1302 4023 Basil.
1335 3965 1376 4020 In
1406 3963 1460 4020 Ps.
1491 3961 1541 4021 45.
1638 4035 1640 4039 Ι

350 4078 381 4116 n.
398 4059 493 4116 4-5.
528 4054 610 4136 Opp.
628 4057 667 4117 Τ.
687 4054 715 4117 1.
733 4078 763 4137 p.
782 4053 845 4117 173
862 4076 886 4118 s.
904 4055 1101 4136 Chrysost.
1134 4057 1223 4115 Hom.
1240 4057 1290 4113 32.
1308 4052 1343 4111 in
1354 4054 1445 4112 Joan.
1463 4071 1492 4112 n.
1511 4055 1541 4112 2.

350 4146 432 4228 Opp.
451 4144 490 4211 T.
508 4147 538 4210 8.
556 4170 586 4227 p.
606 4143 680 4208 185.
710 4144 878 4208 Ambros.
904 4149 956 4206 De
972 4146 1055 4221 Spin.
1074 4145 1106 4207 S.
1125 4148 1144 4207 l.
1162 4150 1190 4208 1.
1208 4166 1232 4209 e.
1250 4148 1298 4204 16.
1316 4165 1346 4204 n.
1365 4145 1434 4204 180.
1461 4141 1540 4222 Opp.

350 4241 392 4300 T.
418 4235 451 4300 2.
476 4259 501 4297 c.
531 4236 607 4300 632.
641 4275 683 4284 -
717 4237 742 4317 ²)
766 4236 794 4300 1.
817 4237 908 4297 Joan.
926 4234 957 4306 3,
975 4234 1005 4298 9.
1039 4273 1079 4282 -
1113 4243 1144 4310 ³)
1161 4237 1224 4296 Tit.
1242 4234 1274 4310 3,
1293 4233 1322 4296 6.
1354 4235 1442 4294 Rom.
1461 4232 1492 4305 8,
1510 4229 1541 4296 9.

352 4327 517 4398 1.Cor.3,
537 4327 636 4404 16.6,
655 4327 706 4391 19.
740 4366 781 4374 -
814 4326 1023 4409 4)1.Οοτ.3,
1043 4327 1094 4392 16.
1119 4363 1162 4373 -
1194 4321 1541 4401 ⁵)1.0or.6,19.-

352 4418 380 4505 6)
401 4420 429 4485 1.
447 4419 517 4481 Oor.
535 4417 565 4501 6,
585 4418 636 4482 15.
656 4456 697 4464 —
719 4421 743 4497 ²)
761 4421 831 4483 Gal.
849 4415 880 4490 3,
898 4416 952 4481 27.
974 4456 1018 4464 -
1041 4414 1067 4504 8)
1084 4417 1114 4481 2.
1132 4419 1215 4478 Petr.
1236 4416 1264 4492 1,
1283 4416 1312 4479 4.
1330 4416 1418 4491 -·⁹)
1436 4413 1541 4475 Matth.

350 4510 407 4590 22,
426 4509 537 4574 11.-
560 4511 599 4592 ¹⁰)
619 4510 756 4573 1.J0an.
774 4509 804 4585 3,
822 4507 974 4595 9.—¹¹)
989 4511 1103 4589 Ephes.
1123 4507 1151 4590 l,
1172 4507 1221 4570 13.
1241 4506 1270 4570 2.
1289 4507 1359 4571 Oor.
1380 4506 1409 4578 l,
1426 4503 1480 4566 21.
1500 4540 1539 4549 —

354 4599 396 4687 ¹²)
412 4600 443 4664 2.
461 4601 531 4666 Cor.
551 4600 580 4672 1,
598 4600 651 4667 21.
683 4638 726 4648 -—
760 4603 802 4680 ¹³)
819 4602 934 4681 Ephes.
954 4598 982 4677 l,
1002 4599 1053 4665 14.
1070 4599 1101 4663 2.
1120 4599 1189 4661 Oor.
1209 4597 1238 4674 1,
1255 4597 1308 4662 22.
1327 4634 1369 4644 -·
1388 4599 1430 4674 ¹⁴)
1456 4596 1540 4655 Oont.

350 4698 436 4756 baar.
468 4696 486 4758 l.
514 4697 543 4755 5.
570 4715 594 4755 c.
621 4697 649 4754 6.
675 4715 706 4755 n.
729 4698 757 4757 1.
782 4715 811 4774 p.
838 4690 915 4754 299.
937 4714 962 4754 c.
990 4690 1020 4755 2.
1056 4693 1131 4752 Com
1154 4698 1251 4752 numm
1268 4689 1437 4768 Spiritus
1454 4707 1540 4746 eom·
1644 4738 1648 4748 .

348 4786 493 4845 mixtus
524 4784 643 4844 aretinae
658 4784 936 4859 unilnrploamatl,
968 4783 1344 4862 propter-effosionem
1365 4778 1541 4854 Spiritus

351 4877 529 4953 spiritualis·
561 4884 587 4935 et
616 4878 769 4954 perfectus
794 4879 880 4936 tono
895 4877 1003 4953 factus
1026 4883 1076 4936 est.
1109 4874 1288 4945 Etttcest,
1310 4871 1542 4955 pulsanensium

351 4968 514 5047 imapinem
529 4975 558 5029 at
572 4966 803 5029 similitudinem
812 4968 922 5048 factus
938 4974 983 5028 eat
996 4966 1069 5034 Dei.
1118 4992 1120 4996 ·

1582 4924 1627 5044 Δ
