3775 5625
1465 406 1533 485 stt

343 581 403 654 sed
428 605 499 675 qua
522 585 674 653 firmum
702 603 906 652 assensum
922 578 1170 671 praehetils,
1187 597 1320 671 qrraea
1345 577 1426 649 Deo
1444 568 1552 649 sunt

344 700 519 763 revelata
543 720 587 764 ac
612 697 823 783 promissa,
849 696 1055 782 imprimis,
1082 694 1311 779 justificari
1343 694 1535 760 homiuem

343 807 476 895 gratia
490 808 563 872 Dei
579 819 744 893 propter
761 806 901 871 merita
918 804 1075 871 Christi.
1114 805 1197 868 Dum
1214 825 1295 891 ergo
1311 806 1534 870 Protestantcs

345 918 506 1002 objectum
526 916 600 982 lidei
621 917 823 1003 restringunt
843 917 882 981 ad
905 916 1007 980 solam
1023 913 1272 1000 promissionem
1294 913 1534 979 misericordiae

344 1027 511 1111 specialis,
538 1025 687 1092 Ecclesia
703 1039 767 1092 tum
783 1028 844 1090 late
862 1046 932 1090 eam
948 1038 1059 1110 patere
1076 1024 1156 1098 vult,
1173 1044 1266 1109 quam
1283 1024 1344 1088 lete
1361 1035 1448 1107 patet
1464 1037 1533 1087 ver·

344 1138 421 1200 hum
442 1138 515 1212 Dei,
547 1136 620 1223 quin
644 1136 750 1222 potius
775 1148 895 1201 certam
912 1134 1163 1220 promissionem
1186 1132 1335 1218 specialis
1350 1132 1534 1209 misericor·¹

344 1245 431 1320 diae,
453 1268 517 1311 uon
538 1259 602 1311 tam
625 1248 665 1310 ad
689 1245 794 1317 fidem,
827 1265 921 1329 quam
942 1245 982 1307 ad
1006 1241 1278 1328 praesumtionem
1300 1241 1462 1326 pertinere
1479 1244 1534 1306 do·

345 1363 446 1430 cet¹).
469 1358 600 1421 Praeter
616 1355 712 1419 iidem
729 1367 834 1419 autem
850 1355 954 1417 adhuc
970 1374 989 1417 e
1005 1351 1149 1418 Concilio
1165 1353 1383 1438 postulantur:
1407 1351 1536 1428 timor,

344 1485 389 1528 ex
404 1465 661 1531 consideratione
679 1463 803 1529 divinae
821 1463 965 1547 justitiae
988 1475 1082 1548 atque
1098 1460 1240 1547 peccatis
1258 1460 1441 1526 commissis
1458 1482 1535 1526 con·

344 1585 474 1658 ceptus3
500 1574 612 1639 deiude
636 1595 729 1659 spes
752 1572 943 1638 obtinendae
970 1571 1081 1637 veniae
1099 1572 1201 1636 aDeo
1226 1570 1476 1636 clementissimo
1495 1592 1536 1636 ac

344 1682 548 1747 misericordi
564 1686 605 1748 ob
622 1683 736 1748 merita
751 1684 830 1747 Jesu
846 1680 966 1748 Christi
975 1705 984 1755 ;
1007 1693 1072 1745 tum
1089 1680 1282 1755 charitas,
1304 1681 1417 1745 saltem
1432 1679 1534 1745 initia·

343 1791 403 1867 lis,
426 1813 487 1878 qua
514 1792 663 1857 nimirum
685 1793 801 1867 Deum,
823 1804 933 1877 utpote
955 1812 1013 1855 cns
1029 1789 1299 1875 perfectissimum
1316 1811 1354 1854 ac
1370 1789 1534 1854 sanctissi-

343 1924 446 1976 mum,
471 1924 569 1987 super
587 1903 693 1968 omnia
708 1914 841 1987 propter
858 1901 1066 1987 semetipsum
1084 1900 1217 1988 diligere
1233 1898 1420 1985 incipimus3
1443 1911 1535 1985 atque

345 2012 556 2087 contritio,
573 2034 615 2077 ex
631 2015 692 2077 hac
708 2010 861 2077 charitate
882 2010 1112 2096 proficiscens,
1135 2031 1193 2074 seu
1215 2009 1321 2074 odium
1344 2030 1382 2074 ac
1399 2010 1535 2074 detesta-

345 2121 392 2186 tio
409 2134 615 2206 peccatorum
646 2121 875 2196 admissorum,
897 2143 970 2185 cmn
992 2120 1159 2205 proposito
1178 2124 1419 2186 Sacramentum
1435 2119 1536 2184 susci-

316 2297 318 2299 ,
345 2232 470 2317 piendi,
509 2245 602 2318 atque
642 2230 808 2296 meliorem
846 2230 944 2297 vitam
982 2230 1153 2295 inchoandi
1185 2242 1217 2295 et
1247 2232 1393 2296 mandata
1433 2227 1538 2294 divina

345 2342 505 2406 servandi.

456 2471 558 2549 Quum
583 2470 763 2535 Concilium
788 2469 884 2533 fidem
906 2468 1044 2544 initium,
1076 2469 1315 2532 fundamentum
1340 2488 1379 2532 ac
1394 2465 1538 2531 radicem
1613 2454 1615 2457 ’

340 2578 583 2665 justificationis
602 2601 676 2645 esse
693 2580 787 2655 dicat,
804 2600 901 2666 quae,
917 2579 1012 2643 nullis
1029 2600 1141 2642 eorum
1157 2578 1280 2642 meritis
1296 2576 1538 2651 exsistentibus,

345 2690 401 2775 qui
425 2701 598 2764 vocantur,
624 2691 732 2754 datur:
758 2701 860 2774 patet,
891 2688 967 2752 illud
990 2687 1156 2772 operibus,
1189 2708 1269 2773 quae
1294 2687 1345 2751 vel
1361 2686 1537 2751 secuudum

345 2800 453 2886 legem
484 2800 660 2864 naturalem
694 2801 744 2864 vel
777 2799 936 2886 antiquam
967 2798 1036 2863 sine
1058 2797 1120 2862 fide
1137 2796 1257 2862 fiebant
1277 2808 1331 2861 aut
1347 2794 1443 2871 liunt,
1475 2795 1538 2860 vim

345 2907 509 2973 hominem
535 2908 748 2993 justificandi,
784 2908 879 2973 etiam
916 2906 1118 2992 dispositive¹
1140 2907 1308 2984 duntaxat,
1344 2908 1460 2971 nullam
1492 2918 1536 2971 at-

347 3017 500 3083 tribuere.

457 3148 560 3211 Porro
577 3145 807 3230 dispositiones
824 3146 895 3210 illae
909 3166 951 3210 ex
966 3158 1073 3210 mente
1083 3143 1227 3218 Consilii,
1245 3145 1338 3230 quod,
1355 3156 1391 3208 ut
1406 3143 1541 3208 vidimus

348 3253 488 3319 definitis
508 3255 615 3320 verbis
638 3254 825 3330 declaravit,
841 3253 915 3318 nihil
933 3275 1056 3329 eorum,
1073 3273 1152 3339 quac
1163 3251 1426 3337 justificationem
1447 3274 1540 3339 prae-

349 3365 475 3439 cedant,
492 3364 560 3429 sive
577 3364 672 3428 fidem
689 3362 756 3428 sive
774 3384 882 3448 opera,
898 3363 1002 3448 ipsam
1012 3361 1254 3448 justificationis
1266 3362 1403 3449 gratiam
1413 3361 1542 3438 mereri,

348 3485 472 3536 tanturn
502 3484 724 3558 exposcuntur
745 3474 785 3536 ad
810 3471 1038 3556 impedimenta
1062 3471 1155 3554 hujus
1184 3470 1308 3557 gratiae
1340 3472 1542 3547 removenda,

350 3603 416 3646 non
432 3593 538 3645 autem
554 3603 592 3645 ae
608 3581 636 3647 si
651 3581 722 3645 illae
737 3582 875 3646 habeant
905 3579 1063 3644 rationem
1084 3577 1189 3643 meriti
1209 3578 1340 3665 proprie
1366 3580 1457 3655 dicti,
1474 3601 1543 3656 seu,

349 3704 385 3756 ut
399 3693 587 3777 loquuntur,
610 3690 716 3756 meriti
737 3693 777 3756 de
801 3689 982 3777 condigno,
999 3701 1137 3775 suntque
1153 3689 1282 3753 nonnisi
1299 3689 1455 3765 conditio,
1472 3689 1541 3754 sine

349 3823 412 3887 qua
427 3822 491 3865 non
507 3801 680 3866 infunditur
697 3801 812 3888 gratia,
829 3814 862 3866 et
878 3821 960 3886 quae
976 3820 1036 3864 nos
1053 3798 1176 3865 habiles
1193 3821 1230 3864 ac
1245 3799 1362 3886 dignos
1374 3796 1412 3863 eal
1428 3818 1542 3863 conse·

350 3909 476 3997 quendd
491 3911 606 3986 reddit,
623 3932 682 3976 seu
699 3913 804 3975 solum
820 3912 939 3976 habent
955 3909 1113 3974 rationem
1130 3908 1250 3984 meriti,
1270 3910 1355 3993 quod
1370 3919 1488 3971 vocant
1504 3908 1543 3972 de

352 4041 511 4107 congruo,
527 4019 597 4085 sive
612 4020 857 4107 impetrationis.

461 4165 590 4253 Requiri
622 4179 726 4231 autern
757 4163 1036 4252 praeparationem
1060 4164 1142 4233 hauc
1164 4174 1286 4231 tautum
1301 4160 1334 4231 in
1350 4163 1481 4245 adultis,
1504 4190 1545 4234 ex

353 4274 485 4341 disertis
517 4276 626 4341 verbis
650 4276 773 4362 Synodi
790 4277 892 4341 allatis
911 4276 1138 4364 cognoscitur,
1159 4298 1219 4341 nee
1239 4298 1303 4340 non
1320 4297 1361 4341 ex
1376 4278 1469 4363 praxi
1483 4279 1545 4344 Ec·

353 4385 472 4451 clesiae
503 4384 641 4451 infantes
673 4386 870 4471 baptizandi,
903 4409 984 4472 quos
1008 4387 1060 4452 illa
1086 4408 1201 4451 revera
1217 4385 1390 4471 justificari
1417 4409 1545 4473 semper

353 4495 503 4571 credidit,
526 4497 668 4582 quamvis
690 4496 947 4582 praeparationis
972 4497 1076 4562 omnis
1099 4498 1165 4562 si'nt
1178 4497 1359 4583 incapaces,
1377 4499 1462 4563 clare
1480 4499 1544 4563 col·

353 4605 474 4694 ligitur.

470 4882 497 4962 ¹)
513 4883 558 4946 Cf.
574 4884 657 4949 Coss.
674 4886 703 4951 6.
720 4903 745 4948 ο.
762 4885 792 4948 9.
