3775 5625
1481 427 1547 494 393

344 602 492 677 peccato
509 611 630 664 sumus,
647 591 835 664 dominatur,
853 589 967 675 partim
982 591 1054 676 quia
1071 595 1195 678 culpam
1212 607 1304 680 atque
1321 615 1455 680 poenam
1473 615 1546 678 pec·

345 714 429 766 cato
464 714 660 766 corruactarn
693 714 812 766 tantum
844 701 895 764 ille
919 714 1028 784 potest
1043 703 1137 768 nobis
1154 705 1336 780 remittere,
1367 704 1420 790 qui
1437 717 1548 769 noster

348 813 463 876 ludex
494 811 684 884 exstiturus,
716 810 939 876 remissionem
963 812 1126 897 utriusque
1150 814 1243 879 nobis
1266 814 1458 899 promeruit,
1490 834 1548 878 seu

349 918 470 1005 paucis
491 941 555 983 uon
576 931 684 1004 potest
700 921 787 984 salus
803 919 834 982 in
853 920 946 984 nobis
964 922 1197 996 consummari,
1230 924 1290 988 nisi
1308 945 1365 1008 per
1380 946 1469 997 eum,
1496 922 1549 1008 qui

353 1030 440 1095 illam
458 1029 581 1114 coepit,
603 1029 758 1094 redemtio
779 1030 811 1093 in
830 1030 922 1094 nobis
939 1030 1067 1114 perfici,
1092 1031 1152 1095 nisi
1168 1053 1226 1116 per
1243 1053 1331 1107 eum,
1349 1033 1400 1118 qui
1417 1033 1500 1096 illam
1515 1031 1548 1095 in

355 1160 454 1204 eruce
472 1138 608 1225 peregit.

465 1250 526 1312 Est
540 1247 645 1332 itaque
662 1247 851 1332 justificatio
874 1270 932 1333 per
952 1250 1071 1323 Deum,
1094 1272 1153 1314 seu
1174 1251 1356 1316 adcuratius
1379 1252 1549 1336 loquendo,

354 1379 413 1443 per
431 1357 544 1422 Filium
560 1356 591 1420 in
609 1358 728 1442 Spiritu
745 1363 778 1422 S.
797 1359 908 1432 uoltis,
924 1359 1100 1444 etquidem
1117 1360 1281 1435 absolute,
1298 1362 1348 1425 vel
1365 1373 1398 1424 ut
1415 1361 1546 1425 Schola·

355 1466 430 1532 stici
446 1469 631 1553 loquuntur,
648 1469 842 1532 necessitate
863 1468 957 1531 medii
980 1469 1182 1544 necessaria,
1204 1470 1248 1535 ita
1265 1472 1397 1534 utnulla
1414 1491 1549 1553 prorsus

354 1598 456 1641 eausa
479 1578 517 1640 de
538 1576 590 1640 illa
611 1599 673 1640 nou
695 1577 849 1662 acquisita
874 1600 933 1641 nos
951 1599 1108 1642 excusare
1126 1591 1229 1664 queat.
1271 1579 1331 1658 Qui
1348 1579 1432 1643 eninr
1448 1580 1550 1643 Deum

353 1707 422 1749 non
445 1685 607 1759 dilexerit,
629 1708 687 1751 sen
710 1687 873 1771 adipsum
896 1709 1074 1751 conversus
1097 1710 1161 1752 non
1178 1688 1289 1762 luerit,
1306 1688 1337 1752 in
1355 1690 1425 1772 ejus
1442 1686 1549 1752 amici-

351 1794 434 1859 tiam
450 1794 560 1877 recipi,
577 1807 670 1879 atque
688 1816 759 1859 cunr
776 1817 816 1859 eo
833 1795 864 1858 in
881 1807 1046 1860 aeternum
1063 1797 1218 1884 conjungi
1235 1819 1297 1860 non
1315 1809 1432 1880 polest.

546 2045 571 2125 ς.
588 2038 944 2110 aeneasannos
963 2041 1143 2128 gratiae
1161 2040 1371 2111 actualis.

464 2236 595 2298 Praeter
612 2234 748 2321 gratiam
764 2247 869 2298 autern
886 2235 1139 2301 sanctificantem
1155 2235 1275 2301 homini
1290 2235 1422 2320 insuper
1446 2236 1550 2323 gratia

354 2342 493 2410 actualis
509 2355 557 2407 est
575 2344 771 2427 necessaria,
793 2365 854 2429 qua
875 2346 1001 2430 adjutus
1018 2348 1056 2411 ad
1068 2345 1331 2431 justificationem
1348 2366 1384 2409 se
1402 2344 1550 2429 disponat

354 2473 397 2518 ac
412 2465 592 2537 praeparet,
606 2444 732 2518 'fruetus
749 2456 892 2538 ejusdem
915 2456 1025 2530 faciat,
1048 2456 1126 2520 etin
1143 2468 1276 2540 accepta
1291 2453 1416 2538 justitia
1439 2477 1548 2539 perse·

354 2573 460 2626 veret.
499 2563 533 2624 ln
557 2564 755 2627 ostendenda
775 2564 875 2627 hacce
896 2563 1031 2628 veritate
1054 2564 1097 2628 ita
1114 2564 1330 2637 versabimur,
1354 2575 1389 2626 ut
1406 2563 1494 2648 prius
1510 2567 1548 2628 de

353 2670 551 2735 necessitate
569 2671 717 2755 specialis
733 2672 856 2759 gratiae
874 2672 998 2738 divinae
1016 2676 1054 2737 ad
1071 2673 1176 2765 lidem,
1192 2686 1225 2737 ot
1241 2672 1354 2764 deinde
1371 2673 1483 2738 adalia
1499 2695 1548 2738 sa·
1573 2683 1575 2687 ’

355 2778 472 2845 lunaria
488 2801 588 2865 opera
603 2779 810 2847 disseramus.

465 2897 490 2952 E
508 2895 801 2974 Pelagianorum
819 2897 981 2955 erroribus
998 2915 1089 2955 uuum
1101 2897 1272 2975 exstitisse,
1289 2915 1381 2971 posse
1398 2897 1549 2955 homiuem

357 3005 490 3063 eredere
506 3003 573 3061 sine
590 3004 719 3079 speciali
740 3005 800 3062 Dei
822 3005 943 3085 gratia,
965 3015 997 3065 et
1017 3006 1122 3065 eodem
1150 3024 1258 3064 errore
1277 3005 1500 3065 Cassianum
1517 3015 1550 3064 ot

356 3113 437 3173 alios
454 3114 598 3190 quosdam
626 3114 656 3171 iu
675 3114 794 3184 Gallio,
813 3115 863 3191 qui
885 3125 1051 3190 propterea
1067 3117 1215 3192 reliquiae
1232 3116 1470 3194 Pelagiauorum
1488 3102 1551 3175 dici

356 3232 539 3282 moruerunt
568 3224 678 3282 saltem
711 3233 838 3282 eatenus
855 3224 1029 3300 implicatos
1043 3225 1157 3294 luisse,
1190 3235 1339 3301 quatenus
1361 3235 1550 3294 statuerunt,

355 3333 477 3393 initium
503 3334 594 3401 fidei,
628 3343 658 3392 et
680 3333 750 3393 hinc
776 3334 867 3393 etiam
894 3336 1159 3410 perseverantiam
1181 3336 1211 3394 in
1233 3336 1292 3394 lide
1309 3337 1409 3394 aeolo
1427 3336 1549 3394 homine

356 3461 441 3512 esse,
459 3461 554 3518 supra
564 3443 629 3517 jam
647 3444 963 3503 commemoravimus.

468 3549 532 3612 Sed
549 3570 612 3611 non
631 3561 682 3612 est
701 3546 845 3622 difficile,
867 3547 1065 3633 praedictum
1086 3570 1231 3613 errorem
1256 3570 1298 3613 ex
1323 3548 1438 3614 divinis
1464 3548 1551 3614 Scri·

356 3657 461 3744 pluris
486 3671 518 3723 et
539 3657 725 3722 Traditione
751 3660 914 3733 refellere,
945 3671 1039 3743 atque
1061 3659 1239 3723 doctrinam
1260 3659 1447 3734 Ecclesiae,
1470 3680 1551 3745 quae

357 3768 474 3842 tradit,
494 3767 657 3833 hominem
680 3768 749 3832 sine
766 3768 990 3853 praeveniente
1009 3768 1148 3854 Spiritus
1170 3772 1204 3833 S.
1225 3768 1436 3855 inspiratione
1458 3781 1552 3855 atque

359 3880 430 3965 ejus
456 3879 614 3962 adjutorio
637 3879 769 3943 credere
792 3901 854 3942 non
877 3899 990 3963 posse,
1022 3881 1165 3965 adeoque
1188 3891 1254 3943 tum
1276 3881 1316 3943 ad
1336 3878 1462 3943 initium
1477 3877 1551 3943 fidei

358 3998 425 4053 mm
442 3988 481 4051 ad
498 3987 772 4072 perseverantiam
793 3987 825 4050 in
845 3988 907 4052 lide
930 3988 1061 4073 speciali
1077 3988 1137 4052 Dei
1159 3987 1370 4053 illustratione
1387 4001 1481 4073 atque
1498 3989 1552 4052 ad-

355 4094 477 4183 jutorio
493 4095 648 4181 indigere.
688 4095 877 4182 intelligitur
898 4110 1003 4161 autem
1020 4096 1117 4171 lidos,
1141 4119 1221 4182 quae
1242 4109 1293 4161 est
1308 4094 1551 4181 justificationis

360 4205 452 4271 radix
474 4217 506 4268 et
521 4204 774 4278 fundamentum,
807 4226 868 4290 qua
888 4205 1013 4271 scilicet
1034 4206 1144 4291 expia
1164 4207 1298 4291 quadarn
1323 4203 1495 4269 voluntatis
1517 4203 1548 4268 in

359 4316 462 4380 Deum
476 4313 681 4379 inclinatione
698 4314 814 4389 omnia,
831 4337 1037 4402 quaecunque
1054 4318 1195 4380 revelata
1211 4327 1301 4389 sunt,
1323 4334 1381 4381 seu
1398 4313 1550 4379 veritates

360 4424 483 4491 divinae
514 4437 647 4509 propter
679 4425 902 4490 auctoritatem
928 4426 988 4490 Dei
1011 4425 1181 4491 revelantis
1202 4424 1295 4489 lirmo
1322 4445 1360 4489 ac
1375 4422 1552 4487 indubitato

358 4554 498 4599 assensu
530 4535 713 4617 probantur.
764 4534 947 4598 Solenniter
978 4535 1156 4600 doctrinam
1189 4535 1269 4598 hano
1299 4531 1447 4599 Ecclesia
1477 4544 1552 4616 post

358 4643 472 4710 Cone.
489 4643 773 4707 Arausicanum
791 4644 828 4707 ll.
846 4664 873 4706 a.
884 4642 960 4708 529.
979 4643 1120 4708 delinivit
1135 4644 1165 4706 in
1185 4643 1300 4708 Cone.
1318 4640 1552 4706 Tridentino

358 4765 524 4819 statuens:
550 4755 714 4816 Declarat
723 4763 903 4835 praetcrea
917 4757 969 4830 (S.
989 4755 1172 4838 synodus),
1188 4757 1554 4834 ipsimjootlfloationis

358 4867 536 4927 exordium
551 4870 586 4924 in
603 4866 728 4926 adultis
745 4887 766 4924 a
782 4865 846 4925 Dea·
858 4886 922 4947 per
941 4865 1109 4928 Christum
1132 4864 1251 4927 «lesum
1272 4869 1553 4947 praeveniente
