3775 5625
355 423 400 489 42

353 591 483 656 dubium
498 602 647 656 vocetur:
673 588 753 654 satis
770 589 832 654 erit
850 589 953 676 aliqua
969 592 1172 656 solummodo
1195 590 1382 657 testimonia
1398 594 1554 680 allegare.

351 699 531 787 thuidem
543 702 644 765 verba
661 698 811 766 Christi
827 702 910 785 apud
925 701 1155 766 Matthaeum
1171 715 1249 767 nota
1265 715 1357 768 sunt:
1372 706 1492 768 Nolite
1507 710 1555 767 tt·

351 832 441 874 mere
460 831 534 891 eoa,
557 818 613 893 qut
630 814 939 891 occidantoorpua,
966 817 1131 874 animam
1153 820 1263 875 autem
1286 833 1364 876 non
1376 822 1558 894 possunt

353 925 555 984 occidere:
578 925 649 983 aed
664 928 806 1002 potius
827 928 957 983 timete
973 943 1072 1001 eum,
1095 928 1160 1003 qut
1172 929 1311 1003 potest
1329 930 1557 999 stantarum

352 1039 391 1094 et
405 1052 551 1113 corpus
564 1033 736 1112 perdere
752 1038 793 1092 in
807 1031 1069 1110 paternum).
1086 1067 1131 1077 -
1148 1030 1250 1109 Quum
1273 1029 1459 1096 Christus
1482 1032 1554 1097 Do·

350 1140 475 1205 minus
499 1138 532 1203 in
556 1151 665 1204 monte
682 1138 988 1225 transfiguraretur,
1008 1151 1077 1203 tres
1095 1138 1241 1224 discipuli
1256 1140 1388 1215 Petrus,
1405 1142 1556 1207 loannes

351 1262 384 1316 et
399 1250 552 1324 lacobus,
568 1261 604 1312 ut
621 1261 688 1313 tres
704 1247 832 1333 priores
848 1247 1078 1335 Euangelistae
1094 1248 1239 1312 referunt
1251 1250 1288 1328 ²),
1305 1264 1559 1335 conspexerunt

350 1361 511 1444 Moysen
528 1371 561 1424 et
575 1357 715 1434 Eliam,
731 1357 784 1444 qui
802 1378 874 1422 oum
890 1359 971 1422 lesu
986 1358 1208 1443 loquebantur.
1225 1396 1269 1407 -
1285 1359 1320 1423 ln
1332 1359 1480 1444 pluribus
1498 1381 1556 1447 pa·

351 1468 474 1533 rabolis
496 1481 530 1532 et
550 1466 628 1532 alias
645 1466 849 1543 Christus,
865 1488 1007 1532 necnon
1023 1468 1204 1553 Apostoli
1219 1467 1351 1534 inlocis
1369 1471 1441 1534 lere
1456 1469 1556 1535 innu-

353 1577 453 1643 meris
486 1579 525 1642 de
556 1576 641 1641 felici
663 1589 695 1642 ct
719 1576 838 1641 infelici
864 1576 929 1641 vita
959 1589 1035 1661 post
1057 1589 1195 1641 mortem
1221 1575 1371 1663 eorporis
1397 1592 1505 1667 agunt
1518 1581 1557 1661 ⁸).

351 1688 443 1767 Quod
458 1686 530 1752 lieri
546 1708 611 1751 non
627 1686 739 1772 potuit.
757 1685 786 1750 si
802 1686 907 1751 anima
922 1698 999 1772 post
1014 1699 1152 1751 mortem
1169 1686 1319 1773 corporis
1340 1709 1406 1752 non
1424 1693 1557 1773 permass

350 1810 451 1863 neret.
476 1796 636 1882 Imprimis
653 1797 714 1860 buo
729 1794 868 1881 pertinet
883 1796 1037 1881 parabola
1054 1796 1093 1860 de
1110 1795 1206 1861 divite
1223 1797 1359 1882 epulone
1375 1809 1409 1862 et
1420 1796 1558 1864 Lazaro

350 1906 514 1981 mendico,
533 1906 567 1970 in
583 1927 645 1991 qua
660 1927 726 1970 non
740 1917 863 1970 tantum
880 1904 1068 1970 Christus
1083 1904 1242 1972 Dominus
1258 1907 1356 1971 tradit
1364 1906 1408 1986 ⁴),
1441 1908 1558 1974 statim

349 2028 426 2101 post
445 2028 585 2080 mortem
609 2013 740 2080 cuilibet
761 2027 900 2090 sortem,
921 2036 1014 2100 quam
1030 2013 1226 2100 promeruit,
1242 2014 1426 2103 assignari,
1443 2019 1509 2082 sed
1525 2031 1561 2084 et

351 2127 464 2201 docet,
488 2146 587 2211 quare
619 2124 749 2189 nuntius
771 2144 814 2188 ex
834 2124 934 2189 altera
953 2124 1018 2189 vita
1042 2145 1062 2189 a
1081 2123 1208 2189 nentina
1224 2137 1430 2189 mortuorum
1451 2145 1558 2213 expe-

259 2243 266 2250 '
351 2236 486 2300 claudus
503 2235 554 2300 sit.
571 2272 616 2283 -
632 2235 682 2299 Ad
698 2235 855 2298 latronem
875 2236 971 2318 juxta
986 2255 1023 2298 se
1038 2234 1071 2297 in
1088 2255 1186 2299 cruce
1201 2235 1396 2319 pendentem
1418 2234 1466 2299 ait
1483 2238 1559 2302 Sal·

349 2358 457 2410 vator:
488 2347 597 2425 Hodie
618 2366 743 2408 meeum
764 2351 833 2407 eris
852 2351 888 2407 tn
904 2348 1065 2426 paradiso
1073 2389 1085 2423 ,
1103 2343 1123 2409 i.
1140 2364 1167 2408 e.
1184 2343 1217 2406 in
1233 2364 1273 2409 ea
1291 2357 1384 2429 parte
1401 2344 1477 2410 orci
1495 2367 1560 2412 seu

347 2454 478 2531 inferni,
510 2454 729 2540 voluptatibus
761 2454 957 2528 abundante,
989 2474 1069 2538 quae
1095 2452 1221 2537 piarum
1241 2452 1424 2518 animarum
1452 2457 1560 2521 sedes

349 2562 437 2642 erat,
459 2564 610 2651 opposita
630 2564 813 2652 gehennae,
833 2562 887 2627 ubi
904 2583 924 2627 a
939 2561 1096 2627 damnatis
1117 2574 1269 2627 aeternae
1289 2583 1419 2648 poenae
1435 2577 1558 2649 petun-

350 2678 446 2756 tur⁵).
465 2676 616 2761 -Apud
633 2675 820 2738 loannem
840 2671 973 2759 legitur,
988 2671 1076 2747 illos,
1098 2671 1151 2757 qui
1164 2670 1264 2736 uitam
1288 2692 1380 2738 suam
1396 2673 1560 2763 reb'gioni

349 2807 546 2853 consecrare
563 2784 675 2861 nolint,
691 2795 857 2850 aeternam
872 2779 1057 2847 felicitatem
1072 2802 1244 2868 numquam
1260 2802 1334 2848 esse
1352 2798 1558 2851 consecutu-

348 2919 417 2974 ros,
433 2897 507 2962 illos
522 2918 623 2971 vero,
640 2895 693 2982 qui
709 2915 746 2959 se
762 2891 914 2980 religioni
931 2904 1145 2967 consecrent,
1171 2893 1370 2978 sempiterna
1385 2897 1560 2980 quondam

346 3007 543 3074 beatitudine
561 3004 683 3070 donari.
711 3004 776 3080 Qut
798 3011 889 3065 amat
908 3009 1051 3064 animam
1074 3023 1187 3082 auam,
1202 3006 1323 3083 perdet
1335 3024 1431 3083 eam
1448 3013 1488 3069 et
1502 3014 1562 3091 qut

347 3119 578 3183 oditantmam
603 3137 699 3178 auam
715 3121 751 3176 in
765 3119 827 3176 troc
843 3115 977 3192 mundo,
995 3118 1034 3173 tn
1049 3117 1166 3173 vitam
1187 3119 1390 3175 aeternam
1413 3124 1561 3180 austo-

346 3233 408 3292 dtt
421 3225 547 3305 eam‘).
582 3261 623 3272 -
654 3222 795 3288 Paulos
810 3240 890 3285 vero
908 3217 1039 3284 scribit:
1080 3219 1215 3283 Scimus
1230 3226 1327 3295 enim,
1345 3230 1514 3305 quonlam
1529 3233 1563 3290 at

346 3343 518 3404 terrestria
534 3339 653 3398 domus
667 3341 787 3396 nostra
801 3336 901 3410 liujus
916 3333 1132 3393 habitationis
1142 3333 1359 3412 desolantur,
1378 3337 1477 3415 quod
1492 3358 1559 3400 aa.

347 3451 630 3528 distentionem
660 3445 865 3522 babemus,
892 3443 1044 3502 domum
1064 3460 1140 3502 non
1159 3445 1462 3523 manufactam,
1491 3468 1561 3510 aa.

347 3567 499 3621 ternam
521 3562 562 3619 io
583 3552 755 3629 coelia⁷).
787 3552 891 3634 Atque
908 3549 1100 3614 loannes:
1131 3551 1339 3613 Etmuodua
1362 3558 1511 3631 tramit,
1529 3564 1565 3619 et

346 3668 613 3746 conmmendat
629 3665 712 3738 ejus.
747 3658 813 3734 Qus
830 3666 938 3720 autem
951 3663 1039 3739 facit
1052 3660 1251 3721 voluntatem
1266 3659 1344 3740 Dei,
1363 3672 1562 3728 manet-tn

345 3769 600 3848 aeternum⁸).
648 3769 735 3845 Quae
767 3766 866 3830 verba
897 3764 1007 3831 ultima
1029 3778 1140 3852 aperte
1164 3768 1204 3831 ad
1229 3766 1369 3833 animam
1390 3785 1560 3856 spectant,

345 3905 443 3972 quum
465 3899 586 3964 eorpus
613 3899 686 3942 cum
711 3876 830 3940 mundo
848 3887 1033 3941 transeunte
1049 3888 1207 3951 transeat,
1229 3888 1323 3962 atque
1341 3879 1417 3964 ejus
1435 3882 1557 3970 sempi-

345 4007 471 4059 ternam
496 3985 698 4052 durationem
722 3984 755 4048 in
772 3983 976 4069 oppositione
994 4006 1066 4065 curn
1081 3986 1180 4050 rebus
1197 3987 1370 4054 mundanis
1386 3991 1557 4075 pereunti·

344 4107 406 4169 bus
423 4110 514 4166 certo
531 4095 681 4161 indicant.
699 4132 741 4143 —-
758 4093 866 4157 Manet
880 4091 987 4177 itaque
1003 4095 1180 4159 secundum
1198 4098 1257 4159 SS.
1273 4095 1424 4165 Litteras
1448 4101 1558 4167 anima

344 4272 566 4290 W

457 4376 484 4451 ¹)
499 4373 608 4435 Maltb.
629 4368 679 4446 10,
697 4367 750 4432 28.
776 4404 818 4413 -
843 4368 867 4450 ²)
884 4367 991 4430 Mattb.
1010 4365 1061 4439 17,
1079 4364 1109 4429 3.
1127 4369 1223 4432 Marc.
1241 4368 1273 4453 9,
1291 4367 1323 4435 3.
1340 4372 1422 4434 Luc.
1440 4372 1481 4449 9,
1504 4372 1602 4446 30,

347 4466 467 4558 ⁸)Lue.
501 4462 555 4536 13,
592 4460 637 4525 22
668 4482 710 4525 ss.
742 4461 850 4520 Mattb.
882 4454 937 4535 25,
969 4456 1024 4522 46.
1055 4457 1147 4520 Joan.
1180 4458 1212 4536 3,
1247 4459 1300 4528 16.
1331 4463 1427 4528 Rom.
1465 4464 1500 4542 2,
1528 4465 1546 4530 ‘l
1570 4518 1602 4531 -

343 4562 442 4624 Habr.
466 4555 517 4632 11,
541 4553 594 4618 16.
619 4563 761 4616 ete..·-
800 4548 825 4631 ⁴)
842 4552 918 4611 Luc.
937 4547 988 4621 16,
1008 4545 1049 4611 19
1066 4569 1106 4611 ss.
1145 4586 1185 4598 -
1219 4551 1602 4632 2151521143,-

347 4653 372 4735 ⁵)
389 4645 536 4724 Lue23,
551 4643 607 4710 43.
625 4681 674 4705 -.
687 4642 712 4725 ⁸)
729 4643 824 4709 Joan.
843 4638 894 4715 12,
910 4637 964 4702 25.
982 4640 1026 4701 ot
1043 4639 1153 4702 Matth.
1173 4639 1224 4717 10,
1242 4641 1295 4707 39.
1316 4641 1371 4720 16,
1388 4643 1449 4710 25.
1460 4650 1602 4714 Mart:

343 4742 377 4819 8,
394 4739 449 4806 35.
465 4742 542 4805 Luc.
560 4736 590 4814 9,
607 4733 662 4800 25.
682 4732 733 4806 ll,
751 4729 805 4796 33.
826 4766 870 4778 -
897 4729 975 4810 ⁷)2.
993 4730 1062 4794 θον.
1080 4727 1110 4807 5,
1129 4730 1220 4796 1.-
1240 4731 1266 4819 ⁸)
1284 4731 1316 4799 1.
1333 4734 1432 4801 Joan.
1449 4738 1484 4816 2,
1504 4736 1602 4804 ῙΓΙ

345 4836 392 4901 cf.
411 4833 440 4898 1.
458 4834 542 4900 Patr.
560 4827 593 4902 4,
610 4827 642 4893 6.
