3775 5625
1472 394 1540 474 bib

345 564 522 657 Apostolos
539 569 762 638 affirmaverat.
787 573 821 636 ln
837 560 927 637 bisoe
944 559 1069 636 duobus
1092 563 1173 635 loeis
1191 564 1230 635 de
1247 564 1539 656 praedestinatione

347 686 387 748 ad
402 683 539 771 gloriam
556 704 665 748 sermo
682 696 743 748 est.
767 683 844 747 Dari
861 695 966 747 autem
983 680 1310 766 praedestinationem
1331 682 1370 745 ad
1391 682 1540 769 gratiam,

347 793 444 857 docet
460 795 647 878 Apostolus,
665 816 761 878 quum
777 792 907 857 scribit:
951 792 1043 867 Oscos
1066 801 1174 855 atatem
1199 795 1539 873 praedestinavit,

346 908 407 965 bos
423 912 457 965 et
472 911 617 966 sorevit:
648 913 681 966 et
694 925 777 986 quos
797 910 941 981 vocavit,
965 910 1026 965 bos
1048 910 1080 964 et
1100 906 1312 983 justificavit,
1334 924 1416 984 quos
1432 909 1541 965 uestem

336 1017 559 1094 jncsttfieasit,
592 1016 669 1075 illos
700 1023 734 1075 et
761 1015 967 1094 qlortfieasit,
991 1012 1010 1075 i.
1044 1033 1071 1075 e.
1098 1011 1263 1097 gloriosos
1296 1010 1394 1075 efficit
1406 1017 1442 1091 ¹).
1482 1012 1538 1073 Et:

345 1123 484 1200 Eleqtt
496 1144 560 1184 nos
575 1130 611 1184 iu
626 1130 697 1203 ipso
715 1130 808 1184 ante
824 1128 1156 1183 constitutionem
1172 1124 1321 1200 mundi,
1341 1129 1379 1183 ut
1394 1139 1541 1182 essemus

345 1239 473 1310 saneti,
496 1240 529 1293 et
551 1233 755 1293 immaculati
770 1238 804 1293 in
818 1238 992 1311 conspectu
1009 1236 1081 1309 ejtes
1097 1238 1131 1293 io
1147 1236 1330 1292 charitate:
1354 1238 1410 1312 qut
1422 1251 1540 1312 proe-

346 1342 479 1402 destiu
489 1348 573 1403 evit
593 1363 664 1403 uos
685 1348 720 1402 iu
736 1345 942 1421 adoptionem
956 1343 1101 1420 fitiorum
1114 1361 1174 1420 per
1188 1339 1307 1401 Jesum
1322 1333 1491 1401 Christum
1506 1346 1541 1401 iu

348 1455 457 1530 ipsam
474 1450 566 1534 (ipsi)
588 1454 805 1514 seeundum
818 1457 1135 1531 propositionem
1151 1451 1379 1511 voluntatis
1394 1449 1539 1527 suae²).

345 1558 447 1622 Prout
469 1578 550 1645 ergo
572 1559 661 1623 Deus
694 1560 869 1623 seeundum
901 1560 1065 1622 decretum
1096 1556 1268 1621 voluntatis
1297 1577 1375 1621 suae
1405 1556 1542 1643 largitur

345 1678 511 1731 aeternam
527 1666 721 1743 felicitatem,
742 1667 786 1731 ita
802 1666 924 1751 pariter
939 1667 1115 1731 seeundum
1132 1665 1301 1730 eonsilium
1323 1666 1467 1750 ejusdem
1483 1686 1538 1728 vo·

344 1774 474 1839 luntatis
491 1796 569 1840 suae
585 1775 808 1840 sanctissimae
819 1773 918 1860 justis
934 1774 1073 1862 gratiam
1091 1773 1322 1858 justificantem
1345 1793 1383 1839 ac
1399 1772 1539 1839 sanetifi-

346 1894 473 1947 eantem
498 1905 557 1949 seu
584 1885 789 1970 adoptionem
805 1883 943 1949 liliorum
960 1884 1118 1948 concedit.

452 1996 494 2057 B.
510 1995 601 2059 Hanc
616 1996 750 2060 eandem
766 1993 862 2059 fidem
878 2015 1008 2079 semper
1024 2013 1149 2080 quoque
1165 1994 1315 2080 professa
1340 2006 1391 2058 est
1406 1994 1538 2058 Eccle·

344 2101 417 2169 sia.
440 2103 522 2169 Hine
536 2105 805 2193 Augustinus,
822 2104 875 2191 qui
891 2107 973 2169 duos
990 2104 1090 2169 libros
1102 2105 1140 2168 de
1155 2105 1216 2168 hae
1232 2103 1367 2168 materia
1383 2106 1540 2168 adversus

346 2212 625 2301 Semipelagianos
648 2214 854 2301 conscripsit,
875 2213 1030 2279 affirmat:
1054 2217 1466 2277 Pruedests'uottoois
1479 2219 1539 2294 fi-

345 2323 446 2403 dem,
471 2346 556 2407 quae
577 2335 694 2389 eontra
711 2348 813 2390 nosos
828 2333 1013 2388 haereticos
1033 2346 1119 2387 nova
1138 2326 1361 2387 sollieitudine
1375 2345 1463 2387 noue
1479 2327 1540 2387 de·

341 2434 508 2514 sepelitur,
530 2457 729 2519 nunquam
759 2437 951 2506 Ecclesia
975 2435 1129 2498 curtati
1153 2456 1230 2497 non
1255 2436 1446 2514 uatum).
1472 2433 1537 2497 Ma·

343 2538 452 2626 gistro
469 2544 631 2608 consentit
643 2544 827 2630 discipulus,
844 2548 878 2608 S.
893 2546 1085 2628 Prosper,
1103 2543 1155 2629 qui
1171 2544 1231 2608 ait:
1249 2547 1539 2606 Praedesttna·

345 2656 497 2715 ts’ouem
520 2658 593 2718 Dei
614 2658 750 2718 uultus
775 2655 1010 2717 Oottsotieus
1026 2658 1190 2735 nepam).
1215 2654 1317 2738 Atque
1336 2651 1450 2717 Cone.
1468 2652 1536 2716 Va·

342 2756 533 2827 lentinum
555 2784 582 2828 a.
605 2762 680 2829 855.
704 2765 815 2829 habet:
840 2766 1034 2827 Fidenter
1055 2768 1237 2844 fatemur
1254 2766 1539 2845 proedestina-

349 2878 496 2935 tionem
517 2877 733 2937 electorum
760 2878 812 2937 od
829 2883 962 2951 sitem,
981 2883 1018 2936 et
1028 2876 1447 2955 praedestinationem
1468 2881 1540 2935 im-

344 2987 504 3061 piorum
521 2987 572 3046 ad
585 2988 793 3062 ruortemt).

462 3093 500 3155 0.
523 3092 667 3178 Denique
690 3092 807 3176 idjam
830 3114 872 3157 ex
892 3092 940 3171 rei
962 3105 1076 3156 natura
1092 3091 1279 3156 necessario
1298 3091 1475 3180 colligitur3
1498 3090 1539 3155 si·

347 3200 475 3286 quidem
492 3200 567 3265 nibil
583 3224 707 3278 eorum,
724 3223 803 3288 quae
820 3203 1023 3266 extraDeum
1039 3200 1199 3276 eveniunt,
1215 3201 1285 3265 sine
1301 3203 1463 3265 voluntate
1480 3200 1542 3264 Dei

349 3306 394 3372 lit.
420 3307 500 3373 Cum
514 3309 620 3396 itaque
637 3323 759 3376 certum
776 3311 834 3386 sit,
856 3306 930 3375 esse
947 3309 1109 3384 homines,
1126 3308 1242 3395 quibus
1258 3309 1393 3374 felicitas
1411 3321 1541 3373 aeterna

348 3430 444 3504 atque
464 3419 570 3506 gratia
590 3419 695 3485 divina
718 3420 898 3507 contingat,
918 3433 952 3484 et
972 3419 1049 3483 nibil
1065 3420 1096 3483 in
1113 3420 1231 3482 mundo
1248 3418 1364 3483 visibili
1387 3437 1486 3503 aeque
1503 3438 1542 3482 ac

348 3528 514 3606 invisibili,
536 3529 598 3595 nisi
613 3530 684 3594 Deo
701 3529 909 3614 disponente,
931 3528 1069 3594 accidat:
1103 3540 1226 3592 eertum
1242 3527 1364 3613 pariter
1380 3538 1449 3602 est,
1465 3525 1542 3590 illud

347 3636 421 3701 fieri
437 3659 479 3703 ex
494 3639 625 3704 decreto
643 3639 760 3714 divino,
777 3659 835 3703 seu
851 3658 925 3703 esse
950 3635 1276 3722 praedestinationem
1296 3638 1453 3701 bonorum
1475 3648 1541 3699 tum

349 3747 503 3812 advitam
519 3760 586 3813 tum
602 3750 641 3812 ad
658 3748 806 3836 gratiam.

349 3981 500 4069 §.12st
532 3986 674 4054 Nemo
706 3984 811 4054 sine
830 3981 1044 4070 speciosi
1084 3968 1375 4054 revelatione
1416 3979 1541 4052 seire

394 4096 629 4181 potestus
647 4112 736 4165 sua
751 4092 1187 4181 praedestinatione
1205 4096 1264 4164 ad
1288 4090 1495 4179 gloriam.

457 4301 584 4388 Dogma
600 4302 686 4366 istud
702 4299 889 4366 necessario
906 4321 948 4365 ex
964 4302 1114 4388 dogmate
1130 4321 1228 4384 supra
1242 4283 1473 4374 demonstrato,
1485 4316 1539 4363 ne·

349 4409 468 4474 minem
498 4412 536 4476 de
563 4433 622 4476 sua
643 4410 873 4496 justificatione
896 4424 1019 4476 eertum
1039 4431 1113 4474 esse
1130 4432 1228 4495 posse
1251 4409 1439 4474 certitudine
1456 4407 1541 4483 fidei,

350 4519 504 4606 sequitur.
1531 4524 1534 4528 ’

460 4765 487 4841 ¹)
504 4763 593 4823 Rom.
611 4759 641 4835 8,
658 4757 712 4823 30.
743 4796 788 4808 —
819 4761 845 4838 ²)
861 4760 979 4841 Ephea,
998 4759 1028 4836 1,
1044 4756 1144 4824 4—5.
1167 4797 1208 4806 -
1236 4756 1260 4845 ³)
1276 4760 1324 4820 De
1340 4759 1408 4820 dost.
1425 4777 1541 4838 perseo,

349 4873 375 4914 e.
392 4855 444 4916 23.
459 4873 491 4919 u.
507 4856 557 4917 65.
574 4850 654 4934 Opp.
673 4849 711 4914 T.
732 4849 785 4917 10.
802 4873 827 4912 e.
845 4849 920 4914 857.
955 4888 996 4898 -
1024 4850 1051 4930 ⁴)
1068 4855 1161 4932 Resp.
1179 4856 1220 4912 ad
1236 4856 1263 4915 1.
1281 4854 1339 4931 obj.
1358 4852 1475 4916 Ostur.
1492 4853 1540 4922 Ib,

349 4941 482 5028 append.
498 4965 523 5008 e.
542 4941 616 5009 197.
633 4978 675 4994 -·
693 4945 720 5028 ⁶)
741 4943 815 5009 Oen.
831 4946 861 5008 3.
877 4944 1011 5029 Manat,
1029 4943 1104 5009 eost.
1124 4945 1215 5008 Oeae.
1232 4944 1272 5008 Τ.
1291 4939 1343 5006 15.
1360 4965 1386 5010 e.
1402 4940 1434 5009 4.
