3775 5625
1453 474 1519 542 353

336 663 376 709 nc
403 643 569 710 Catholicu
599 642 744 708 doctrine
769 642 874 727 potius
898 642 978 706 hoec
1001 654 1061 716 est,
1087 640 1248 707 Christum
1273 640 1443 705 Dominum
1465 662 1529 706 non

336 753 464 839 quidem
496 755 600 840 quood
632 765 795 826 eventum,
828 764 931 815 tomen
953 752 1056 837 quood
1078 750 1295 826 intentionem,
1322 773 1385 815 uon
1407 762 1528 815 tuntum

336 883 398 949 pro
423 861 683 947 praedestinatis,
705 862 762 925 sed
784 882 843 946 pro
866 860 1014 924 omnihus
1040 859 1169 924 omnino
1187 880 1225 925 sc
1242 859 1378 947 singulis
1395 859 1529 925 homiui-

337 972 399 1034 bus
425 982 586 1034 mortuum
606 991 696 1044 esse,
718 982 811 1055 etque
834 967 1003 1057 sanguinis
1028 966 1077 1033 sui
1101 967 1237 1053 pretium
1253 967 1339 1034 Patri
1364 967 1529 1034 obtulisse.

338 1079 469 1144 Etenim

449 1211 488 1271 A.
507 1205 686 1272 Christus
718 1205 904 1270 Dominus
936 1204 1006 1290 ipse
1040 1206 1152 1279 docet,
1185 1203 1374 1269 sevenisse
1403 1206 1528 1270 salvare

338 1336 453 1381 omnes
469 1316 626 1391 homines,
643 1316 695 1402 qui
711 1316 887 1401 perierunt,
909 1327 1002 1400 atque
1020 1316 1147 1378 sPstre
1165 1316 1271 1378 dotum
1290 1335 1364 1379 esse
1385 1335 1445 1399 pro
1463 1298 1530 1377 uni-

338 1448 438 1492 verso
453 1446 574 1514 genere
592 1427 738 1489 humano.
785 1427 997 1507 Vennonius,
1015 1423 1135 1511 iuquit,
1151 1426 1261 1488 ditius
1277 1431 1433 1504 demiror,
1457 1427 1532 1487 sal·

337 1560 421 1601 vare
440 1540 530 1622 quod
547 1538 739 1619 perieram).
779 1535 944 1599 Perierunt
961 1547 1065 1599 autem
1087 1555 1207 1599 omnes.
1247 1536 1289 1598 Et
1310 1534 1442 1599 iterum:
1475 1534 1544 1597 Sic.

340 1649 462 1739 dilexi(
475 1649 568 1709 Deus
584 1650 768 1710 mundum
785 1651 905 1733 (genus
921 1646 1128 1724 humanum),
1150 1655 1188 1708 ut
1202 1647 1327 1708 Filium
1342 1653 1440 1708 suum
1456 1652 1533 1708 uni·
1563 1657 1566 1661 “

337 1764 484 1838 peritum
508 1761 603 1821 duret
624 1756 762 1839 (scilicet
784 1756 816 1819 in
837 1760 1004 1836 mortem):
1036 1765 1080 1819 ut
1103 1763 1245 1835 otonis,
1264 1762 1329 1839 qui
1348 1758 1482 1817 credit
1496 1762 1534 1817 in

339 1889 446 1947 eum,
465 1889 543 1930 non
554 1875 713 1949 pereat,
729 1870 804 1929 sed
816 1870 1096 1930 habeatvttam
1112 1874 1323 1929 oeternum.
1354 1868 1432 1928 Non
1448 1871 1533 1927 enim

339 1984 434 2040 misit
448 1981 541 2042 neus
557 1980 680 2041 Filium
695 2000 792 2041 suum
808 1986 843 2041 in
859 1981 1024 2062 reundum,
1040 1980 1216 2055 dijudicet
1229 1979 1384 2039 mundum
1391 2022 1402 2057 ,
1425 1977 1487 2037 red
1499 1983 1538 2038 ut

337 2091 490 2151 salvetur
506 2092 673 2152 muudus
684 2111 745 2170 per
761 2096 868 2171 ipsum
876 2094 914 2170 ²).
951 2091 1074 2153 Sensus
1092 2100 1222 2172 apertus
1239 2100 1299 2163 est,
1317 2085 1479 2152 Christum
1496 2106 1535 2148 eo

340 2197 480 2263 consilio
503 2197 598 2261 morti
619 2219 692 2263 esse
714 2198 877 2273 traditum,
900 2210 934 2262 ut
955 2197 1058 2263 omnis
1083 2197 1260 2283 quicunque
1282 2196 1429 2271 voluerit,
1452 2196 1535 2259 solu·

342 2321 409 2373 tem
426 2307 581 2394 consequi
596 2307 715 2393 possit,
738 2321 831 2394 atque
851 2308 923 2372 ideo
938 2309 1099 2373 neminem
1116 2331 1134 2373 a
1150 2310 1251 2373 salute
1269 2328 1342 2373 esse
1361 2306 1536 2372 exclusum.

341 2420 522 2504 Apostolus
544 2420 688 2483 Paulus
711 2431 816 2483 curtem
839 2418 969 2484 scribit:
1013 2420 1077 2495 Qui
1099 2428 1196 2483 etiam
1214 2425 1350 2502 proprio
1368 2419 1458 2481 Filio
1475 2437 1536 2478 suo

340 2550 412 2591 non
424 2535 581 2611 pepercit,
599 2532 661 2591 sed
670 2551 743 2611 pro
761 2532 877 2591 nobis
894 2534 1078 2593 erunibus
1095 2528 1239 2611 (ludaeis
1253 2542 1285 2593 ct
1299 2526 1447 2607 Graecis)
1461 2535 1536 2589 tra-

342 2642 429 2700 didit
443 2639 583 2718 illum³).
607 2639 759 2725 Adeoque
777 2640 888 2714 docet,
910 2638 1073 2704 Christum
1088 2661 1148 2725 pro
1166 2637 1314 2704 omnibus
1331 2639 1444 2702 saltem
1461 2635 1536 2700 lide-

342 2746 445 2821 libus‚
467 2746 550 2811 inter
572 2769 652 2833 quos
669 2760 855 2813 autemnon
872 2748 933 2813 soli
956 2749 1048 2814 electi
1067 2762 1273 2814 numerantur
1282 2750 1321 2830 ⁴),
1353 2768 1426 2813 esse
1451 2767 1536 2809 mor-

343 2869 445 2921 tuum.
485 2857 635 2941 Apertius
668 2859 770 2923 adhue
802 2857 891 2923 alibi:
924 2859 1087 2934 Quoniam
1108 2867 1139 2921 ei
1162 2882 1248 2922 unns
1264 2881 1338 2941 pro
1356 2860 1539 2921 ominibus

342 2973 500 3028 mortuus
516 2974 577 3045 est,
597 2989 673 3045 erpo
692 2990 821 3030 ornnes
838 2976 959 3031 mortui
974 2977 1061 3035 sunt.
1085 2971 1134 3031 m
1144 2990 1219 3050 pro
1243 2970 1427 3031 erunibus
1444 2988 1538 3027 inor-

341 3083 484 3141 tumeat
496 3077 668 3139 Christus:
687 3086 735 3158 ut,
748 3085 843 3161 etqui
852 3085 1056 3159 vivunt,jam
1065 3101 1131 3141 riou
1141 3082 1330 3152 mimicam,
1347 3080 1408 3139 red
1421 3083 1464 3158 ei,
1483 3083 1537 3158 qui

335 3207 405 3268 pro
422 3193 505 3266 ipsis
522 3194 673 3249 irrortuus
689 3196 751 3267 est,
769 3195 803 3250 et
816 3193 1051 3267 resurrexim).
1093 3186 1211 3265 Quibus
1234 3186 1411 3271 Apostolus
1429 3185 1536 3249 admo·

340 3307 414 3368 net,
446 3307 495 3369 ut,
527 3298 791 3381 quemadmodum
815 3295 962 3362 Christus
985 3319 1044 3382 pro
1068 3295 1161 3360 nobis
1179 3308 1324 3360 mortuus
1341 3308 1406 3371 est,
1429 3308 1461 3359 et
1477 3315 1537 3361 uos

338 3404 455 3492 pravis
471 3406 741 3490 propensionibus
759 3407 943 3470 moriamur.
969 3408 1018 3472 Ad
1036 3408 1119 3492 quod
1137 3385 1371 3494 obstringimur
1388 3405 1457 3469 sine
1474 3425 1537 3468 cx·

339 3513 494 3599 ceptione
512 3536 634 3590 omnes,
652 3537 733 3604 ergo
750 3528 783 3580 et
799 3515 945 3581 Christus
964 3537 1006 3580 ex
1021 3527 1126 3579 mente
1144 3514 1292 3600 Apostoli
1312 3536 1372 3600 pro
1391 3512 1538 3578 omnibus

337 3624 417 3688 sine
440 3623 629 3707 exceptione
652 3638 798 3690 mortuus
814 3625 857 3690 sit
873 3645 1009 3690 necesse
1033 3637 1092 3689 est.
1117 3627 1236 3711 Atque:
1279 3626 1392 3688 Unus
1412 3627 1537 3705 Deus,

337 3743 376 3798 et
392 3737 593 3797 mediator
608 3738 680 3798 Dei
696 3746 734 3799 et
746 3745 962 3815 hominum,
981 3743 1074 3799 ltomo
1095 3739 1249 3800 Odristur
1266 3737 1389 3816 Jesue,
1408 3742 1462 3818 qui
1479 3739 1538 3797 de-

337 3850 395 3908 dit
410 3848 642 3908 redemtionem
658 3856 865 3930 semetipsum
878 3869 953 3929 pro
972 3846 1198 3926 omnibus⁶).
1239 3847 1330 3911 Sicut
1350 3868 1432 3934 ergo
1452 3846 1539 3909 Deus

336 3953 489 4021 omnium
514 3976 552 4019 uc
583 3956 783 4043 singulorum
807 3957 989 4033 hominum,
1022 3959 1106 4021 nullo
1131 3979 1268 4042 prorsus
1284 3940 1434 4042 excepto,
1450 3957 1539 4020 Deus

335 4076 408 4139 est,
424 4063 470 4126 ita
486 4064 632 4129 Clrristus
650 4066 788 4130 omnium
807 4089 845 4133 ac
861 4067 1065 4156 singulorum
1088 4067 1250 4133 hominum
1272 4089 1346 4132 esse
1364 4069 1458 4131 debet
1473 4068 1538 4131 Me·

334 4175 454 4241 diator
470 4195 508 4238 ac
523 4175 697 4240 Redemtor
708 4179 744 4258 ⁷).
768 4179 811 4242 Et
826 4180 1022 4243 loannes:
1048 4180 1098 4243 Et
1118 4187 1187 4261 ipre
1204 4188 1255 4243 est
1266 4186 1457 4262 propitiatio
1476 4201 1538 4261 pro

334 4369 565 4384 .....--..—

456 4463 484 4539 ¹)
501 4461 609 4521 Matth.
630 4457 682 4533 18,
700 4459 753 4524 11.
771 4462 816 4528 Of.
835 4461 886 4536 11,
903 4463 957 4527 28.
986 4494 1027 4506 -
1055 4460 1082 4539 ²)
1099 4459 1191 4521 Joan.
1209 4458 1239 4536 3,
1258 4459 1310 4523 16.
1330 4458 1381 4522 ll.
1399 4461 1443 4522 cf.
1464 4461 1493 4534 1,
1510 4457 1540 4520 9.

334 4594 387 4606 --
410 4552 440 4626 ³)
458 4553 543 4614 Rom.
562 4548 592 4627 8,
609 4549 662 4613 32.
681 4587 723 4598 -
743 4553 768 4633 ⁴)
785 4552 830 4617 Of.
847 4556 935 4619 Rom.
956 4551 1007 4626 11,
1025 4549 1169 4615 21-22,
1190 4549 1239 4627 14,
1258 4547 1309 4615 15.
1330 4552 1439 4616 LOor.
1450 4550 1540 4624 8,11.

336 4650 371 4712 1,
407 4645 489 4706 Tim.
524 4644 553 4721 1,
588 4641 638 4705 19.
670 4641 724 4706 20.
755 4647 863 4711 Matth.
896 4644 951 4718 22,
985 4640 1105 4706 1-14.
1141 4640 1193 4717 13,
1224 4641 1369 4707 24-30,
1396 4640 1539 4706 37—42.

332 4733 542 4821 25,·1-13.
559 4737 656 4816 Apoc.
674 4733 707 4809 2,
724 4731 823 4799 4-5.
849 4773 894 4785 -
919 4745 950 4813 ⁵)
967 4735 998 4799 2.
1016 4735 1088 4801 Cor.
1105 4731 1137 4809 5,
1157 4731 1298 4798 14—15.
1317 4735 1362 4800 Of.
1379 4734 1410 4806 ὃ,
1431 4731 1480 4797 19.
1498 4770 1540 4780 -

337 4832 366 4913 ⁸)
390 4826 422 4889 1.
442 4828 522 4889 Tim.
540 4826 572 4900 2,
589 4824 750 4888 5-6.-
771 4828 793 4906 7)
812 4829 856 4891 Of.
874 4830 971 4892 Hebr.
988 4825 1020 4902 2,
1038 4827 1069 4892 9.
1087 4827 1174 4886 Rom.
1191 4824 1222 4899 5,
1242 4824 1293 4890 18.

1259 4937 1303 5003 23
