3775 5625
378 435 440 501 112

375 612 500 686 praeter
513 600 693 664 facultatem
704 600 980 683 supernaturalem
991 597 1190 673 interiorem,
1201 600 1360 683 justitiam
1373 599 1571 689 originalem,

372 711 521 780 mandato
538 706 771 794 supernaturali
787 707 965 795 indigebat,
983 720 1017 772 ut
1033 708 1215 773 obedientia
1231 709 1301 794 ejus
1319 710 1571 795 supernaturalis

372 818 484 885 haberi
500 841 538 884 ao
554 818 696 903 praemio
715 817 948 903 supernaturali
965 816 1061 905 digna
1078 818 1205 883 censeri
1220 820 1378 903 posset¹).

482 927 709 1007 Quaestionem
727 941 832 992 tamen
848 926 1052 1003 ulteriorem,
1084 950 1159 991 num
1181 928 1235 992 lex
1249 927 1302 991 illa
1324 927 1420 992 luerit
1437 950 1571 1014 prorsus

374 1036 558 1112 arbitraria,
581 1058 620 1099 an
636 1058 715 1100 vero
732 1036 764 1100 in
781 1036 851 1120 ipsa
873 1037 1004 1110 arbore,
1024 1036 1100 1102 licet
1120 1036 1151 1099 id
1177 1036 1467 1121 protoparentibus
1488 1052 1571 1104 esset

375 1145 585 1233 incognitum,
601 1145 758 1210 rationem
774 1145 932 1209 internam
943 1145 1100 1220 habuerit,
1116 1157 1226 1230 utpote
1242 1146 1341 1210 noxia
1357 1168 1396 1211 ac
1406 1147 1572 1213 mortifera

374 1255 522 1320 Ecclesia
549 1268 675 1321 tacente
698 1268 730 1319 et
752 1254 930 1341 Theologis
947 1254 977 1318 in
996 1254 1141 1320 diversas
1158 1268 1267 1340 partes
1289 1255 1495 1332 alterantibus,
1520 1280 1571 1343 pu·

374 1375 477 1429 tamus
495 1364 587 1429 facile
603 1364 686 1429 solvi
708 1386 771 1428 non
793 1386 908 1449 posse,
947 1385 1049 1450 neque
1071 1364 1102 1428 id
1131 1364 1226 1428 etiam
1247 1386 1321 1430 esse
1346 1366 1571 1432 necessarimm

375 1473 493 1538 Verum
510 1473 553 1537 illi
570 1486 660 1539 certo
679 1485 802 1548 errant,
826 1474 878 1559 qni
899 1474 960 1539 sibi
983 1495 1025 1539 ex
1048 1475 1117 1538 sola
1141 1473 1275 1559 physica
1291 1474 1420 1539 arboris
1437 1475 1572 1541 nocendi

373 1580 403 1645 vi
425 1603 537 1655 ornnes
559 1582 669 1648 tristes
687 1582 836 1657 effeotnS,
863 1606 926 1647 non
945 1597 1066 1649 tantum
1082 1584 1115 1647 in
1131 1582 1433 1669 protoparentibus,
1460 1585 1519 1650 sed
1544 1596 1574 1647 et

371 1689 403 1754 in
421 1712 533 1755 eorum
551 1691 708 1776 posteris,
726 1691 889 1777 explicare
906 1714 1006 1777 posse
1022 1692 1178 1758 videntur.

479 1805 609 1864 Adnot.
629 1801 656 1865 l.
674 1804 867 1881 Hypothesin
885 1824 1011 1875 vanam,
1029 1825 1107 1882 quae
1125 1808 1227 1885 legem
1244 1806 1335 1865 istam
1354 1805 1390 1863 de
1406 1806 1578 1868 interdicto

373 1913 560 1972 matrimonii
582 1915 824 1993 interpretatur,
847 1914 1024 1974 omittimus.
1056 1915 1232 1974 Orientales
1254 1915 1333 1973 enim
1366 1933 1434 1973 rem
1458 1915 1589 1974 amoris

372 2003 474 2081 solent
497 2023 632 2099 propriis
656 2024 828 2082 nominibus
857 2024 1042 2103 designare,
1065 2043 1124 2083 non
1142 2034 1245 2083 autem
1266 2023 1403 2102 imagine
1429 2024 1506 2083 adeo
1532 2024 1594 2083 in-

370 2131 486 2190 usitata
503 2132 686 2207 exprimere.
708 2133 837 2191 Accedit
854 2133 928 2193 illud
947 2152 1014 2192 cum
1029 2134 1233 2192 destinatione
1250 2117 1507 2209 protoparentum
1522 2151 1609 2211 ge·-

373 2258 430 2298 nns
447 2238 610 2299 humanum
627 2242 818 2319 propagandi
834 2252 941 2318 aperte
958 2261 1108 2321 pugnare.

375 2411 379 2417 ,
478 2352 610 2413 Adnut.
636 2346 667 2411 2.
684 2352 860 2410 Mandatum
885 2372 902 2412 a
925 2354 992 2411 Deo
1014 2353 1097 2411 Adae
1125 2352 1310 2426 injunctum,
1331 2351 1391 2427 ipsi
1419 2360 1648 2429 tamquar-

373 2435 494 2536 capiti
526 2460 703 2519 universi
729 2461 887 2539 generis
911 2460 1063 2519 burnani
1085 2461 1182 2520 fuisse
1208 2460 1404 2540 impositum,
1438 2460 1654 2538 adeona&

372 2568 408 2626 ad
425 2587 531 2657 omnes
548 2568 687 2628 homines
710 2570 913 2650 pertinuisse,
946 2590 1037 2629 exeo
1056 2570 1233 2649 colligitur,
1266 2568 1408 2645 qnoniam
1435 2569 1655 2646 ejusdenx‘tt

372 2653 534 2757 migratio,
552 2679 654 2738 divina
670 2675 861 2738 revelatione
879 2680 1038 2751 tradente,
1055 2680 1092 2739 ad
1110 2698 1215 2739 omnes
1233 2696 1351 2756 quoque
1368 2679 1517 2755 pertinet.

479 2789 609 2852 Adnot.
626 2784 656 2850 3.
675 2790 760 2848 Unde
777 2791 881 2870 arbor,
899 2790 987 2866 eujus
1005 2809 1079 2851 usus
1096 2788 1368 2868 protoparentibes
1385 2788 1658 2850 interdictu-s

372 2907 453 2971 erat,
471 2901 594 2974 lignum
617 2903 771 2960 soierstiae
789 2903 865 2961 boni
881 2910 913 2961 et
928 2904 1006 2960 neoti
1023 2878 1106 2960 dieta
1124 2894 1179 2969 sit,
1201 2900 1283 2958 inter
1299 2898 1493 2974 interpretes
1518 2909 1657 2957 tro-¹

372 3008 523 3067 convenit.
550 3009 612 3068 Alii
629 3010 708 3069 enim
726 3020 881 3080 statuunt,
905 3011 1048 3069 arborem
1071 3009 1154 3068 illam
1172 3009 1229 3069 boc
1253 3007 1373 3066 nomine
1391 3005 1655 3086 insignitas-¹

372 3117 485 3187 luisse,
517 3118 588 3194 quia
608 3136 738 3194 serpens
764 3120 793 3177 ei
819 3120 880 3177 vim
898 3119 1060 3179 seientiam
1077 3119 1150 3177 boni
1166 3128 1197 3176 et
1213 3117 1286 3177 mali
1301 3115 1477 3175 bominibus
1493 3135 1560 3177 com
1586 3138 1653 3171 .--·

370 3226 544 3286 municandi
562 3229 746 3305 adscripsit,
771 3239 802 3287 et
818 3239 1055 3306 protoparentes
1074 3229 1200 3287 eandem
1224 3247 1261 3286 ex
1284 3245 1320 3285 ea
1336 3245 1453 3286 revera
1470 3247 1506 3287 se
1524 3228 1560 3287 ob
1641 3242 1651 3258 ·

373 3345 516 3397 tenturos
543 3356 614 3397 esse
641 3348 882 3415 exspectarunt3
901 3339 966 3409 alii,
991 3339 1061 3415 quia
1084 3358 1121 3397 ex
1139 3339 1249 3397 arbore
1266 3337 1328 3396 ista
1345 3337 1509 3415 ,cognosci
1525 3336 1609 3396 tle-
1639 3355 1649 3367 ·

371 3446 472 3514 bebat,
490 3466 561 3505 num
574 3456 809 3523 protoparentes
827 3458 934 3507 essent
952 3448 1089 3507 mansuri
1105 3448 1186 3517 boni,
1203 3466 1240 3505 an
1258 3463 1332 3504 vero
1350 3445 1560 3505 evasurimali
1639 3452 1647 3499 3

372 3553 435 3623 alii,
453 3555 579 3630 quodex
596 3556 710 3613 arbore
723 3554 781 3616 hac
795 3557 886 3633 primi
901 3556 1041 3615 homines
1061 3556 1228 3616 discrimen
1248 3563 1349 3613 status
1364 3553 1438 3613 boni
1455 3563 1490 3613 et
1505 3537 1648 3613 ma-i

371 3663 592 3741 oognoverint3
617 3664 680 3733 alii,
696 3665 767 3742 quia
783 3685 839 3742 per
857 3667 1001 3725 arborem
1018 3666 1101 3724 illam
1120 3666 1156 3724 ad
1173 3664 1346 3741 perfectam
1364 3663 1645 3741 cognitione*

371 3770 560 3831 discriminis
569 3772 640 3831 boni
650 3782 681 3832 et
690 3747 763 3833 ¹mali
774 3793 812 3833 ex
820 3763 944 3852 propria
960 3775 1150 3851 experientia
1162 3772 1330 3834 adducendi
1342 3781 1451 3842 erant,
1468 3770 1646 3844 oterss-

599 3992 634 4086 ἓ.
651 3993 721 4067 et.
737 3995 947 4067 mandati
969 3995 1119 4067 divini
1135 3994 1340 4067 violat-io.

478 4154 604 4221 Primus
621 4157 733 4232 homo,
756 4155 807 4222 cui
822 4158 876 4220 lex
892 4156 1029 4241 positiva
1046 4178 1065 4221 a
1081 4157 1151 4221 Deo
1170 4168 1240 4222 erat
1256 4157 1343 4231 data,
1368 4166 1403 4220 ut
1425 4154 1498 4240 ejus
1519 4155 1638 4220 olr·

370 4263 552 4330 servatione
574 4266 613 4330 ad
635 4288 792 4331 summam
814 4265 1015 4353 dignitatem,
1050 4268 1141 4352 cujus
1163 4278 1374 4351 erat'capax,
1391 4262 1635 4330 efferretur:

371 4384 464 4459 atque
496 4395 531 4438 se
558 4387 721 4461 totumque
744 4397 847 4464 genus
883 4377 1055 4440 humanum
1081 4375 1159 4440 felix
1185 4376 1375 4461 beatumque
1407 4374 1630 4440 redderet,

370 4482 504 4548 eandem
524 4483 764 4571 haudquaquam
792 4485 947 4559 servavit,
980 4485 1037 4549 sed
1072 4483 1218 4549 libertate
1245 4505 1304 4549 sua
1325 4484 1462 4559 abusus,
1487 4492 1628 4549 mar1·

417 4696 419 4703 ¹
482 4686 509 4763 ¹)
541 4684 718 4749 sunum.
735 4690 764 4748 1.
782 4690 811 4752 2.
826 4707 856 4764 q.
874 4689 924 4748 91.
942 4710 971 4750 a.
989 4691 1018 4750 4.
1036 4686 1116 4768 Opp.
1135 4688 1227 4750 theol.
1244 4689 1283 4751 Τ.
1301 4685 1354 4752 21.
1370 4706 1401 4767 p.
1417 4683 1495 4752 472.
1526 4702 1629 4731 κ

371 4775 618 4932 maffia&
636 4798 684 4854 op.
710 4798 765 4840 ox
788 4777 863 4841 aar.
889 4782 917 4840 1.
942 4783 971 4842 2.
997 4800 1022 4842 ο.
1047 4782 1075 4842 5.
1100 4799 1131 4840 n.
1155 4781 1271 4842 9-10.
1288 4781 1337 4839 oe
1368 4782 1466 4856 noym.
1486 4760 1657 4899 aritot-¹
