3775 5625
1393 435 1456 500 211

325 619 377 662 mn
399 597 675 662 Tridentiuum
704 596 893 662 divisionem
921 596 1017 661 istam
1047 596 1220 684 legitimam
1247 620 1311 663 nou
1338 611 1458 663 tantum

324 705 433 792 ppouit,
456 706 509 770 ubi
532 705 721 771 senteutiam
742 706 882 780 illorum,
905 705 957 791 qui
979 706 1134 780 dixerint,
1156 715 1191 770 ln
1210 712 1354 791 quolibet
1374 712 1457 771 lono

324 838 371 878 ere
381 822 518 895 justum
539 819 657 879 saltem
679 819 897 878 venialiter
915 839 1068 897 peccare,
1087 825 1147 880 aut
1161 823 1249 900 quod
1262 821 1459 881 tntoterott-

325 934 411 1006 cett,
431 929 673 1004 mortaliter,
694 963 735 972 -
753 926 952 989 anathemate
969 925 1159 1009 percellit1),
1179 939 1211 990 et
1227 925 1309 998 dein,
1327 926 1379 990 uti
1396 938 1458 990 sta·

326 1045 345 1108 t,
365 1039 411 1096 od
429 1042 653 1097 remissionem
672 1044 881 1116 peccatorum
904 1042 1128 1097 necessarium
1150 1057 1223 1098 esse
1233 1042 1318 1114 jure
1339 1039 1458 1113 diuino,

325 1147 420 1222 ufilert
441 1151 550 1205 omnia
571 1152 604 1205 el
623 1147 752 1221 elnpulo
765 1152 902 1223 peccato
918 1149 1127 1224 mortalia,
1144 1149 1320 1208 venialia
1338 1155 1458 1223 autent,

326 1273 469 1334 anquam
485 1262 572 1315 recte
588 1262 620 1316 et
635 1256 757 1315 utiliter
773 1260 806 1315 ln
826 1254 1044 1333 Conse-ssione
1059 1258 1223 1333 dicuntur,
1238 1262 1340 1317 taceri
1354 1263 1461 1317 turrten

325 1365 716 1444 recuperandamque
738 1365 814 1424 ullis
838 1367 991 1424 remediis
1012 1371 1142 1443 espiart'
1160 1386 1260 1445 posse
1277 1369 1327 1442 ²);
1352 1364 1409 1427 sed
1431 1376 1462 1426 et

326 1491 430 1553 presse
448 1471 600 1549 declarat,
619 1474 695 1533 licet
709 1479 743 1533 ln
758 1478 821 1534 trac
836 1475 970 1534 mortali
985 1480 1051 1535 otta
1067 1480 1273 1554 quantunmis
1288 1481 1412 1552 sancti,
1431 1481 1465 1534 et

325 1586 358 1640 eli
370 1586 403 1641 ln
419 1582 433 1640 l
437 1587 522 1641 eoiu
538 1583 655 1642 saltent
671 1589 704 1642 et
716 1583 920 1663 quotidiana,
938 1604 1023 1662 quae
1039 1590 1136 1644 etiarn
1152 1584 1327 1644 veretalia
1345 1586 1462 1644 dicun·

325 1709 350 1767 r,
361 1697 495 1769 peccata
511 1693 706 1771 quandoque
722 1694 855 1767 eadunt,
873 1712 940 1753 non
952 1700 1129 1772 propterea
1146 1696 1295 1754 destruere
1316 1696 1462 1768 esseju·

325 1800 417 1876 rel),
447 1809 540 1881 atque
560 1801 741 1861 centallo
762 1821 834 1861 esse
846 1808 1001 1879 peecata,
1025 1803 1165 1881 quibus
1188 1823 1208 1862 a
1227 1808 1364 1878 prolia
1384 1821 1462 1863 non

325 1908 532 1969 scindimur
551 1907 588 1985 4).
635 1906 724 1970 Pius
745 1908 780 1970 V.
802 1920 907 1971 atrum
933 1920 966 1971 et
987 1908 1215 1995 Gregorius
1231 1910 1312 1974 Xlll.
1336 1911 1463 1972 damua-

326 2026 356 2077 ttl
368 2028 550 2100 sequentem
567 2015 634 2099 Baji
650 2016 919 2100 propositionem:
943 2022 983 2081 N
985 2022 1029 2081 ul
1034 2022 1110 2081 lum
1123 2028 1325 2100 peccalum
1342 2026 1403 2082 est
1416 2041 1464 2080 ea·

326 2134 519 2188 sanatura
540 2129 706 2205 veniale,
729 2132 800 2190 sed
819 2151 926 2192 omne
945 2137 1153 2209 peecatum
1174 2138 1353 2192 meretur
1371 2150 1463 2210 poe-

326 2254 370 2295 ne
384 2221 594 2298 aeterium.
643 2235 786 2300 'landem

387 2367 412 2407 c.
433 2342 504 2427 ipsa
523 2342 606 2406 ratio
623 2344 691 2427 jam
711 2343 827 2431 ingens
849 2343 1022 2410 discrimen
1044 2346 1208 2431 perspicit,
1231 2360 1337 2411 utrum
1353 2345 1465 2431 aliqttis

342 2450 516 2525 levioribus,
539 2464 591 2517 eut
613 2451 682 2516 siue
703 2454 796 2537 plene
818 2454 1016 2518 advertentis
1036 2468 1067 2519 et
1084 2456 1226 2539 perlecto
1244 2476 1381 2521 assensu
1398 2467 1464 2519 tan·

326 2576 352 2620 tr
364 2562 556 2634 succumbat,
573 2562 677 2647 legem
694 2574 799 2626 autem
816 2562 953 2627 dir-inam
969 2563 1095 2628 sincere
1112 2577 1308 2639 revereatur,
1330 2585 1369 2628 arr
1386 2584 1465 2629 vero

326 2663 362 2728 bo
383 2669 523 2754 perditus
546 2670 597 2744 sit,
619 2682 653 2734 ut
676 2671 868 2736 voluntatem
889 2672 1027 2736 divinem
1049 2671 1145 2738 etiam
1164 2673 1195 2736 iu
1219 2673 1350 2738 materia
1373 2672 1464 2760 gravi

326 2780 541 2844 utemrrendam
559 2778 722 2844 existimet
737 2781 772 2859 ⁵).

326 3008 342 3089 l·
356 3010 413 3084 tt.
445 3014 634 3085 Peccati
650 3016 918 3101 personalis
934 3017 1111 3087 malitia
1126 3034 1181 3087 ac
1198 3017 1452 3104 turpitudo.

386 3179 511 3245 Peccati
535 3178 705 3263 praecipue
728 3181 871 3244 mortalis
893 3182 1010 3246 malitia
1031 3205 1069 3247 ac
1095 3182 1255 3267 turpitudo
1284 3203 1326 3246 ex
1352 3181 1467 3266 triplici

327 3283 482 3352 »utimum
505 3301 655 3372 respectu
676 3289 897 3375 cognoscitur,
919 3289 1065 3355 nimirum
1088 3292 1115 3354 si
1138 3291 1260 3355 ratione
1279 3290 1348 3365 Dei,
1365 3291 1467 3355 nostri

339 3396 462 3462 aliorum
478 3398 640 3462 hominum
658 3399 889 3463 consideratur.

391 3509 419 3571 1.
435 3508 539 3572 Priori
556 3520 704 3591 respectu
722 3520 887 3593 peccatum

386 3640 415 3679 u.
431 3618 505 3701 jure
527 3616 687 3700 practicus
711 3617 768 3680 Dei
791 3628 970 3680 contemtus
992 3616 1115 3691 elicitur,
1138 3631 1231 3704 atque
1253 3618 1285 3681 iu
1312 3639 1466 3683 summam

327 3720 346 3786 ti
364 3723 507 3810 injuriam
532 3724 624 3789 cedit.
671 3725 797 3789 Etenim
818 3747 876 3810 per
899 3746 992 3789 omne
1010 3739 1174 3810 peccatum
1198 3725 1467 3811 sapientissimam

340 3834 571 3899 sanctissimam
579 3835 638 3898 llei
650 3836 841 3898 uoluntatem
855 3835 1047 3898 adorandam
1059 3835 1262 3923 negligimus,
1279 3849 1312 3900 ut
1323 3847 1466 3900 nostram

327 3944 527 4030 cpensiouem
551 3966 730 4029 sequamur,
754 3964 887 4029 cumque
910 3944 966 4007 toti
990 3944 1193 4030 quantiillius
1211 3944 1321 4019 simus,
1339 3944 1465 4029 abipso

327 4070 384 4119 tren
401 4075 461 4118 nos
478 4053 652 4126 avellimus,
670 4052 760 4137 eique
777 4052 1009 4140 quasitergum
1026 4066 1199 4127 vertentes,
1215 4074 1269 4116 res
1282 4065 1407 4117 creatas
1420 4053 1464 4116 vi-

327 4160 417 4227 simas
438 4162 498 4246 ipsi
520 4164 652 4247 ejusque
674 4161 796 4247 gratiae
818 4183 856 4226 ec
878 4162 1034 4226 amicitiae
1051 4162 1227 4225 insolenter
1243 4161 1464 4245 praeferimus.

327 4287 353 4333 ur
366 4292 442 4335 vero
459 4292 552 4357 quem
569 4273 671 4346 lateat,
688 4272 768 4335 lrauc
779 4270 978 4356 justissimae
995 4270 1192 4363 obedieutiae
1204 4271 1465 4336 detrectationem

332 4390 446 4444 tentum
463 4380 562 4464 ipsius
580 4383 759 4467 neglectum
777 4380 845 4444 lleu
862 4379 1050 4464 injuriosum
1073 4401 1157 4454 esse,
1182 4391 1273 4464 atque
1290 4379 1465 4463 practicam

328 4531 496 4547 *-

391 4601 416 4678 1)
433 4600 515 4662 Sero.
532 4603 560 4661 6.
578 4619 643 4662 ean.
661 4602 710 4662 25.
728 4608 756 4660 et
770 4621 795 4661 c.
813 4604 862 4662 11.
881 4637 923 4645 -
940 4603 968 4676 ²)
986 4601 1067 4661 Sese.
1086 4604 1136 4665 14.
1153 4621 1219 4663 can.
1238 4603 1265 4665 t,
1282 4636 1322 4645 —
1341 4603 1369 4673 ³)
1381 4600 1463 4661 Sese.

337 4708 360 4755 t.
379 4694 427 4753 11.
459 4726 503 4736 -
535 4691 663 4767 ⁴)Sess.
689 4696 737 4763 14,
758 4712 782 4751 c.
806 4695 835 4754 5.
868 4729 910 4737 -—
944 4691 1463 4773 ⁵)ClBerlepsch‚Antltropol.

328 4780 396 4843 trist.
430 4778 526 4845 1842.
542 4803 572 4863 p.
589 4779 653 4843 247
672 4804 713 4847 ss.
748 4783 872 4863 Scapt,
907 4785 1003 4842 Theol.
1037 4802 1111 4842 mor.
1129 4782 1463 4846 ineom.redacta.ed.

338 4866 439 4953 Oanip.
458 4868 555 4935 1846.
574 4892 604 4956 p.
621 4870 688 4935 245
704 4894 744 4935 ss.

1188 4961 1247 5025 14*
