<?xml version="1.0" encoding="UTF-8"?>
<!DOCTYPE html PUBLIC "-//W3C//DTD XHTML 1.0 Transitional//EN"
    "http://www.w3.org/TR/xhtml1/DTD/xhtml1-transitional.dtd">
<html xmlns="http://www.w3.org/1999/xhtml" xml:lang="en" lang="en">
 <head>
  <title>
</title>
<meta http-equiv="Content-Type" content="text/html;charset=utf-8" />
  <meta name='ocr-system' content='tesseract 3.04.00' />
  <meta name='ocr-capabilities' content='ocr_page ocr_carea ocr_par ocr_line ocrx_word'/>
</head>
<body>
  <div class='ocr_page' id='page_1' title='image "./theologiadogmat00schwgoog/theologiadogmat00schwgoog_0123.png"; bbox 0 0 3775 5625; ppageno 0'>
   <div class='ocr_carea' id='block_1_1' title="bbox 711 844 1084 937">
    <p class='ocr_par' dir='ltr' id='par_1_1' title="bbox 711 844 1084 937">
     <span class='ocr_line' id='line_1_1' title="bbox 711 844 1084 937; baseline 0.008 -3"><span class='ocrx_word' id='word_1_1' title='bbox 711 844 997 937; x_wconf 83' lang='lat' dir='ltr'><strong>CAPUT</strong></span> <span class='ocrx_word' id='word_1_2' title='bbox 1031 846 1084 937; x_wconf 89' lang='grc' dir='ltr'>ΙΙ.</span> 
     </span>
    </p>
   </div>
   <div class='ocr_carea' id='block_1_2' title="bbox 579 1046 1203 1149">
    <p class='ocr_par' dir='ltr' id='par_1_2' title="bbox 579 1046 1203 1149">
     <span class='ocr_line' id='line_1_2' title="bbox 579 1046 1203 1149; baseline 0.008 -30"><span class='ocrx_word' id='word_1_3' title='bbox 579 1046 642 1119; x_wconf 89' lang='lat' dir='ltr'>De</span> <span class='ocrx_word' id='word_1_4' title='bbox 670 1058 790 1121; x_wconf 82' lang='lat' dir='ltr'>statu</span> <span class='ocrx_word' id='word_1_5' title='bbox 817 1059 1008 1124; x_wconf 79' lang='lat' dir='ltr'>naturae</span> <span class='ocrx_word' id='word_1_6' title='bbox 1037 1049 1203 1149; x_wconf 78' lang='lat' dir='ltr'><strong><em>lapsae.</em></strong></span> 
     </span>
    </p>
   </div>
   <div class='ocr_carea' id='block_1_3' title="bbox 316 1480 1488 1663">
    <p class='ocr_par' dir='ltr' id='par_1_3' title="bbox 316 1480 1488 1663">
     <span class='ocr_line' id='line_1_3' title="bbox 316 1480 1488 1593; baseline 0.005 -41"><span class='ocrx_word' id='word_1_7' title='bbox 316 1535 322 1552; x_wconf 89' lang='lat'>.</span> <span class='ocrx_word' id='word_1_8' title='bbox 355 1480 424 1593; x_wconf 62' lang='grc' dir='ltr'>22.Ι</span> <span class='ocrx_word' id='word_1_9' title='bbox 450 1482 711 1565; x_wconf 67' lang='grc' dir='ltr'>Τηιιείῐίο,</span> <span class='ocrx_word' id='word_1_10' title='bbox 739 1482 984 1555; x_wconf 86' lang='lat' dir='ltr'>doctrinae</span> <span class='ocrx_word' id='word_1_11' title='bbox 1015 1487 1315 1567; x_wconf 86' lang='lat' dir='ltr'>momentum,</span> <span class='ocrx_word' id='word_1_12' title='bbox 1344 1489 1488 1574; x_wconf 83' lang='lat' dir='ltr'>atquc</span> 
     </span>
     <span class='ocr_line' id='line_1_4' title="bbox 406 1591 1041 1663; baseline 0.002 -2"><span class='ocrx_word' id='word_1_13' title='bbox 406 1601 412 1614; x_wconf 85' lang='grc'>·’</span> <span class='ocrx_word' id='word_1_14' title='bbox 795 1591 980 1663; x_wconf 83' lang='lat' dir='ltr'>divisio.</span> <span class='ocrx_word' id='word_1_15' title='bbox 1038 1646 1041 1653; x_wconf 93' lang='lat'>.</span> 
     </span>
    </p>
   </div>
   <div class='ocr_carea' id='block_1_4' title="bbox 316 1798 1486 4612">
    <p class='ocr_par' dir='ltr' id='par_1_4' title="bbox 316 1798 1486 3190">
     <span class='ocr_line' id='line_1_5' title="bbox 390 1798 1486 1876; baseline 0.003 -19"><span class='ocrx_word' id='word_1_16' title='bbox 390 1802 491 1858; x_wconf 87' lang='lat' dir='ltr'>Beata</span> <span class='ocrx_word' id='word_1_17' title='bbox 506 1799 572 1867; x_wconf 87' lang='lat' dir='ltr'>illa,</span> <span class='ocrx_word' id='word_1_18' title='bbox 593 1798 700 1876; x_wconf 85' lang='lat' dir='ltr'>inqua</span> <span class='ocrx_word' id='word_1_19' title='bbox 721 1800 811 1876; x_wconf 88' lang='lat' dir='ltr'>primi</span> <span class='ocrx_word' id='word_1_20' title='bbox 833 1810 981 1876; x_wconf 86' lang='lat' dir='ltr'>parentes</span> <span class='ocrx_word' id='word_1_21' title='bbox 1004 1798 1105 1859; x_wconf 90' lang='lat' dir='ltr'>divino</span> <span class='ocrx_word' id='word_1_22' title='bbox 1123 1817 1249 1859; x_wconf 90' lang='lat' dir='ltr'>munere</span> <span class='ocrx_word' id='word_1_23' title='bbox 1267 1800 1391 1860; x_wconf 85' lang='lat' dir='ltr'>inerant</span> <span class='ocrx_word' id='word_1_24' title='bbox 1415 1820 1486 1862; x_wconf 92' lang='lat' dir='ltr'>con·</span> 
     </span>
     <span class='ocr_line' id='line_1_6' title="bbox 316 1908 1486 1989; baseline 0.001 -20"><span class='ocrx_word' id='word_1_25' title='bbox 316 1910 405 1989; x_wconf 89' lang='lat' dir='ltr'>ituti,</span> <span class='ocrx_word' id='word_1_26' title='bbox 439 1908 588 1977; x_wconf 89' lang='lat' dir='ltr'>conditio,</span> <span class='ocrx_word' id='word_1_27' title='bbox 614 1909 703 1967; x_wconf 91' lang='lat' dir='ltr'>bonis</span> <span class='ocrx_word' id='word_1_28' title='bbox 725 1918 786 1967; x_wconf 88' lang='lat' dir='ltr'>tam</span> <span class='ocrx_word' id='word_1_29' title='bbox 807 1910 984 1989; x_wconf 78' lang='lat' dir='ltr'>insignibus</span> <span class='ocrx_word' id='word_1_30' title='bbox 1007 1919 1097 1987; x_wconf 83' lang='lat' dir='ltr'>atque</span> <span class='ocrx_word' id='word_1_31' title='bbox 1129 1910 1319 1968; x_wconf 81' lang='lat' dir='ltr'>ornamentis</span> <span class='ocrx_word' id='word_1_32' title='bbox 1344 1911 1486 1980; x_wconf 77' lang='lat' dir='ltr'>affluens,</span> 
     </span>
     <span class='ocr_line' id='line_1_7' title="bbox 316 2019 1485 2098; baseline 0.001 -20"><span class='ocrx_word' id='word_1_33' title='bbox 316 2019 373 2078; x_wconf 82' lang='lat' dir='ltr'>eri</span> <span class='ocrx_word' id='word_1_34' title='bbox 389 2019 491 2096; x_wconf 86' lang='lat' dir='ltr'>periit.</span> <span class='ocrx_word' id='word_1_35' title='bbox 524 2020 600 2077; x_wconf 86' lang='lat' dir='ltr'>Nam</span> <span class='ocrx_word' id='word_1_36' title='bbox 619 2019 869 2094; x_wconf 85' lang='lat' dir='ltr'>quemadmodum</span> <span class='ocrx_word' id='word_1_37' title='bbox 885 2020 1015 2098; x_wconf 78' lang='lat' dir='ltr'>Angeli,</span> <span class='ocrx_word' id='word_1_38' title='bbox 1032 2020 1063 2077; x_wconf 94' lang='lat' dir='ltr'>in</span> <span class='ocrx_word' id='word_1_39' title='bbox 1081 2036 1199 2078; x_wconf 88' lang='lat' dir='ltr'>summa</span> <span class='ocrx_word' id='word_1_40' title='bbox 1216 2019 1405 2078; x_wconf 86' lang='lat' dir='ltr'>beatitudine</span> <span class='ocrx_word' id='word_1_41' title='bbox 1423 2022 1485 2080; x_wconf 91' lang='lat' dir='ltr'>col·</span> 
     </span>
     <span class='ocr_line' id='line_1_8' title="bbox 316 2128 1485 2206; baseline -0.002 -17"><span class='ocrx_word' id='word_1_42' title='bbox 316 2128 388 2198; x_wconf 84' lang='lat' dir='ltr'>cati,</span> <span class='ocrx_word' id='word_1_43' title='bbox 405 2147 465 2186; x_wconf 94' lang='lat' dir='ltr'>non</span> <span class='ocrx_word' id='word_1_44' title='bbox 482 2147 588 2187; x_wconf 89' lang='lat' dir='ltr'>omncs</span> <span class='ocrx_word' id='word_1_45' title='bbox 606 2146 694 2188; x_wconf 92' lang='lat' dir='ltr'>snum</span> <span class='ocrx_word' id='word_1_46' title='bbox 712 2128 917 2206; x_wconf 73' lang='lat' dir='ltr'>principatum</span> <span class='ocrx_word' id='word_1_47' title='bbox 935 2137 1154 2199; x_wconf 81' lang='lat' dir='ltr'>servaverunt,</span> <span class='ocrx_word' id='word_1_48' title='bbox 1172 2128 1227 2187; x_wconf 89' lang='lat' dir='ltr'>sed</span> <span class='ocrx_word' id='word_1_49' title='bbox 1237 2128 1362 2206; x_wconf 82' lang='lat' dir='ltr'>proprio</span> <span class='ocrx_word' id='word_1_50' title='bbox 1380 2146 1485 2188; x_wconf 87' lang='lat' dir='ltr'>amore</span> 
     </span>
     <span class='ocr_line' id='line_1_9' title="bbox 316 2237 1485 2315; baseline -0.001 -17"><span class='ocrx_word' id='word_1_51' title='bbox 316 2238 372 2309; x_wconf 72' lang='lat' dir='ltr'>ati,</span> <span class='ocrx_word' id='word_1_52' title='bbox 384 2237 455 2297; x_wconf 90' lang='lat' dir='ltr'>dum</span> <span class='ocrx_word' id='word_1_53' title='bbox 472 2238 653 2307; x_wconf 84' lang='lat' dir='ltr'>ascendere,</span> <span class='ocrx_word' id='word_1_54' title='bbox 671 2246 702 2296; x_wconf 88' lang='lat' dir='ltr'>et</span> <span class='ocrx_word' id='word_1_55' title='bbox 719 2238 864 2315; x_wconf 75' lang='lat' dir='ltr'>aequales</span> <span class='ocrx_word' id='word_1_56' title='bbox 882 2256 953 2296; x_wconf 87' lang='lat' dir='ltr'>esse</span> <span class='ocrx_word' id='word_1_57' title='bbox 969 2237 1129 2297; x_wconf 78' lang='lat' dir='ltr'>Altissimo</span> <span class='ocrx_word' id='word_1_58' title='bbox 1148 2238 1323 2306; x_wconf 89' lang='lat' dir='ltr'>voluerunt,</span> <span class='ocrx_word' id='word_1_59' title='bbox 1341 2238 1415 2297; x_wconf 86' lang='lat' dir='ltr'>sado</span> <span class='ocrx_word' id='word_1_60' title='bbox 1429 2257 1485 2297; x_wconf 90' lang='lat' dir='ltr'>sua</span> 
     </span>
     <span class='ocr_line' id='line_1_10' title="bbox 316 2345 1484 2428; baseline -0.003 -20"><span class='ocrx_word' id='word_1_61' title='bbox 316 2348 394 2425; x_wconf 79' lang='lat' dir='ltr'>lecti</span> <span class='ocrx_word' id='word_1_62' title='bbox 410 2357 497 2428; x_wconf 89' lang='lat' dir='ltr'>sunt,</span> <span class='ocrx_word' id='word_1_63' title='bbox 519 2356 551 2407; x_wconf 88' lang='lat' dir='ltr'>et</span> <span class='ocrx_word' id='word_1_64' title='bbox 572 2348 754 2407; x_wconf 88' lang='lat' dir='ltr'>rudentibus</span> <span class='ocrx_word' id='word_1_65' title='bbox 775 2347 890 2406; x_wconf 78' lang='lat' dir='ltr'>inferni</span> <span class='ocrx_word' id='word_1_66' title='bbox 907 2347 1042 2408; x_wconf 88' lang='lat' dir='ltr'>detracti</span> <span class='ocrx_word' id='word_1_67' title='bbox 1058 2347 1089 2407; x_wconf 89' lang='lat' dir='ltr'>in</span> <span class='ocrx_word' id='word_1_68' title='bbox 1107 2356 1244 2406; x_wconf 84' lang='lat' dir='ltr'>tartara:</span> <span class='ocrx_word' id='word_1_69' title='bbox 1277 2347 1323 2407; x_wconf 91' lang='lat' dir='ltr'>sic</span> <span class='ocrx_word' id='word_1_70' title='bbox 1341 2356 1372 2405; x_wconf 88' lang='lat' dir='ltr'>et</span> <span class='ocrx_word' id='word_1_71' title='bbox 1394 2345 1484 2405; x_wconf 89' lang='lat' dir='ltr'>homo</span> 
     </span>
     <span class='ocr_line' id='line_1_11' title="bbox 318 2456 1484 2537; baseline -0.002 -20"><span class='ocrx_word' id='word_1_72' title='bbox 318 2475 337 2517; x_wconf 89' lang='lat' dir='ltr'>n</span> <span class='ocrx_word' id='word_1_73' title='bbox 355 2457 409 2517; x_wconf 91' lang='lat' dir='ltr'>diu</span> <span class='ocrx_word' id='word_1_74' title='bbox 426 2458 512 2517; x_wconf 90' lang='lat' dir='ltr'>stetit</span> <span class='ocrx_word' id='word_1_75' title='bbox 528 2457 558 2516; x_wconf 90' lang='lat' dir='ltr'>in</span> <span class='ocrx_word' id='word_1_76' title='bbox 577 2477 624 2526; x_wconf 86' lang='lat' dir='ltr'>eu,</span> <span class='ocrx_word' id='word_1_77' title='bbox 642 2476 701 2535; x_wconf 79' lang='lat' dir='ltr'>qua</span> <span class='ocrx_word' id='word_1_78' title='bbox 718 2475 736 2515; x_wconf 89' lang='lat' dir='ltr'>a</span> <span class='ocrx_word' id='word_1_79' title='bbox 753 2459 819 2516; x_wconf 85' lang='lat' dir='ltr'>Deo</span> <span class='ocrx_word' id='word_1_80' title='bbox 836 2467 964 2517; x_wconf 89' lang='lat' dir='ltr'>ornatus</span> <span class='ocrx_word' id='word_1_81' title='bbox 981 2458 1094 2526; x_wconf 86' lang='lat' dir='ltr'>luerat,</span> <span class='ocrx_word' id='word_1_82' title='bbox 1112 2456 1227 2537; x_wconf 71' lang='lat' dir='ltr'>gratia,</span> <span class='ocrx_word' id='word_1_83' title='bbox 1243 2457 1297 2516; x_wconf 89' lang='lat' dir='ltr'>scd</span> <span class='ocrx_word' id='word_1_84' title='bbox 1317 2456 1389 2525; x_wconf 87' lang='lat' dir='ltr'>Dei,</span> <span class='ocrx_word' id='word_1_85' title='bbox 1405 2457 1484 2515; x_wconf 90' lang='lat' dir='ltr'>Boni</span> 
     </span>
     <span class='ocr_line' id='line_1_12' title="bbox 316 2566 1483 2648; baseline 0 -22"><span class='ocrx_word' id='word_1_86' title='bbox 316 2566 404 2639; x_wconf 85' lang='lat' dir='ltr'>initi,</span> <span class='ocrx_word' id='word_1_87' title='bbox 422 2566 548 2644; x_wconf 87' lang='lat' dir='ltr'>ejusque</span> <span class='ocrx_word' id='word_1_88' title='bbox 572 2584 731 2626; x_wconf 85' lang='lat' dir='ltr'>munerum</span> <span class='ocrx_word' id='word_1_89' title='bbox 754 2568 885 2637; x_wconf 90' lang='lat' dir='ltr'>oblitus,</span> <span class='ocrx_word' id='word_1_90' title='bbox 908 2568 1010 2626; x_wconf 88' lang='lat' dir='ltr'>divina</span> <span class='ocrx_word' id='word_1_91' title='bbox 1033 2585 1152 2645; x_wconf 83' lang='lat' dir='ltr'>quoque</span> <span class='ocrx_word' id='word_1_92' title='bbox 1185 2567 1298 2648; x_wconf 84' lang='lat' dir='ltr'>monita</span> <span class='ocrx_word' id='word_1_93' title='bbox 1325 2566 1483 2644; x_wconf 78' lang='lat' dir='ltr'>minasque</span> 
     </span>
     <span class='ocr_line' id='line_1_13' title="bbox 316 2675 1482 2753; baseline -0.001 -18"><span class='ocrx_word' id='word_1_94' title='bbox 316 2677 456 2736; x_wconf 84' lang='lat' dir='ltr'>ntemsit.</span> <span class='ocrx_word' id='word_1_95' title='bbox 472 2676 651 2735; x_wconf 84' lang='lat' dir='ltr'>Mandatum</span> <span class='ocrx_word' id='word_1_96' title='bbox 669 2676 803 2735; x_wconf 85' lang='lat' dir='ltr'>divinum</span> <span class='ocrx_word' id='word_1_97' title='bbox 820 2676 1057 2753; x_wconf 70' lang='lat' dir='ltr'>praevaricatus</span> <span class='ocrx_word' id='word_1_98' title='bbox 1075 2684 1139 2745; x_wconf 89' lang='lat' dir='ltr'>est,</span> <span class='ocrx_word' id='word_1_99' title='bbox 1157 2684 1248 2753; x_wconf 87' lang='lat' dir='ltr'>atquo</span> <span class='ocrx_word' id='word_1_100' title='bbox 1265 2676 1309 2735; x_wconf 91' lang='lat' dir='ltr'>ita</span> <span class='ocrx_word' id='word_1_101' title='bbox 1325 2694 1343 2733; x_wconf 88' lang='lat' dir='ltr'>c</span> <span class='ocrx_word' id='word_1_102' title='bbox 1360 2675 1482 2734; x_wconf 85' lang='lat' dir='ltr'>sublimi</span> 
     </span>
     <span class='ocr_line' id='line_1_14' title="bbox 317 2785 1480 2864; baseline -0.003 -17"><span class='ocrx_word' id='word_1_103' title='bbox 317 2785 380 2847; x_wconf 84' lang='lat' dir='ltr'>adu</span> <span class='ocrx_word' id='word_1_104' title='bbox 397 2785 543 2862; x_wconf 88' lang='lat' dir='ltr'>depulsus</span> <span class='ocrx_word' id='word_1_105' title='bbox 560 2785 650 2856; x_wconf 83' lang='lat' dir='ltr'>bona,</span> <span class='ocrx_word' id='word_1_106' title='bbox 667 2785 777 2864; x_wconf 89' lang='lat' dir='ltr'>quihus</span> <span class='ocrx_word' id='word_1_107' title='bbox 795 2786 970 2846; x_wconf 83' lang='lat' dir='ltr'>cumulatus</span> <span class='ocrx_word' id='word_1_108' title='bbox 987 2786 1107 2856; x_wconf 85' lang='lat' dir='ltr'>inerat,</span> <span class='ocrx_word' id='word_1_109' title='bbox 1141 2785 1201 2844; x_wconf 89' lang='lat' dir='ltr'>sibi</span> <span class='ocrx_word' id='word_1_110' title='bbox 1222 2785 1354 2862; x_wconf 80' lang='lat' dir='ltr'>perdidit</span> <span class='ocrx_word' id='word_1_111' title='bbox 1376 2793 1406 2845; x_wconf 87' lang='lat' dir='ltr'>at</span> <span class='ocrx_word' id='word_1_112' title='bbox 1428 2804 1480 2862; x_wconf 89' lang='lat' dir='ltr'>po·</span> 
     </span>
     <span class='ocr_line' id='line_1_15' title="bbox 316 2895 1481 2975; baseline -0.001 -19"><span class='ocrx_word' id='word_1_113' title='bbox 316 2896 390 2966; x_wconf 79' lang='lat' dir='ltr'>tris,</span> <span class='ocrx_word' id='word_1_114' title='bbox 419 2904 510 2974; x_wconf 87' lang='lat' dir='ltr'>atque</span> <span class='ocrx_word' id='word_1_115' title='bbox 528 2914 563 2954; x_wconf 91' lang='lat' dir='ltr'>so</span> <span class='ocrx_word' id='word_1_116' title='bbox 589 2905 748 2973; x_wconf 85' lang='lat' dir='ltr'>totumque</span> <span class='ocrx_word' id='word_1_117' title='bbox 770 2914 870 2975; x_wconf 78' lang='lat' dir='ltr'>genus</span> <span class='ocrx_word' id='word_1_118' title='bbox 887 2914 993 2970; x_wconf 87' lang='lat' dir='ltr'>suum,</span> <span class='ocrx_word' id='word_1_119' title='bbox 1019 2895 1106 2970; x_wconf 92' lang='lat' dir='ltr'>cujus</span> <span class='ocrx_word' id='word_1_120' title='bbox 1125 2905 1217 2972; x_wconf 89' lang='lat' dir='ltr'>caput</span> <span class='ocrx_word' id='word_1_121' title='bbox 1234 2904 1316 2966; x_wconf 84' lang='lat' dir='ltr'>erat,</span> <span class='ocrx_word' id='word_1_122' title='bbox 1342 2895 1374 2953; x_wconf 94' lang='lat' dir='ltr'>in</span> <span class='ocrx_word' id='word_1_123' title='bbox 1397 2913 1481 2955; x_wconf 92' lang='lat' dir='ltr'>sum·</span> 
     </span>
     <span class='ocr_line' id='line_1_16' title="bbox 316 3004 1480 3084; baseline -0.002 -18"><span class='ocrx_word' id='word_1_124' title='bbox 316 3024 357 3066; x_wconf 83' lang='lat' dir='ltr'>tm</span> <span class='ocrx_word' id='word_1_125' title='bbox 376 3005 545 3082; x_wconf 86' lang='lat' dir='ltr'>perniciem</span> <span class='ocrx_word' id='word_1_126' title='bbox 562 3004 698 3066; x_wconf 78' lang='lat' dir='ltr'>adduxit.</span> <span class='ocrx_word' id='word_1_127' title='bbox 726 3005 823 3081; x_wconf 81' lang='lat' dir='ltr'>Quam</span> <span class='ocrx_word' id='word_1_128' title='bbox 841 3006 1054 3065; x_wconf 86' lang='lat' dir='ltr'>tristissimam</span> <span class='ocrx_word' id='word_1_129' title='bbox 1072 3005 1201 3084; x_wconf 77' lang='lat' dir='ltr'>generis</span> <span class='ocrx_word' id='word_1_130' title='bbox 1218 3004 1343 3065; x_wconf 87' lang='lat' dir='ltr'>humani</span> <span class='ocrx_word' id='word_1_131' title='bbox 1360 3005 1480 3064; x_wconf 88' lang='lat' dir='ltr'>ruinam</span> 
     </span>
     <span class='ocr_line' id='line_1_17' title="bbox 316 3113 666 3190; baseline 0 -16"><span class='ocrx_word' id='word_1_132' title='bbox 316 3113 367 3174; x_wconf 79' lang='lat' dir='ltr'>›do</span> <span class='ocrx_word' id='word_1_133' title='bbox 385 3115 560 3190; x_wconf 78' lang='lat' dir='ltr'>expositum</span> <span class='ocrx_word' id='word_1_134' title='bbox 576 3115 666 3174; x_wconf 88' lang='lat' dir='ltr'>imus.</span> 
     </span>
    </p>

    <p class='ocr_par' dir='ltr' id='par_1_5' title="bbox 381 3222 1324 3299">
     <span class='ocr_line' id='line_1_18' title="bbox 381 3222 1324 3299; baseline 0.001 -17"><span class='ocrx_word' id='word_1_135' title='bbox 381 3224 572 3282; x_wconf 80' lang='lat' dir='ltr'>Momentum</span> <span class='ocrx_word' id='word_1_136' title='bbox 591 3232 693 3282; x_wconf 86' lang='lat' dir='ltr'>autem</span> <span class='ocrx_word' id='word_1_137' title='bbox 709 3222 800 3298; x_wconf 88' lang='lat' dir='ltr'>hujus</span> <span class='ocrx_word' id='word_1_138' title='bbox 817 3222 977 3283; x_wconf 90' lang='lat' dir='ltr'>doctrinae</span> <span class='ocrx_word' id='word_1_139' title='bbox 995 3223 1087 3283; x_wconf 84' lang='lat' dir='ltr'>facile</span> <span class='ocrx_word' id='word_1_140' title='bbox 1104 3233 1205 3299; x_wconf 86' lang='lat' dir='ltr'>patct;</span> <span class='ocrx_word' id='word_1_141' title='bbox 1223 3241 1292 3283; x_wconf 87' lang='lat' dir='ltr'>nam</span> <span class='ocrx_word' id='word_1_142' title='bbox 1323 3232 1324 3235; x_wconf 76' lang='grc'>’</span> 
     </span>
    </p>

    <p class='ocr_par' dir='ltr' id='par_1_6' title="bbox 316 3328 1476 3522">
     <span class='ocr_line' id='line_1_19' title="bbox 384 3328 1476 3411; baseline -0.003 -18"><span class='ocrx_word' id='word_1_143' title='bbox 384 3328 413 3393; x_wconf 92' lang='lat' dir='ltr'>l.</span> <span class='ocrx_word' id='word_1_144' title='bbox 435 3351 491 3410; x_wconf 90' lang='lat' dir='ltr'>per</span> <span class='ocrx_word' id='word_1_145' title='bbox 513 3333 640 3392; x_wconf 86' lang='lat' dir='ltr'>eandem</span> <span class='ocrx_word' id='word_1_146' title='bbox 663 3333 804 3411; x_wconf 77' lang='lat' dir='ltr'>quaestio</span> <span class='ocrx_word' id='word_1_147' title='bbox 824 3332 892 3402; x_wconf 90' lang='lat' dir='ltr'>illa,</span> <span class='ocrx_word' id='word_1_148' title='bbox 915 3351 993 3410; x_wconf 83' lang='lat' dir='ltr'>quae</span> <span class='ocrx_word' id='word_1_149' title='bbox 1027 3332 1191 3410; x_wconf 85' lang='lat' dir='ltr'>quemlibet</span> <span class='ocrx_word' id='word_1_150' title='bbox 1223 3350 1311 3410; x_wconf 85' lang='lat' dir='ltr'>quam</span> <span class='ocrx_word' id='word_1_151' title='bbox 1343 3332 1476 3392; x_wconf 80' lang='lat' dir='ltr'>maxims</span> 
     </span>
     <span class='ocr_line' id='line_1_20' title="bbox 316 3440 1335 3522; baseline 0 -22"><span class='ocrx_word' id='word_1_152' title='bbox 316 3440 434 3522; x_wconf 68' lang='lat' dir='ltr'>agitat,</span> <span class='ocrx_word' id='word_1_153' title='bbox 451 3442 488 3501; x_wconf 91' lang='lat' dir='ltr'>de</span> <span class='ocrx_word' id='word_1_154' title='bbox 505 3441 689 3501; x_wconf 85' lang='lat' dir='ltr'>exsistentia</span> <span class='ocrx_word' id='word_1_155' title='bbox 704 3442 867 3520; x_wconf 85' lang='lat' dir='ltr'>utriusque</span> <span class='ocrx_word' id='word_1_156' title='bbox 884 3441 957 3501; x_wconf 88' lang='lat' dir='ltr'>mali</span> <span class='ocrx_word' id='word_1_157' title='bbox 972 3441 1003 3500; x_wconf 90' lang='lat' dir='ltr'>in</span> <span class='ocrx_word' id='word_1_158' title='bbox 1020 3442 1130 3501; x_wconf 93' lang='lat' dir='ltr'>mundo</span> <span class='ocrx_word' id='word_1_159' title='bbox 1147 3442 1335 3519; x_wconf 65' lang='lat' dir='ltr'>explicatum</span> 
     </span>
    </p>

    <p class='ocr_par' dir='ltr' id='par_1_7' title="bbox 316 3545 1476 4069">
     <span class='ocr_line' id='line_1_21' title="bbox 381 3545 1476 3629; baseline 0.001 -19"><span class='ocrx_word' id='word_1_160' title='bbox 381 3545 413 3611; x_wconf 81' lang='lat'>2.</span> <span class='ocrx_word' id='word_1_161' title='bbox 430 3569 524 3628; x_wconf 87' lang='lat' dir='ltr'>porro</span> <span class='ocrx_word' id='word_1_162' title='bbox 540 3551 593 3610; x_wconf 88' lang='lat' dir='ltr'>illa</span> <span class='ocrx_word' id='word_1_163' title='bbox 615 3569 684 3611; x_wconf 92' lang='lat' dir='ltr'>cum</span> <span class='ocrx_word' id='word_1_164' title='bbox 701 3551 843 3611; x_wconf 90' lang='lat' dir='ltr'>doctrina</span> <span class='ocrx_word' id='word_1_165' title='bbox 860 3551 897 3610; x_wconf 89' lang='lat' dir='ltr'>de</span> <span class='ocrx_word' id='word_1_166' title='bbox 914 3560 1023 3610; x_wconf 91' lang='lat' dir='ltr'>nostra</span> <span class='ocrx_word' id='word_1_167' title='bbox 1039 3570 1094 3629; x_wconf 89' lang='lat' dir='ltr'>per</span> <span class='ocrx_word' id='word_1_168' title='bbox 1112 3550 1271 3611; x_wconf 77' lang='lat' dir='ltr'>christum</span> <span class='ocrx_word' id='word_1_169' title='bbox 1287 3550 1476 3611; x_wconf 86' lang='lat' dir='ltr'>redemtione</span> 
     </span>
     <span class='ocr_line' id='line_1_22' title="bbox 316 3658 1476 3738; baseline 0.002 -19"><span class='ocrx_word' id='word_1_170' title='bbox 316 3660 383 3720; x_wconf 88' lang='lat' dir='ltr'>ime</span> <span class='ocrx_word' id='word_1_171' title='bbox 412 3678 551 3720; x_wconf 80' lang='lat' dir='ltr'>connexa</span> <span class='ocrx_word' id='word_1_172' title='bbox 578 3669 642 3731; x_wconf 86' lang='lat' dir='ltr'>est,</span> <span class='ocrx_word' id='word_1_173' title='bbox 679 3678 757 3719; x_wconf 93' lang='lat' dir='ltr'>unns</span> <span class='ocrx_word' id='word_1_174' title='bbox 779 3661 876 3730; x_wconf 84' lang='lat' dir='ltr'>enim,</span> <span class='ocrx_word' id='word_1_175' title='bbox 914 3671 947 3720; x_wconf 95' lang='lat' dir='ltr'>nt</span> <span class='ocrx_word' id='word_1_176' title='bbox 969 3661 1059 3722; x_wconf 89' lang='lat' dir='ltr'>docet</span> <span class='ocrx_word' id='word_1_177' title='bbox 1089 3658 1346 3738; x_wconf 78' lang='lat' dir='ltr'>Apostolus¹),</span> <span class='ocrx_word' id='word_1_178' title='bbox 1380 3663 1476 3721; x_wconf 89' lang='lat' dir='ltr'>omni·</span> 
     </span>
     <span class='ocr_line' id='line_1_23' title="bbox 316 3769 1474 3848; baseline 0.003 -21"><span class='ocrx_word' id='word_1_179' title='bbox 316 3769 467 3838; x_wconf 79' lang='lat' dir='ltr'>subfuit,</span> <span class='ocrx_word' id='word_1_180' title='bbox 500 3779 531 3828; x_wconf 90' lang='lat' dir='ltr'>et</span> <span class='ocrx_word' id='word_1_181' title='bbox 552 3788 631 3829; x_wconf 88' lang='lat' dir='ltr'>unus</span> <span class='ocrx_word' id='word_1_182' title='bbox 659 3771 799 3829; x_wconf 89' lang='lat' dir='ltr'>omnibus</span> <span class='ocrx_word' id='word_1_183' title='bbox 826 3770 958 3847; x_wconf 78' lang='lat' dir='ltr'>profuit,</span> <span class='ocrx_word' id='word_1_184' title='bbox 991 3780 1081 3848; x_wconf 84' lang='lat' dir='ltr'>atque</span> <span class='ocrx_word' id='word_1_185' title='bbox 1110 3779 1277 3848; x_wconf 87' lang='lat' dir='ltr'>propterea</span> <span class='ocrx_word' id='word_1_186' title='bbox 1314 3780 1474 3846; x_wconf 86' lang='lat' dir='ltr'>peccatum</span> 
     </span>
     <span class='ocr_line' id='line_1_24' title="bbox 316 3878 1474 3956; baseline 0.003 -21"><span class='ocrx_word' id='word_1_187' title='bbox 316 3878 382 3938; x_wconf 45' lang='lat' dir='ltr'>,ami</span> <span class='ocrx_word' id='word_1_188' title='bbox 399 3886 431 3937; x_wconf 90' lang='lat' dir='ltr'>et</span> <span class='ocrx_word' id='word_1_189' title='bbox 447 3879 597 3938; x_wconf 89' lang='lat' dir='ltr'>redemtio</span> <span class='ocrx_word' id='word_1_190' title='bbox 616 3879 733 3939; x_wconf 78' lang='lat' dir='ltr'>curisti</span> <span class='ocrx_word' id='word_1_191' title='bbox 755 3889 827 3939; x_wconf 91' lang='lat' dir='ltr'>sunt</span> <span class='ocrx_word' id='word_1_192' title='bbox 842 3881 929 3940; x_wconf 83' lang='lat' dir='ltr'>volut</span> <span class='ocrx_word' id='word_1_193' title='bbox 947 3879 1005 3940; x_wconf 92' lang='lat' dir='ltr'>duo</span> <span class='ocrx_word' id='word_1_194' title='bbox 1023 3880 1183 3949; x_wconf 78' lang='lat' dir='ltr'>cardines,</span> <span class='ocrx_word' id='word_1_195' title='bbox 1203 3879 1234 3938; x_wconf 92' lang='lat' dir='ltr'>in</span> <span class='ocrx_word' id='word_1_196' title='bbox 1252 3879 1362 3956; x_wconf 81' lang='lat' dir='ltr'>quibus</span> <span class='ocrx_word' id='word_1_197' title='bbox 1379 3879 1474 3940; x_wconf 75' lang='lat' dir='ltr'>vortl-</span> 
     </span>
     <span class='ocr_line' id='line_1_25' title="bbox 316 3987 750 4069; baseline 0.014 -27"><span class='ocrx_word' id='word_1_198' title='bbox 316 3995 407 4048; x_wconf 68' lang='lat' dir='ltr'>rtota</span> <span class='ocrx_word' id='word_1_199' title='bbox 424 3987 604 4048; x_wconf 78' lang='lat' dir='ltr'>christiana</span> <span class='ocrx_word' id='word_1_200' title='bbox 622 3989 734 4069; x_wconf 74' lang='lat' dir='ltr'>religio</span> <span class='ocrx_word' id='word_1_201' title='bbox 741 4011 750 4060; x_wconf 80' lang='lat'>3</span> 
     </span>
    </p>

    <p class='ocr_par' dir='ltr' id='par_1_8' title="bbox 316 4092 1485 4394">
     <span class='ocr_line' id='line_1_26' title="bbox 343 4092 1473 4174; baseline 0 -17"><span class='ocrx_word' id='word_1_202' title='bbox 343 4128 346 4134; x_wconf 93' lang='lat'>·</span> <span class='ocrx_word' id='word_1_203' title='bbox 379 4092 410 4157; x_wconf 85' lang='grc'>3.</span> <span class='ocrx_word' id='word_1_204' title='bbox 428 4116 467 4156; x_wconf 86' lang='lat' dir='ltr'>ex</span> <span class='ocrx_word' id='word_1_205' title='bbox 483 4099 642 4174; x_wconf 84' lang='lat' dir='ltr'>praesenti</span> <span class='ocrx_word' id='word_1_206' title='bbox 663 4108 793 4158; x_wconf 86' lang='lat' dir='ltr'>naturae</span> <span class='ocrx_word' id='word_1_207' title='bbox 816 4109 943 4159; x_wconf 87' lang='lat' dir='ltr'>nostrae</span> <span class='ocrx_word' id='word_1_208' title='bbox 966 4107 1048 4158; x_wconf 86' lang='lat' dir='ltr'>statu</span> <span class='ocrx_word' id='word_1_209' title='bbox 1072 4116 1132 4158; x_wconf 92' lang='lat' dir='ltr'>non</span> <span class='ocrx_word' id='word_1_210' title='bbox 1154 4107 1273 4159; x_wconf 87' lang='lat' dir='ltr'>tantum</span> <span class='ocrx_word' id='word_1_211' title='bbox 1296 4097 1473 4159; x_wconf 76' lang='lat' dir='ltr'>necessitas</span> 
     </span>
     <span class='ocr_line' id='line_1_27' title="bbox 316 4206 1485 4288; baseline -0.001 -25"><span class='ocrx_word' id='word_1_212' title='bbox 316 4206 473 4265; x_wconf 79' lang='lat' dir='ltr'>relationis</span> <span class='ocrx_word' id='word_1_213' title='bbox 496 4216 526 4266; x_wconf 92' lang='lat' dir='ltr'>et</span> <span class='ocrx_word' id='word_1_214' title='bbox 548 4208 670 4286; x_wconf 84' lang='lat' dir='ltr'>gratiae</span> <span class='ocrx_word' id='word_1_215' title='bbox 698 4209 871 4288; x_wconf 78' lang='lat' dir='ltr'>colligitur,</span> <span class='ocrx_word' id='word_1_216' title='bbox 894 4209 949 4268; x_wconf 86' lang='lat' dir='ltr'>sed</span> <span class='ocrx_word' id='word_1_217' title='bbox 972 4217 1003 4267; x_wconf 87' lang='lat' dir='ltr'>et</span> <span class='ocrx_word' id='word_1_218' title='bbox 1024 4207 1148 4276; x_wconf 91' lang='lat' dir='ltr'>modus,</span> <span class='ocrx_word' id='word_1_219' title='bbox 1173 4226 1231 4284; x_wconf 88' lang='lat' dir='ltr'>qno</span> <span class='ocrx_word' id='word_1_220' title='bbox 1252 4226 1371 4269; x_wconf 88' lang='lat' dir='ltr'>summo</span> <span class='ocrx_word' id='word_1_221' title='bbox 1393 4208 1485 4267; x_wconf 62' lang='lat' dir='ltr'>bono,</span> 
     </span>
     <span class='ocr_line' id='line_1_28' title="bbox 316 4317 1067 4394; baseline 0.003 -21"><span class='ocrx_word' id='word_1_222' title='bbox 316 4318 488 4393; x_wconf 82' lang='lat' dir='ltr'>noequendo</span> <span class='ocrx_word' id='word_1_223' title='bbox 506 4318 701 4387; x_wconf 86' lang='lat' dir='ltr'>studeamus,</span> <span class='ocrx_word' id='word_1_224' title='bbox 720 4317 959 4387; x_wconf 76' lang='lat' dir='ltr'>determinatur-3</span> <span class='ocrx_word' id='word_1_225' title='bbox 976 4326 1067 4394; x_wconf 88' lang='lat' dir='ltr'>atque</span> 
     </span>
    </p>

    <p class='ocr_par' dir='ltr' id='par_1_9' title="bbox 316 4419 1471 4612">
     <span class='ocr_line' id='line_1_29' title="bbox 377 4419 1471 4506; baseline 0.001 -22"><span class='ocrx_word' id='word_1_226' title='bbox 377 4419 408 4485; x_wconf 80' lang='lat'>4.</span> <span class='ocrx_word' id='word_1_227' title='bbox 427 4428 509 4484; x_wconf 91' lang='lat' dir='ltr'>nullo</span> <span class='ocrx_word' id='word_1_228' title='bbox 526 4435 665 4503; x_wconf 88' lang='lat' dir='ltr'>tempore</span> <span class='ocrx_word' id='word_1_229' title='bbox 683 4428 826 4497; x_wconf 83' lang='lat' dir='ltr'>deerunt,</span> <span class='ocrx_word' id='word_1_230' title='bbox 844 4426 894 4504; x_wconf 87' lang='lat' dir='ltr'>qui</span> <span class='ocrx_word' id='word_1_231' title='bbox 916 4427 1088 4487; x_wconf 85' lang='lat' dir='ltr'>doctrinam</span> <span class='ocrx_word' id='word_1_232' title='bbox 1104 4425 1223 4489; x_wconf 83' lang='lat' dir='ltr'>hancce</span> <span class='ocrx_word' id='word_1_233' title='bbox 1243 4427 1471 4506; x_wconf 76' lang='lat' dir='ltr'>impugnarent,</span> 
     </span>
     <span class='ocr_line' id='line_1_30' title="bbox 316 4535 943 4612; baseline 0.005 -21"><span class='ocrx_word' id='word_1_234' title='bbox 316 4535 438 4595; x_wconf 83' lang='lat' dir='ltr'>trariis</span> <span class='ocrx_word' id='word_1_235' title='bbox 455 4536 616 4595; x_wconf 86' lang='lat' dir='ltr'>erroribus</span> <span class='ocrx_word' id='word_1_236' title='bbox 633 4536 849 4612; x_wconf 85' lang='lat' dir='ltr'>depravarent.</span> <span class='ocrx_word' id='word_1_237' title='bbox 941 4570 943 4574; x_wconf 94' lang='lat'>·</span> 
     </span>
    </p>
   </div>
   <div class='ocr_carea' id='block_1_5' title="bbox 316 4709 493 4727">
    <p class='ocr_par' dir='ltr' id='par_1_10' title="bbox 316 4709 493 4727">
     <span class='ocr_line' id='line_1_31' title="bbox 316 4709 493 4727; baseline 0.017 -3"><span class='ocrx_word' id='word_1_238' title='bbox 316 4709 493 4727; x_wconf 44' lang='lat'>*—</span> 
     </span>
    </p>
   </div>
   <div class='ocr_carea' id='block_1_6' title="bbox 379 4824 675 4908">
    <p class='ocr_par' dir='ltr' id='par_1_11' title="bbox 379 4824 675 4908">
     <span class='ocr_line' id='line_1_32' title="bbox 379 4824 675 4908; baseline 0.01 -21"><span class='ocrx_word' id='word_1_239' title='bbox 379 4827 404 4908; x_wconf 82' lang='lat'>¹)</span> <span class='ocrx_word' id='word_1_240' title='bbox 421 4827 508 4890; x_wconf 83' lang='lat' dir='ltr'>Rom.</span> <span class='ocrx_word' id='word_1_241' title='bbox 525 4825 557 4902; x_wconf 79' lang='grc' dir='ltr'>ὁ,</span> <span class='ocrx_word' id='word_1_242' title='bbox 576 4824 617 4892; x_wconf 83' lang='lat'>12</span> <span class='ocrx_word' id='word_1_243' title='bbox 635 4849 675 4891; x_wconf 86' lang='lat' dir='ltr'>ss.</span> 
     </span>
    </p>
   </div>
   <div class='ocr_carea' id='block_1_7' title="bbox 0 0 1892 5625">
    <p class='ocr_par' dir='ltr' id='par_1_12' title="bbox 0 0 1892 5625">
     <span class='ocr_line' id='line_1_33' title="bbox 0 0 1892 5625; baseline 0 1"><span class='ocrx_word' id='word_1_244' title='bbox 0 0 1892 5625; x_wconf 95' lang='lat' dir='ltr'> </span> 
     </span>
    </p>
   </div>
  </div>
 </body>
</html>
