3775 5625
1463 398 1528 463 113

328 557 437 622 datum
459 555 600 621 divinum
621 553 790 644 migrando
812 577 869 629 re,
900 568 933 619 rt
954 577 1063 621 secum
1086 578 1181 620 omne
1196 578 1300 644 genus
1321 560 1529 627 humanuma

326 666 397 730 Deo
420 666 550 740 avulsit,
572 678 665 751 atque
687 665 720 729 in
741 686 896 729 summam
918 665 1093 749 perniciem
1115 665 1344 751 praecipitavit.
1377 669 1529 756 Migravit

327 786 436 839 autem
454 776 560 862 legem
581 774 642 838 Dei
662 774 770 838 sciens
803 775 977 859 volensque
999 773 1120 858 primus
1142 795 1260 859 parens
1283 775 1352 841 sive
1374 778 1529 862 peccavit,

328 882 494 947 adiaboio
517 884 682 967 deceptus.
716 881 807 960 Quod
824 894 992 967 peccatum
1013 895 1199 968 sequentem
1219 883 1252 947 in
1272 886 1404 949 modum
1420 885 1452 949 in
1469 889 1530 952 SS.

328 990 496 1056 Litteris
512 1004 677 1057 narratur:
702 992 771 1054 Sed
790 1004 823 1055 ot
841 1013 975 1071 serpeus
995 1005 1068 1056 erat
1082 998 1235 1055 callidior
1256 1000 1384 1057 ouuatie
1401 1001 1530 1059 auima-

329 1106 416 1163 dous
432 1113 554 1183 torrae,
572 1123 655 1181 quae
668 1104 798 1176 farer-ot
811 1102 973 1164 liomiuu's
989 1102 1090 1166 Deus.
1110 1101 1176 1176 Qui
1187 1107 1277 1165 dixit
1290 1110 1333 1165 ad
1345 1110 1530 1168 mutierem.-

332 1208 403 1271 Our
429 1213 526 1290 (Aiu'
553 1204 608 1290 tu)
637 1216 808 1289 praecepit
830 1215 921 1272 uotis
946 1211 1056 1291 Deua,
1097 1222 1135 1273 ut
1165 1230 1231 1273 non
1263 1219 1472 1275 comederetis
1493 1221 1533 1274 de

329 1324 419 1380 omni
443 1324 532 1396 iiqno
554 1316 728 1398 paradisi?
755 1319 820 1381 Oui
843 1325 1011 1398 respoudit
1032 1314 1172 1381 mulier:
1203 1321 1254 1381 Do
1277 1322 1395 1395 fructu
1421 1326 1531 1399 liquo-

328 1448 416 1508 rum,
435 1448 519 1506 quae
534 1440 615 1491 suut
629 1434 664 1491 iu
677 1434 847 1510 paradiso,
865 1434 1045 1491 vendimur:
1063 1436 1102 1489 de
1114 1430 1321 1503 fruatuoero
1335 1434 1429 1510 tiqui,
1448 1437 1535 1508 quod

328 1548 378 1599 ort
391 1540 430 1598 iu
444 1541 547 1599 medio
566 1542 729 1618 paradisi,
749 1541 919 1616 praecepit
931 1541 1026 1599 nobis
1041 1537 1149 1611 Deus,
1172 1556 1214 1597 ue
1229 1544 1477 1617 comederemus,
1502 1550 1533 1600 ot

328 1665 370 1706 no
385 1656 593 1723 tanqeremur
607 1650 704 1719 ittad,
726 1666 768 1708 uo
781 1648 876 1719 forto
890 1650 1082 1710 moriamur.
1098 1645 1199 1706 Dimit
1212 1656 1319 1707 autem
1334 1664 1468 1723 serpena
1490 1653 1534 1707 ad

328 1759 516 1815 mulierem:
541 1754 758 1832 Nequaquam
772 1764 877 1815 morto
891 1756 1095 1816 moriemiuio
1120 1751 1195 1815 Scit
1209 1758 1294 1815 enim
1314 1754 1421 1836 Deua,
1448 1763 1536 1834 quod

329 1867 364 1924 iu
380 1882 582 1941 quorumque
602 1868 654 1924 die
670 1867 873 1924 comederitis
894 1881 939 1923 eu
960 1881 1014 1936 eo,
1043 1865 1232 1938 aperientur
1254 1866 1342 1923 ocuti
1366 1870 1480 1937 vestri,
1503 1888 1537 1947 eq

329 1977 423 2034 eritis
439 1976 526 2034 siout
545 1975 608 2052 dii,
634 1976 773 2034 soiemer
794 1977 931 2051 bonum,
958 1976 1134 2062 etmatum.
1163 1971 1252 2031 Vidit
1275 1975 1379 2048 iqitur
1404 1978 1532 2046 mulier,

329 2089 417 2158 quod
439 2086 555 2143 bouum
578 2092 661 2143 esset
677 2086 802 2159 iiquum
824 2088 867 2142 ad
885 2088 1093 2159 oeaoeudum,
1123 2091 1157 2142 et
1173 2082 1348 2158 puiolrrum
1373 2078 1530 2168 (qratum)

331 2196 457 2271 oculis,
483 2202 677 2269 aspectuque
695 2193 883 2253 delectabile
903 2194 1128 2266 (venustum):
1154 2200 1187 2251 et
1208 2194 1303 2252 tulit
1323 2197 1366 2251 de
1388 2193 1535 2264 fructu

331 2303 458 2373 iliius,
476 2311 515 2362 et
529 2304 707 2373 eomedit,
724 2304 915 2377 deditque
929 2304 1022 2361 oiro
1040 2318 1123 2371 ruo,
1141 2302 1208 2376 qui
1223 2300 1440 2374 comeatu).
1463 2300 1532 2363 Eva

332 2404 429 2492 igitur
445 2405 583 2491 primum
600 2426 618 2469 a
634 2419 785 2491 serpente
802 2407 937 2490 decepta
953 2417 1024 2486 test„
1043 2404 1157 2469 deiude
1173 2404 1331 2479 Adamus,
1352 2426 1446 2490 quem
1463 2428 1530 2470 rnu-

336 2512 391 2578 iier
411 2515 451 2579 ad
472 2515 611 2579 fructum
633 2513 765 2579 vetitum
786 2515 1020 2580 comedendum
1044 2513 1176 2598 impulit.
1208 2513 1290 2578 Huic
1312 2514 1434 2599 Moysis
1461 2535 1532 2579 nar·

326 2619 449 2687 'rationi
464 2624 526 2688 alia
541 2644 667 2710 quoque
689 2627 724 2688 S.
742 2623 929 2709 scripturae
950 2621 1134 2687 testimonia
1162 2622 1378 2688 consentiunt.
1412 2624 1532 2690 iesus

345 2730 489 2797 Sit-ach:
513 2736 543 2795 A
562 2740 746 2816 muliera,
771 2731 887 2820 inqiut,
916 2717 1149 2809 factumest
1177 2738 1337 2796 initium
1358 2740 1532 2816 peceati,

348 2853 437 2920 etper
452 2849 544 2906 iilam
569 2865 679 2906 omues
698 2847 904 2922 morimur2).
928 2842 1086 2906 Paulus:
1115 2845 1221 2905 iimoo
1243 2855 1365 2917 autem,
1389 2848 1536 2907 nostrat

332 2942 496 3030 'torpeus
523 2955 669 3016 Heoam
694 2958 859 3016 redusit
887 2957 1038 3016 astutia
1067 2972 1159 3033 sua,
1200 2957 1248 3015 ita
1279 2964 1534 3031 corrumpantur

353 3077 446 3124 ursus
471 3069 591 3142 vestri,
629 3075 662 3126 et
686 3068 842 3125 excidant
867 3084 888 3124 a
913 3066 1131 3143 simplicitate,
1161 3083 1245 3140 quae
1265 3073 1314 3124 ert
1329 3067 1364 3124 iu
1398 3062 1531 3124 Christo

351 3165 462 3245 ium).
496 3174 599 3255 Atque
616 3191 747 3234 rursus:
779 3174 882 3233 Adam
897 3176 984 3233 euim
996 3176 1124 3250 primus
1136 3172 1304 3245 formatus
1326 3182 1389 3244 eet,
1420 3174 1534 3232 deiude

352 3270 436 3341 Hera.
457 3280 508 3342 Et
527 3282 647 3341 Adam
670 3300 748 3342 uou
772 3292 833 3343 ert
859 3276 979 3362 (prior)
1006 3286 1210 3341 seductus:
1233 3282 1378 3340 mulier
1403 3289 1532 3340 autem

352 3391 491 3449 reducta
523 3393 563 3449 iu
591 3394 941 3467 praevaricatione
964 3390 1097 3462 fuid).
1129 3385 1318 3450 Joannes:
1354 3386 1420 3461 Qui
1446 3389 1535 3460 fooit

350 3504 507 3576 meadum,
533 3517 577 3559 eu
593 3503 721 3561 diabolo
738 3509 803 3561 mr:
828 3501 982 3577 quom'am
1004 3501 1052 3557 ab
1073 3500 1194 3559 initio
1224 3500 1410 3557 diabolus
1438 3513 1532 3572 peo-

352 3609 406 3663 00t.
427 3605 466 3664 In
487 3606 549 3667 hoo
574 3613 729 3684 apparuit
751 3607 863 3668 Filius
883 3606 966 3679 Dei,
995 3616 1034 3667 ut
1063 3609 1264 3666 dirooioat
1293 3623 1413 3683 opera
1443 3607 1531 3665 dia-

353 3701 455 3788 itii5).
486 3712 530 3774 Et
562 3712 649 3776 alibi:
681 3715 914 3793 Etprojeotus
934 3722 1120 3798 ostdraoo
1142 3719 1215 3776 iile
1234 3734 1411 3790 maanus,
1441 3732 1529 3773 aer·

350 3827 426 3881 reus
445 3827 648 3901 antiquus,
671 3829 738 3902 qui
768 3835 937 3886 oooatur
969 3829 1168 3898 diabolus,
1197 3834 1234 3885 et
1255 3833 1435 3894 satanas,
1464 3824 1533 3898 qui

353 3932 487 3992 tedooit
500 3936 732 3994 uuiversum
749 3937 927 4006 orbem).

438 4035 523 4100 idem
540 4058 640 4120 porro
657 4059 722 4101 non
740 4025 861 4102 tantum
883 4040 942 4101 SS.
967 4039 1106 4102 Patres
1131 4037 1270 4103 unanimi
1291 4056 1456 4102 consensu
1473 4036 1528 4101 do·

353 4148 421 4216 tent,
441 4144 652 4231 Ecclesiaque
669 4166 798 4231 semper
814 4167 853 4210 ac
869 4145 983 4232 ubique
1002 4145 1115 4222 tenuit,
1139 4148 1197 4212 sed
1214 4159 1246 4211 et
1263 4143 1471 4210 confirmatur
1489 4165 1531 4210 ex

354 4247 474 4336 aniiquae
505 4255 702 4320 'Proditionis
727 4255 892 4343 vestigiis,
924 4276 1004 4341 quae
1037 4257 1119 4340 apud
1146 4277 1257 4321 ornnes
1289 4267 1405 4342 gentes
1437 4274 1528 4340 repe·
1560 4304 1561 4307 η

354 4347 460 4427 fiuntur.
480 4365 572 4441 Quod
587 4364 632 4429 ita
648 4379 769 4430 certum
787 4378 850 4440 est,
867 4377 902 4430 ut
917 4365 988 4450 ipse
1009 4363 1193 4429 incredulus
1210 4364 1394 4449 scripserit:
1424 4365 1531 4427 Oaaus

354 4502 600 4536 2—-

439 4605 465 4686 4)
483 4608 561 4673 Gen.
579 4605 611 4680 3,
630 4603 939 4687 1-6.-²)1tcclt.
957 4600 1011 4678 25,
1034 4601 1087 4667 33.
1106 4638 1149 4650 -
1171 4606 1199 4682 ⁸)
1223 4601 1253 4666 2.
1271 4603 1341 4665 Oor.
1362 4601 1414 4674 11,
1437 4599 1467 4663 3.
1486 4634 1528 4646 -

357 4681 502 4842 ⁴¹)219Tim.
519 4695 550 4769 2,
570 4695 612 4760 13
628 4719 652 4760 s.
665 4697 710 4759 Of.
728 4699 814 4760 Rom.
832 4693 864 4768 5,
883 4693 924 4758 12
941 4717 965 4757 s.
985 4731 1025 4740 -
1044 4697 1070 4778 ὅ)
1083 4693 1111 4757 l.
1124 4695 1216 4756 Joan.
1229 4692 1259 4766 3,
1278 4692 1308 4757 8.
1332 4728 1369 4740 -
1387 4689 1415 4778 ⁶)
1431 4692 1528 4772 Apoo.

1291 4891 1311 4955 8
