3775 5625
223 338 244 405 l
339 372 408 444 no

338 545 580 627 Irenaeus1),
613 545 919 630 chrysostomus
936 544 980 625 ²),
1013 543 1294 623 Tertullianus,
1316 546 1371 635 qni
1392 546 1525 635 plurilus

338 654 370 719 in
392 654 473 721 locis
495 652 617 720 arbitrii
637 655 668 719 in
691 668 857 742 utramque
873 668 997 742 purtem
1012 656 1192 722 libertatem
1213 658 1351 724 adstruit
1361 664 1407 740 ⁸),
1439 657 1524 725 Hile-

339 766 475 845 rius⁴),
505 766 818 860 Hieronymus⁵)s,
840 778 871 829 et
891 766 1051 851 reliquis).
1085 767 1240 845 Quoniam
1271 781 1379 833 tumen
1414 790 1525 844 omnes,

340 875 392 961 qui
409 876 566 940 delibero
588 875 720 939 arbitrio
743 875 872 940 sinistre
906 888 1093 951 senscrunt,
1124 876 1340 964 Augustinum
1372 877 1527 944 nominant

340 983 500 1069 opinionis
517 1005 594 1048 suae
610 997 791 1059 auctorem,
815 985 917 1070 eliqua
933 1006 975 1048 ex
990 986 1053 1050 hoo
1069 985 1241 1071 praecipue
1258 988 1353 1051 Patre
1371 987 1526 1053 delibando

340 1106 415 1159 sunt
430 1093 628 1167 testimonie,
650 1093 762 1179 quibus
784 1093 957 1158 indubitate
981 1096 1129 1170 docetur,
1160 1116 1218 1181 per
1249 1096 1388 1183 gratiam
1422 1098 1526 1163 nullum

339 1204 494 1268 voluntati
525 1202 637 1266 inferri
669 1203 905 1268 necessitatem.
929 1205 1087 1267 Liberum
1103 1211 1288 1289 arbitrium,
1312 1206 1442 1293 inquit.
1459 1230 1526 1271 uon

341 1320 428 1378 ineo
454 1319 632 1394 tollitur,
658 1318 736 1391 quia
748 1318 942 1392 juvatur;
967 1322 1024 1375 sert
1039 1318 1273 1397 ideajuvatur,
1291 1321 1371 1394 puio
1386 1337 1453 1379 non
1470 1324 1525 1379 tol-

341 1429 421 1485 litur
432 1428 469 1502 ⁷).
481 1460 523 1469 -
536 1424 640 1485 Nemo
657 1426 753 1485 habet
767 1428 802 1484 in
814 1435 984 1505 potestate,
1003 1429 1082 1502 quia
1096 1430 1126 1486 ei
1142 1430 1252 1487 ueniat
1265 1430 1301 1487 in
1316 1438 1465 1508 mentem,
1481 1433 1528 1489 sea

341 1537 573 1595 consentire
595 1538 801 1595 vacationi
817 1535 907 1614 Dei,
926 1540 979 1594 oel
993 1539 1037 1595 ab
1054 1555 1096 1595 ea
1112 1539 1330 1597 dissentire
1342 1541 1527 1615 propriae

340 1645 544 1705 uoluntati
550 1664 565 1702 s
581 1641 691 1721 est⁸).
710 1679 750 1688 —
770 1641 865 1704 Siout
881 1649 936 1704 ten
950 1664 1010 1721 per
1023 1645 1130 1724 fidene,
1148 1649 1194 1705 sie
1212 1648 1348 1707 liberum
1363 1650 1527 1708 arbitrium

337 1775 398 1834 ρον
411 1757 555 1832 qratiam
570 1773 648 1814 non
671 1765 906 1831 eraruatur,
924 1760 991 1814 sed
1012 1757 1224 1815 statuitur:
1241 1752 1313 1838 quia
1330 1774 1446 1838 nempe
1461 1775 1524 1841 gre·

341 1863 383 1926 tis
405 1874 497 1925 sanat
516 1862 726 1935 voluntatem,
749 1883 809 1947 qna
820 1861 946 1946 justitia
962 1861 1060 1925 libere
1082 1860 1229 1949 diligetur
1241 1866 1280 1941 ⁹).
1312 1862 1410 1938 Dein,
1427 1861 1525 1927 utalia

342 1972 538 2045 omittamus,
559 1970 633 2034 illud
648 1970 804 2054 imprimis
820 1969 973 2046 inculcet,
994 1991 1095 2056 neque
1113 1972 1217 2035 solnm
1234 1970 1418 2047 arbitrium,
1434 1993 1524 2058 neque

342 2082 443 2145 solam
461 2080 597 2166 gretiam
616 2081 733 2143 bonum
751 2101 832 2164 opus
849 2079 994 2154 efficere,
1017 2082 1074 2143 scrl
1091 2092 1258 2165 utrumque
1274 2080 1386 2156 simul,
1404 2082 1484 2166 quod
1498 2094 1523 2144 et

341 2189 489 2274 Apostoli
513 2189 631 2276 insigni
654 2188 838 2254 testimonio
861 2191 993 2276 prohat:
1019 2194 1105 2253 Plus
1121 2196 1268 2253 omnibus
1284 2196 1353 2253 iltis
1370 2197 1521 2254 laborari:

342 2322 409 2362 non
423 2321 481 2379 epo
499 2312 616 2381 autem,
635 2308 692 2362 sert
702 2306 814 2379 qratia
829 2302 892 2362 Dei
908 2321 1038 2363 meeum.
1069 2301 1155 2378 Quae
1175 2301 1273 2364 verbu
1294 2299 1447 2365 illustret:
1462 2303 1522 2364 Ait:

342 2411 421 2471 Non
436 2430 494 2487 eqo
512 2421 631 2491 aretem,
649 2417 706 2471 sert
716 2415 828 2489 pratia
843 2430 981 2473 meeum:
1000 2416 1112 2492 idest,
1130 2431 1197 2473 non
1212 2413 1315 2491 solus,
1335 2418 1392 2473 sed
1403 2415 1525 2490 pratia

344 2519 418 2579 Dei
433 2538 591 2579 urceum:
610 2540 647 2580 ae
660 2540 721 2598 per
737 2523 797 2581 Irae
812 2541 879 2581 nee
901 2526 1034 2597 pratia
1054 2522 1126 2582 Dei
1147 2523 1250 2601 sola,
1272 2540 1332 2581 neo
1348 2524 1417 2597 ipse
1432 2528 1523 2600 eatur,

344 2634 401 2688 sert
413 2632 524 2705 pratia
540 2629 603 2689 Dei
619 2648 690 2689 eum
706 2633 763 2690 illo
777 2633 829 2708 ¹⁰).
861 2628 1010 2713 illiusque
1036 2640 1087 2692 est
1111 2628 1201 2691 illud:
1221 2628 1288 2703 Qut
1310 2632 1396 2704 ferit
1419 2635 1526 2692 tesius

346 2748 388 2820 te,
406 2756 474 2798 reon
490 2748 519 2799 te
526 2739 690 2817 justificat
703 2743 787 2799 sine
807 2750 841 2801 te
852 2742 906 2818 ¹¹).

457 3008 480 3095 ¹)
500 3013 584 3072 Cant.
602 3016 682 3075 itaer.
700 3015 719 3074 1.
736 3017 765 3074 4.
784 3035 809 3077 ο.
826 3017 876 3073 37.
894 3036 924 3075 n.
938 3018 966 3076 1.
984 3035 1013 3092 p.
1028 3011 1104 3076 281.
1124 3013 1185 3083 Qui
1198 3021 1362 3089 operantur
1378 3015 1455 3074 illud
1469 3011 1524 3099 (bo-

348 3100 447 3187 num),
467 3105 599 3179 pluriam
622 3112 650 3163 et
670 3107 813 3165 honorem
830 3106 1017 3179 percipient;
1043 3106 1186 3181 quoniam
1203 3105 1320 3180 operati
1336 3113 1410 3165 suni
1424 3109 1524 3173 bonum,

348 3216 415 3254 cum
436 3196 589 3272 possint
610 3217 683 3255 non
706 3197 864 3271 operari
885 3197 978 3270 ittam
996 3197 1029 3255 lti
1044 3205 1156 3270 autem,
1174 3197 1227 3272 qui
1243 3197 1322 3255 illud
1337 3217 1399 3256 non
1415 3217 1524 3276 operan-

349 3293 407 3367 tur²
415 3286 570 3363 judicium
578 3290 699 3364 justum
715 3287 860 3362 recipient
874 3287 951 3360 Dei,
969 3288 1112 3362 qnoniam
1127 3307 1188 3346 non
1204 3295 1275 3352 sunt
1289 3288 1410 3363 operati
1424 3292 1525 3354 bonum,

351 3398 417 3436 cum
428 3377 587 3450 possint
602 3378 753 3452 operari
769 3379 855 3439 illud.
868 3374 1049 3460 —²)Ham.
1067 3382 1116 3439 19.
1134 3378 1168 3438 in
1186 3378 1260 3439 Gen.
1277 3399 1309 3439 n.
1321 3382 1348 3440 1.
1368 3377 1447 3458 Opp.
1457 3379 1491 3438 T.
1501 3373 1525 3436 4.

349 3490 378 3545 p.
398 3465 756 3528 litteratissimum
773 3506 814 3513 -
831 3489 903 3528 non
924 3470 1102 3544 imponit,
1125 3472 1178 3529 sed
1203 3470 1435 3544 eonpruentibus
1450 3488 1525 3528 reme-

350 3558 412 3617 diis
428 3560 578 3632 appositis
595 3567 707 3619 totum
723 3562 836 3619 situm
852 3561 889 3619 in
905 3561 1140 3637 aeprotantis
1164 3560 1354 3620 sententia
1371 3558 1526 3620 dimittit.

350 3685 394 3693 —
414 3648 439 3727 ³)
459 3650 544 3710 Oont.
565 3653 662 3709 Marc.
688 3654 706 3711 l.
725 3656 753 3712 2.
779 3673 803 3710 c.
820 3655 848 3712 5.
874 3650 954 3731 Opp.
972 3653 1009 3713 V.
1026 3651 1057 3721 2.
1073 3674 1103 3731 p.
1124 3648 1198 3714 183.
1230 3653 1301 3710 Non
1314 3658 1476 3726 poneretur
1490 3652 1528 3708 les

351 3741 392 3811 ei,
420 3740 473 3816 qai
498 3760 558 3799 non
582 3744 702 3801 haberet
717 3743 889 3817 obsequium
906 3743 1035 3802 debitum
1052 3743 1110 3819 lepi
1133 3743 1172 3801 in
1196 3763 1262 3801 sua
1287 3750 1528 3820 potestate.-

352 3836 379 3910 4)
398 3835 444 3891 De
463 3831 571 3891 Trinit.
591 3835 609 3894 1.
629 3836 657 3894 l.
675 3853 705 3891 n.
724 3836 772 3894 11.
792 3832 871 3913 Opp.
889 3835 926 3896 T.
943 3832 974 3894 2.
993 3855 1018 3894 o.
1037 3832 1066 3894 9.
1099 3836 1176 3892 Esse
1191 3832 1278 3908 filios
1299 3833 1376 3907 Dei,
1398 3855 1467 3893 non
1484 3852 1527 3890 ne-

352 3923 563 3983 cessitatem
580 3943 643 3982 esse
658 3923 759 3996 voluit,
777 3927 841 3982 sed
852 3931 1087 3998 potestatem.
1105 3961 1149 3970 —
1166 3924 1191 4002 ⁶)
1211 3923 1323 3985 Oomm.
1341 3923 1376 3983 in
1392 3927 1491 3984 Manu.
1506 3924 1529 3991 5,

351 4017 401 4075 46.
418 4013 498 4093 Opp.
516 4015 554 4076 T.
569 4011 598 4075 1.
616 4036 641 4073 c.
655 4012 706 4075 32.
726 4015 763 4075 St
778 4015 839 4073 Dei
854 4023 1014 4092 praecepta
1032 4015 1211 4087 custodiens,
1221 4013 1310 4090 filius
1327 4016 1399 4090 quis
1415 4015 1531 4095 efficitur

351 4105 431 4164 Dei:
453 4125 524 4180 ονρο
548 4125 610 4164 non
632 4113 675 4164 est
694 4112 807 4164 notura
820 4106 922 4181 filius,
944 4110 998 4166 sed
1019 4106 1186 4165 arbitrio
1207 4125 1282 4169 suo.
1301 4140 1342 4150 —
1361 4104 1389 4188 ⁸)
1408 4107 1451 4168 of.
1466 4106 1529 4164 Am-

353 4197 449 4258 bros.
470 4199 588 4270 Empos.
610 4200 754 4260 Ps.118.
776 4201 930 4256 serm.12.
952 4219 982 4258 n.
1000 4201 1052 4257 13.
1076 4196 1155 4276 Opp.
1173 4198 1210 4258 T.
1231 4196 1259 4258 1.
1282 4217 1307 4260 c.
1327 4194 1426 4259 1111.
1456 4198 1529 4256 Pro·

353 4306 446 4366 sper.
463 4291 513 4345 De
528 4296 622 4350 uocat.
637 4295 715 4363 pent.
734 4289 753 4346 1.
771 4293 799 4348 2.
817 4309 842 4347 c.
859 4293 909 4348 12.
926 4292 976 4350 26.
995 4292 1044 4352 28.
1063 4310 1089 4350 c.
1100 4285 1176 4351 898.
1188 4284 1253 4348 913
1270 4308 1294 4348 s.
1313 4283 1380 4348 915
1398 4309 1436 4349 ss.
1455 4286 1530 4348 Gon-

354 4377 414 4439 cil.
437 4377 569 4437 Araus.
592 4399 616 4437 ο.
636 4382 685 4439 25.
709 4379 843 4451 Mansi,
861 4380 935 4441 Oott.
955 4381 1044 4440 Cone.
1063 4376 1102 4439 T.
1122 4377 1151 4440 8.
1170 4379 1194 4438 ο.
1215 4375 1277 4438 111
1298 4399 1322 4437 s.
1340 4414 1383 4422 —
1402 4379 1425 4458 ⁷)
1440 4377 1529 4456 Epist.

355 4471 424 4529 157.
443 4471 483 4526 ad
500 4468 602 4528 Hilar.
619 4491 648 4527 n.
668 4474 715 4529 10.
734 4468 813 4549 Opp.
831 4470 868 4530 T.
886 4467 917 4533 2.
935 4492 959 4530 c.
981 4468 1055 4533 145.
1073 4506 1116 4516 -—
1133 4473 1160 4545 θ)
1176 4473 1225 4528 De
1241 4469 1319 4546 spir.
1336 4476 1365 4527 et
1380 4470 1435 4528 litt.
1453 4490 1474 4529 c.
1490 4470 1530 4527 34.

354 4581 384 4621 n.
403 4563 452 4619 60.
471 4556 509 4620 Τ.
531 4557 581 4621 10.
599 4583 624 4619 c.
645 4558 718 4623 121).
738 4596 779 4606 -
800 4560 825 4639 ⁹)
843 4561 890 4620 Ib.
907 4581 931 4619 c.
949 4565 1000 4621 30.
1023 4583 1052 4622 n.
1070 4564 1119 4622 52.
1137 4581 1160 4621 c.
1181 4557 1255 4620 114.
1274 4559 1319 4620 Of.
1337 4580 1362 4621 c.
1381 4564 1432 4620 31.
1448 4581 1476 4623 n.
1491 4561 1530 4617 54.

356 4671 381 4708 c.
406 4649 478 4712 115.
498 4688 538 4694 —
558 4648 600 4734 ¹⁰)
620 4654 670 4710 De
690 4660 769 4727 prat.
793 4659 821 4711 et
840 4652 891 4711 tto.
917 4655 981 4712 arb.
1008 4673 1032 4713 e.
1054 4655 1082 4711 5.
1107 4673 1137 4714 n.
1160 4655 1208 4710 12.
1233 4652 1272 4712 T.
1292 4648 1343 4712 10.
1367 4672 1392 4710 c.
1411 4648 1480 4712 124.
1497 4683 1529 4694 -

358 4743 397 4819 ¹¹)
415 4743 511 4801 Serm.
530 4746 598 4801 169.
616 4764 645 4803 n.
664 4747 712 4801 13.
732 4744 769 4803 T.
787 4741 817 4802 5.
835 4765 860 4806 c.
878 4741 953 4805 815.
973 4742 1018 4802 (tf.
1036 4744 1085 4801 Aa
1101 4741 1293 4816 Simplicium.
1306 4745 1362 4800 11.
1377 4763 1406 4817 q.
1418 4748 1444 4801 2.
1453 4763 1480 4800 u.
1489 4744 1528 4799 11.

357 4833 394 4899 T.
413 4829 442 4901 6,
460 4853 484 4892 c.
502 4831 554 4898 94.
587 4837 635 4896 De
652 4833 707 4896 cio.
724 4837 767 4897 D.
785 4837 804 4894 1.
822 4836 852 4902 5,
868 4855 893 4897 o.
912 4839 961 4899 10.
979 4835 1017 4896 Τ.
1037 4831 1065 4899 1.
1083 4856 1107 4900 c.
1127 4830 1190 4899 124
1206 4854 1232 4897 s.
1263 4836 1312 4894 De
1326 4852 1411 4910 pecc.
1431 4835 1529 4894 menn
