3775 5625
368 416 439 491 508

373 596 500 674 quidem
515 611 596 673 ease,
615 596 751 663 aeduos
766 601 799 656 et
809 596 971 671 prodesse.
988 625 1031 640 ——
1047 588 1115 657 Nec
1131 609 1195 654 non
1212 586 1297 656 idem
1308 589 1376 677 Jam
1393 608 1436 655 ex
1452 604 1552 666 natura

372 700 447 769 fidei
462 715 555 788 atque
569 700 765 776 dilectionis,
795 701 1049 788 reliquarumque
1069 701 1219 767 uirtutum
1250 701 1425 790 colligitur.
1458 702 1552 769 Oritur

373 811 457 878 euim
477 812 602 898 quidem
624 811 778 887 charitaS,
802 811 846 875 uti
868 812 964 877 timor
982 834 1020 877 ac
1035 833 1127 897 spes,
1152 834 1194 877 ex
1208 811 1286 888 fide,
1302 835 1368 878 non
1385 826 1493 879 tamen
1507 836 1552 879 nc·

372 921 533 997 cessario,
564 920 636 1007 quia
666 923 746 986 haec
776 934 896 985 tantum
927 921 1068 1006 disponit
1091 944 1129 987 ac
1152 921 1283 989 inclinat
1304 926 1344 988 ad
1368 922 1553 1011 diligendum

267 1020 269 1024 ¹
323 1071 326 1077 ·
371 1053 459 1107 eum,
490 1031 542 1098 cui
573 1030 722 1097 creditur.
749 1031 931 1116 Dispositio
964 1053 1040 1096 vero
1064 1044 1096 1098 et
1115 1032 1278 1098 inclinatio
1296 1056 1360 1098 non
1378 1033 1485 1121 cogit,
1507 1034 1554 1099 sel

370 1141 505 1207 liberum
526 1141 675 1228 relinquit
696 1142 874 1217 hominem,
894 1155 928 1207 ut
950 1142 1076 1229 diligat,
1096 1142 1125 1206 si
1141 1142 1232 1218 velit,
1254 1156 1286 1208 et
1301 1165 1366 1208 non
1385 1143 1512 1232 diligat,
1532 1142 1554 1207 ai

370 1272 434 1316 uon
457 1250 540 1316 velit.
569 1255 671 1337 Atque
692 1251 719 1316 si
748 1252 818 1316 sola
833 1251 915 1317 tides
933 1251 1141 1337 justificaret:
1181 1243 1251 1317 sine
1268 1252 1364 1318 dubio
1383 1253 1481 1320 etiam
1496 1253 1554 1318 sola

371 1361 453 1426 fides
469 1362 621 1434 salvaret3
646 1382 709 1425 non
726 1360 810 1424 enim
827 1361 926 1425 amitti
942 1374 1055 1446 posset
1066 1361 1191 1446 justitia
1216 1362 1460 1449 quibuscunque
1474 1362 1553 1428 ruffio

371 1470 538 1556 operibus,
554 1461 616 1535 nisi
633 1469 831 1544 amitteretur
862 1470 961 1546 fides,
992 1484 1138 1536 manente
1170 1485 1276 1537 autem
1303 1473 1446 1557 justitia,
1479 1473 1553 1537 salus

369 1601 495 1666 quoque
511 1592 600 1644 esset
614 1579 646 1644 in
664 1592 741 1643 tuto.
767 1581 858 1658 Quod
879 1600 972 1665 quam
989 1581 1162 1645 absurdum
1178 1580 1234 1656 sit,
1251 1580 1326 1646 licet
1341 1604 1360 1647 a
1376 1584 1551 1648 Protestau·

369 1690 454 1756 tibus
470 1691 709 1763 defenderetur,
724 1709 784 1774 per
800 1709 836 1754 se
852 1689 1047 1778 intelligitur.

477 1818 530 1885 lv.
555 1817 698 1881 Tandem
715 1817 873 1882 sententia
895 1817 1057 1882 contrario
1072 1818 1321 1884 Protestantium
1336 1818 1371 1882 in
1389 1840 1426 1885 se
1444 1832 1496 1885 est
1509 1822 1550 1887 at

370 1948 450 1992 sona
467 1940 558 2013 atque
576 1948 670 1992 omne
685 1926 812 1992 virtutis
829 1926 967 1991 studium
983 1938 1141 1992 evertens.
1162 1926 1223 1991 Est
1238 1928 1377 2003 absona,
1394 1949 1471 1993 uam
1485 1928 1549 1993 lidu

370 2037 419 2102 cia
441 2036 507 2113 illa,
530 2058 624 2122 quam
647 2037 750 2101 solam
767 2034 999 2119 justificantem
1016 2057 1091 2100 esse
1106 2048 1270 2111 asserunt,
1288 2058 1350 2122 qua
1366 2037 1494 2104 scilicet
1507 2040 1548 2103 ho

369 2168 422 2210 mo
439 2146 555 2221 credit,
572 2145 633 2210 sibi
649 2159 783 2231 propter
800 2146 962 2211 Christum
977 2158 1111 2231 peccata
1127 2167 1202 2211 esse
1224 2145 1378 2223 remissa,
1405 2147 1548 2232 justifica

361 2256 488 2322 tionem
504 2257 572 2341 jam
595 2256 725 2332 factam,
758 2256 909 2341 supponit
929 2269 961 2320 et
982 2256 1139 2341 sequitur,
1155 2277 1352 2343 nequaquam
1370 2271 1549 2325 autemeam

368 2365 532 2450 praecedit
547 2378 601 2430 aut
615 2364 780 2451 producit,
800 2365 860 2430 nisi
883 2378 1065 2430 assumatur
1096 2365 1270 2432 universim
1301 2366 1455 2433 effectum
1477 2369 1547 2455 prio

368 2496 437 2539 rem
452 2496 526 2540 esse
543 2472 649 2540 causi.
681 2475 816 2540 Virtutis
833 2474 972 2539 studium
987 2488 1092 2540 autem
1109 2475 1259 2552 destruit,
1290 2478 1453 2564 latamque
1480 2477 1547 2543 desi·

369 2584 439 2648 diae
461 2585 574 2648 morali
595 2605 633 2649 ac
654 2584 774 2649 levitati
790 2598 916 2670 portam
933 2584 1050 2670 aperit,
1067 2607 1162 2671 quum
1179 2606 1306 2652 omnem
1321 2587 1549 2672 poenitentiam,

369 2692 474 2758 omnia
490 2715 588 2779 opera
603 2694 703 2768 bona,
718 2693 783 2757 imo
799 2694 870 2778 ipsa
887 2697 1095 2759 Sacramenta
1111 2696 1271 2780 superllua
1286 2698 1411 2762 reddat.
1437 2696 1549 2762 Etenim

369 2804 407 2867 ad
423 2803 497 2890 quid
513 2804 694 2889 poenitere,
710 2817 764 2869 aut
779 2802 874 2870 bonis
892 2803 1044 2890 operibus
1059 2826 1190 2880 vacare,
1211 2818 1265 2870 aut
1281 2811 1495 2873 Sacramenta
1508 2829 1548 2872 su·

367 2913 511 2999 scipere,
534 2914 563 2979 si
583 2915 653 2979 sine
672 2913 735 2979 illis
759 2927 791 2979 et
807 2927 880 2980 ante
896 2918 1030 2996 haecce,
1051 2937 1111 2999 per
1128 2917 1229 2980 solam
1246 2915 1342 2980 fidem
1359 2917 1432 2981 Deo
1448 2939 1548 2982 recon-

368 3023 492 3089 ciliatus
516 3027 611 3089 sum?
642 3024 723 3103 Qtrin
745 3025 811 3088 imo
836 3023 1031 3109 poenitentia
1061 3037 1155 3110 atque
1179 3027 1263 3089 bona
1288 3046 1389 3110 opera
1412 3047 1485 3091 cum
1500 3026 1548 3090 lide

362 3132 559 3218 justificante
575 3133 823 3199 Protestantium
838 3155 976 3219 prorsus
993 3133 1143 3219 componi
1158 3156 1221 3198 non
1238 3147 1388 3219 possunt.
1425 3140 1548 3218 Quomo-

367 3243 407 3306 do
424 3242 508 3306 enim
532 3264 706 3327 possumus
732 3243 843 3306 dolore
859 3244 898 3307 de
914 3243 1058 3328 peccatis
1085 3243 1267 3308 commissis
1290 3258 1456 3330 concepto
1473 3260 1549 3331 atque

365 3351 542 3416 voluntaria
572 3352 675 3417 nostri
708 3352 919 3440 castigatione
942 3351 1144 3436 propitiando
1166 3353 1294 3416 Numini
1317 3375 1457 3439 operam
1478 3358 1549 3426 dare,

366 3473 420 3524 aut
441 3473 606 3547 satagere,
631 3474 665 3524 ut
680 3483 737 3546 per
753 3463 839 3525 bona
855 3482 956 3546 opera
978 3474 1098 3526 certam
1129 3474 1275 3526 nostram
1294 3464 1502 3530 vocationem
1514 3463 1547 3527 la·

367 3572 505 3644 ciamus,
521 3569 582 3633 nisi
598 3571 792 3636 haesitemus
808 3569 840 3635 in
857 3570 934 3645 lide,
952 3583 984 3636 et
999 3572 1186 3635 mendacem
1201 3570 1358 3637 faciamus
1373 3575 1502 3638 Derim?

475 3679 625 3757 Quamvis
646 3693 750 3745 autem
773 3680 846 3745 fidei
864 3694 896 3746 et
911 3680 1041 3766 reliquis
1057 3680 1243 3754 virtutihus,
1260 3701 1342 3766 quae
1354 3681 1545 3767 justificatio-

367 3808 439 3851 nom
471 3791 683 3872 praecedunt,
713 3813 911 3877 nequaquam
942 3789 1090 3853 meritum
1121 3789 1211 3864 insit,
1232 3791 1317 3875 quod
1342 3793 1503 3877 adpellant
1519 3798 1548 3853 de

367 3904 538 3978 condigno.
555 3897 599 3962 ita
614 3912 649 3962 ut
663 3913 797 3985 propter
813 3901 942 3965 easdem
960 3898 1051 3984 quasi
1062 3901 1137 3983 jure
1153 3899 1298 3983 perlecto
1317 3899 1381 3964 sibi
1398 3901 1547 3967 vindicare

366 4009 462 4070 homo
483 4006 619 4094 gratiam
635 4008 866 4092 justificantem
887 4021 995 4096 queat:
1019 4020 1125 4072 tamen
1142 4029 1184 4071 ex
1199 4010 1299 4072 altera
1321 4023 1418 4093 parte
1436 4010 1549 4074 minine

367 4116 460 4180 etiam
477 4117 563 4179 omni
580 4117 693 4181 merito
710 4117 762 4181 illo
780 4139 919 4204 quoque,
942 4119 1026 4203 quod
1046 4130 1164 4181 vocant
1187 4128 1225 4180 de
1240 4140 1405 4200 congruo,
1431 4120 1547 4184 destitu-

366 4237 475 4298 untur,
496 4237 528 4288 et
549 4227 588 4288 ad
609 4227 690 4291 hanc
712 4239 832 4291 tantum
848 4240 995 4302 externe,
1015 4226 1118 4290 instar
1135 4247 1247 4291 manus
1264 4229 1386 4292 donum
1404 4230 1548 4314 recipien-

366 4502 404 4561 Τ.
423 4497 454 4564 8.
471 4521 495 4561 c.
515 4498 589 4562 990.
608 4501 722 4578 etur.
740 4505 788 4561 10.
806 4502 840 4560 in
856 4523 902 4579 ep.
919 4504 1011 4564 Joon.
1028 4523 1058 4560 n.
1076 4507 1104 4560 2.
1123 4503 1161 4564 Τ.
1177 4499 1206 4563 3.
1223 4502 1259 4561 P.
1272 4499 1433 4566 2.c.894.
1451 4504 1547 4571 Clam.

366 4592 470 4653 Alex.
487 4593 597 4654 strom.
615 4594 633 4651 l.
651 4596 680 4651 2.
697 4604 721 4651 o.
739 4597 789 4654 12.
816 4591 896 4672 Opp.
914 4595 951 4655 T.
972 4593 999 4653 1.
1016 4615 1044 4672 p.
1063 4589 1139 4654 458.
1173 4592 1367 4672 Chrysost.
1402 4599 1494 4657 Hom.
1508 4597 1548 4654 10.

367 4683 400 4741 in
414 4686 506 4743 Joou.
523 4704 552 4743 rt.
569 4687 598 4743 3.
616 4682 695 4764 Opp.
713 4681 752 4745 Τ.
771 4682 800 4746 8.
818 4706 848 4764 p.
866 4682 919 4744 61.
952 4685 1118 4744 Ambros.
1142 4684 1242 4759 Epist.
1261 4686 1366 4747 Clusa.
1385 4691 1415 4746 2.
1434 4690 1493 4766 Ep.
1509 4687 1547 4745 78.

366 4795 396 4834 n.
413 4778 441 4834 8.
470 4773 549 4854 Opp.
565 4775 603 4834 Τ.
620 4772 649 4835 2.
677 4796 702 4833 c.
722 4772 817 4836 1094.
850 4774 1009 4854 Gregor.
1028 4777 1070 4836 M.
1095 4779 1182 4836 Horu.
1200 4779 1250 4837 38.
1276 4775 1312 4838 in
1327 4780 1407 4839 Eoo.
1437 4801 1467 4840 n.
1485 4782 1509 4841 7.
1523 4777 1545 4837 9.

365 4863 447 4948 Opp.
464 4862 503 4930 Τ.
522 4864 551 4928 1.
569 4887 593 4930 c.
612 4863 708 4932 1637.
727 4863 825 4934 1639.
839 4867 908 4930 Eto.
