3775 5625
1440 428 1481 503 lt

280 596 399 678 cuisse,
417 620 536 687 corpus
553 621 617 664 non
634 594 739 664 animia
759 598 904 663 rationali
918 620 977 662 seu
997 598 1200 665 intellectuali
1222 599 1356 665 animari
1380 621 1418 665 ac
1435 602 1479 665 vi·

279 732 368 786 vere,
384 712 444 775 sed
460 708 565 775 animia
579 706 633 774 illi
648 707 774 773 animali
791 729 830 773 ac
846 708 941 773 vitali.
973 709 1071 795 quue
1088 709 1293 810 potissimum
1316 723 1377 785 est,
1395 713 1481 797 quod

279 821 319 885 ab
335 820 486 886 Ecclesia
502 818 618 883 meruit
633 817 725 903 rejici
742 839 780 882 ac
797 817 1013 884 condemnari.
1041 818 1096 883 Sic
1113 820 1226 886 Cone.
1242 820 1479 885 Alexandri·

279 951 365 993 nurn
382 949 410 993 a.
427 928 514 1003 362..
531 928 563 992 in
580 949 643 1014 quo
658 927 763 1012 primo
781 929 927 991 damnata
951 939 1001 991 est
1017 927 1164 992 doctrina
1180 929 1384 1013 Apollinaris,
1401 952 1481 993 car·

278 1060 353 1103 nent
372 1039 501 1102 Obriati
516 1040 611 1103 Dona.
629 1060 660 1101 n.
677 1044 852 1101 animatam
868 1041 1110 1120 intellipentcm,
1135 1045 1341 1122 rationalem,
1364 1031 1480 1118 κοιροὶο,

280 1140 410 1228 λογικὴν,
417 1147 437 1213 i.
445 1168 473 1212 ο.
481 1146 642 1211 irrtellectu
660 1146 1480 1231 etrationepraeditam,pronuntiavit¹),etsatclare

281 1256 335 1323 tali
351 1257 477 1322 ratione
491 1253 695 1343 significavit,
703 1253 850 1329 animam,
857 1275 919 1341 qna
929 1277 1048 1340 corpus
1061 1256 1227 1331 animetur,
1235 1256 1480 1322 intellectualem

279 1390 319 1434 ac
335 1366 526 1431 rationalem
544 1386 627 1430 esse.
642 1364 756 1430 Cone.
768 1365 1013 1449 llphesinum
1029 1386 1119 1441 vero,
1132 1368 1216 1452 quod
1227 1361 1350 1431 iterum
1360 1367 1478 1432 doctri·

279 1498 354 1541 narn
370 1473 565 1560 Apollinaris
586 1486 657 1539 atro
679 1472 829 1561 stigmate
851 1474 987 1550 notarit,
1008 1474 1040 1538 id
1056 1475 1186 1540 disertis
1202 1474 1312 1540 verbis
1328 1477 1480 1553 enuntiat,

280 1582 531 1650 declarationem
553 1582 694 1671 Cyrilli
713 1582 833 1648 Alex.
851 1586 1078 1668 approbando:
1108 1588 1313 1668 Arserimac,
1343 1589 1481 1651 Verbum

279 1698 445 1758 anitdaibi
450 1703 622 1757 secunaum
629 1698 829 1776 hypostasim
837 1716 935 1758 carne
944 1702 1120 1759 animata
1132 1702 1330 1760 rationali
1341 1703 1480 1773 anima,

282 1798 383 1883 σάρκα
398 1802 608 1883 ἐμψογοομέκηκ
620 1807 703 1883 ψυχῇ
723 1802 840 1883 λογικῇ,
870 1810 1116 1885 inexplicabili,
1143 1810 1479 1887 incomprebensibili-

280 1937 341 1995 nne
358 1923 452 1978 modo
468 1919 630 1979 bantinem
643 1919 785 1991 factam,
801 1928 833 1979 et
847 1919 993 1978 bominis
1007 1917 1111 1991 (iliam
1126 1919 1337 1995 exstitisset).
1366 1914 1479 1979 Cone.

281 2023 607 2089 chalcedonense
622 2024 655 2089 in
672 2024 877 2111 oppositione
894 2022 1263 2109 sarrientiaeeorum,qui
1280 2030 1387 2088 inciae
1402 2025 1494 2104 ani?

280 2142 350 2198 deni
374 2140 514 2198 animam
535 2141 683 2214 corpori,
710 2144 766 2198 red
790 2157 868 2198 eam
889 2146 1052 2215 praeter
1075 2139 1389 2213 intellipentiant
1410 2156 1481 2197 erae

278 2247 484 2319 salernitan,
508 2239 613 2322 vairpi
628 2238 753 2325 (ψογὴκ)
772 2243 841 2322 δίχα
855 2247 908 2302 rori
920 2252 1056 2322 napatrat
1072 2238 1164 2321 lipari
1178 2245 1221 2317 aui
1237 2236 1351 2321 σώματι
1357 2248 1401 2323 ⁸),
1425 2243 1478 2306 dea

280 2351 359 2427 linit,
377 2374 476 2426 unam
492 2361 697 2433 canabemque
714 2357 861 2431 cantitari
875 2355 1001 2416 Filium
1016 2355 1233 2417 etDominam
1242 2356 1358 2416 Iesum
1374 2353 1478 2415 cart·
1498 2332 1501 2335 Α

281 2474 383 2544 nnn,
410 2470 607 2542 carraemam
623 2466 809 2544 perfectam
834 2467 869 2524 in
893 2467 1011 2524 deitate
1032 2475 1066 2525 et
1088 2470 1223 2525 errndem
1240 2467 1424 2543 perfectam
1444 2468 1480 2525 in

280 2575 501 2652 inmanitate,
523 2574 628 2634 Deam
651 2594 727 2635 cere
746 2584 779 2635 et
797 2574 958 2633 bominem
980 2592 1068 2652 vere,
1091 2578 1224 2633 eundem
1245 2593 1301 2633 ca
1325 2594 1347 2634 a
1359 2576 1480 2635 nima

281 2683 519 2744 rationabili
534 2692 572 2744 et
586 2702 764 2763 corpore,
781 2680 813 2739 ln
825 2681 923 2758 ψυχῆς
938 2678 1057 2759 λογικῆς
1066 2680 1118 2739 καὶ
1130 2674 1267 2758 σώματος
1275 2685 1312 2760 ⁴),
1336 2680 1478 2759 Quorum

279 2789 452 2854 verborum
469 2788 539 2875 quis
556 2788 598 2854 sit
613 2790 772 2878 garnuinus
788 2813 914 2867 sensus,
936 2811 978 2855 ex
1000 2791 1147 2856 damnata
1161 2789 1308 2856 doctrina
1329 2788 1479 2876 opposita

280 2921 342 2964 non
358 2910 468 2984 potest
479 2919 553 2964 esse
563 2900 756 2988 ambiguum.
772 2901 887 2966 Cone.
900 2901 1032 2967 Const.
1045 2901 1082 2966 ll.
1093 2921 1121 2965 a.
1134 2899 1210 2966 553.
1220 2901 1331 2964 habet:
1349 2900 1390 2964 Si
1406 2906 1479 2981 auia

279 3017 370 3094 neti,
381 3049 415 3058 -
429 3023 467 3074 nt
479 3011 831 3074 Nestoriani-nnnm
845 3013 987 3093 Filiam,
1004 3022 1037 3074 et
1050 3032 1151 3073 anum
1165 3011 1332 3074 Obrirtum
1349 3013 1476 3088 contin-

277 3133 361 3200 pant
375 3126 501 3183 dicere:
525 3128 582 3211 aea
594 3140 661 3182 non
677 3123 870 3197 cantitentur
891 3126 1047 3183 unitatem
1063 3122 1126 3182 Dei
1147 3123 1243 3182 Verbi
1260 3128 1309 3182 aa
1323 3140 1477 3182 carnem

279 3236 490 3294 animatam
505 3235 637 3292 anima
652 3235 894 3292 rationabili
910 3241 950 3293 et
964 3233 1256 3311 intellectuali,
1280 3221 1359 3307 anit
1378 3219 1477 3306 σάρκα

280 3333 489 3420 λμψοχιομέκιγκ
502 3343 584 3418 ψυχῇ
601 3337 722 3419 λογικῇ,
738 3337 789 3397 καλ
808 3341 906 3416 rcapti,
930 3347 1103 3402 accendam
1124 3344 1385 3418 compositionem
1409 3344 1477 3400 sice

280 3459 452 3515 samniam
484 3456 722 3515 subsistentiam
749 3455 874 3531 factam
905 3470 985 3523 esse,
1009 3486 1050 3496 —
1078 3453 1154 3512 talia
1184 3451 1356 3511 anatliema
1387 3447 1475 3525 εἰτ’).

281 3561 396 3626 Conc.
419 3560 444 3626 0
460 3581 480 3624 o
494 3559 703 3624 nstantin
718 3581 777 3644 op.
795 3558 846 3623 lll.
864 3579 890 3623 a.
908 3556 984 3622 680.
1007 3578 1084 3622 vero
1102 3555 1291 3642 approbavit
1308 3555 1476 3641 epistolam

281 3669 506 3756 Sophronii,
522 3668 728 3734 Patriarchae
742 3667 1037 3752 Hierosolymitani,
1060 3665 1093 3731 in
1115 3687 1176 3752 qua
1196 3688 1261 3730 non
1283 3666 1383 3730 semel
1399 3686 1476 3728 caro

280 3787 424 3843 animala
439 3784 626 3862 ralionallt,
645 3773 724 3857 σάρξ
739 3771 872 3855 ἔμψυχος
892 3764 1004 3855 λογική,
1014 3777 1065 3840 vel
1081 3797 1158 3839 caro
1176 3780 1384 3838 rationaliter
1399 3781 1476 3838 ani·

280 3901 379 3970 mata,
397 3880 479 3965 σάρξ
494 3885 620 3968 λογικῶς
635 3910 693 3954 seu
708 3890 818 3967 κοιρῶς
835 3883 1036 3966 ἐμψοχοογιέκη,
1059 3883 1186 3960 dicitur,
1202 3905 1296 3970 quarn
1312 3882 1373 3948 sihi
1389 3883 1476 3947 Deus

280 3997 419 4061 Verbum
436 3997 636 4073 assrrmserit,
652 3999 703 4062 vel
719 4011 816 4083 prout
832 3994 1119 4064 Constantinus
1139 3993 1173 4058 in
1194 4015 1254 4058 suo
1271 3992 1388 4068 edicto,
1414 4013 1477 4078 qno

281 4126 357 4190 qnae
374 4126 393 4170 a
409 4105 547 4192 quinque
564 4106 718 4172 Conciliis
738 4118 831 4171 erant
846 4104 986 4180 definita,
1003 4104 1220 4169 corroborare
1237 4114 1331 4189 atque
1347 4100 1477 4166 firmare

280 4213 657 4290 voluil,ait,meaiante
673 4221 802 4278 anima
817 4220 1019 4278 rationali
1034 4225 1072 4278 et
1086 4218 1357 4277 intellectuali
1373 4232 1477 4274 com·

280 4330 491 4404 papinaaae
518 4337 633 4404 atpae
654 4330 876 4408 formasse,
908 4316 961 4382 itai
982 4317 1073 4402 piant
1096 4324 1194 4401 ψυκῆς
1217 4319 1353 4400 λογικῆς,
1378 4339 1410 4378 tt
1426 4317 1478 4378 καὶ

388 4509 414 4590 ¹)
430 4510 564 4584 Manui,
587 4509 663 4571 Oott.
687 4509 778 4571 Ome.
803 4511 841 4569 T.
859 4506 890 4573 3.
908 4529 932 4568 c.
950 4504 1026 4570 357.
1043 4543 1087 4553 -
1109 4507 1136 4589 ²)
1152 4506 1199 4570 Ib.
1217 4507 1255 4567 T.
1272 4503 1304 4567 4.
1326 4527 1351 4565 ο.
1368 4500 1434 4567 888
1451 4525 1476 4564 s.

284 4599 324 4662 01.
340 4603 402 4676 Ep.
420 4597 552 4680 cyrill.
569 4603 611 4658 ad
626 4601 716 4663 Aeac.
733 4601 771 4660 T.
782 4596 814 4664 5.
831 4620 857 4658 c.
869 4595 946 4661 317.
961 4600 998 4659 Β.
1013 4601 1072 4674 Ep.
1091 4600 1132 4657 ad
1147 4598 1230 4656 Mon.
1249 4598 1373 4674 Aegypt.
1391 4615 1416 4656 a.
1426 4597 1476 4654 12.

284 4690 318 4752 T.
333 4688 366 4754 4.
384 4713 409 4751 ο.
428 4688 503 4753 600.
522 4725 565 4736 -
588 4693 616 4769 3)
633 4691 729 4750 Altae.
748 4689 839 4751 Oonc.
857 4692 898 4749 ab
913 4689 1066 4751 Marcion.
1083 4691 1164 4764 Imp.
1184 4688 1231 4748 Ib.
1248 4688 1286 4748 T.
1305 4682 1334 4750 7.
1354 4708 1380 4747 c.
1398 4681 1475 4748 461.

285 4779 365 4846 11.-
383 4785 413 4861 ⁴)
429 4781 532 4858 Syrnb.
549 4781 596 4841 Ib.
614 4801 641 4840 c.
660 4777 734 4843 115.
751 4782 788 4842 Β.
802 4815 845 4827 -
862 4777 889 4867 ⁶)
904 4780 952 4841 Ib.
969 4781 1010 4843 Τ.
1027 4777 1057 4841 9.
1076 4800 1101 4839 ο.
1119 4774 1264 4842 377-8.
1287 4775 1334 4839 cf.
1352 4778 1428 4841 Gan.
1446 4778 1475 4838 9.

286 4874 347 4933 aar.
368 4873 490 4950 Oripen.
509 4893 534 4936 c.
552 4867 695 4935 397-8.
1093 4905 1095 4909 ·
1471 4907 1473 4913 ,

1215 4974 1258 5041 a*
1383 4919 1429 4929 '¹
