3775 5625
407 412 453 478 50

404 579 481 641 bere
514 588 623 661 queat,
655 596 712 659 per
744 573 935 638 seutentiam
964 573 1049 637 illam
1072 574 1260 639 necessario
1283 574 1407 640 anirnae
1437 576 1597 642 rationalis

405 684 613 771 spiritualitas
645 705 683 749 ac
714 682 917 768 simplicitas,
950 663 1055 768 quam'
1069 696 1176 748 tamen
1204 684 1408 771 generationi
1436 685 1523 751 tueri
1549 708 1597 751 vo-

404 796 482 870 lunt,
498 794 629 859 tollitur.

515 921 546 985 2.
565 922 600 986 si
617 920 723 986 anima
739 922 914 985 liberorum
930 920 1068 1005 pariter,
1089 934 1124 985 ut
1140 943 1270 1007 corpus,
1285 943 1345 1006 per
1361 922 1600 1010 generationem

404 1051 447 1094 ex
462 1031 659 1115 parentibus,
677 1032 819 1115 adeoque
836 1042 1004 1115 postremo
1029 1051 1071 1094 ex
1092 1030 1215 1095 Adamo
1238 1032 1435 1096 traheretur:
1459 1044 1598 1099 statuen-

404 1141 477 1203 dum
508 1140 695 1206 necessario
717 1140 860 1216 videtur,
888 1141 1154 1225 quemadmodum
1178 1153 1278 1204 totum
1308 1162 1412 1228 genus
1435 1142 1601 1207 humanum

405 1251 510 1336 quoad
537 1270 658 1334 corpus
679 1270 743 1312 non
772 1261 837 1322 est,
859 1248 922 1313 nisi
944 1270 1027 1312 unus
1051 1250 1247 1334 corporalis,
1264 1245 1447 1329 σωματικάς,
1462 1252 1600 1316 Adamas

403 1358 586 1444 explicitus,
608 1370 700 1442 atque
719 1379 831 1421 omues
847 1356 1012 1431 homiues,
1036 1357 1111 1422 licet
1127 1359 1225 1422 multa
1248 1378 1387 1443 corpora
1402 1356 1598 1448 distinguan-

405 1482 466 1542 tur,
489 1480 596 1531 tamen
616 1465 746 1531 nonnisi
768 1488 866 1531 unum
886 1468 1119 1553 quodammodo
1138 1489 1258 1551 corpus
1275 1466 1431 1543 efficiunt,
1446 1467 1494 1534 ita
1509 1470 1600 1534 etiam

404 1597 517 1641 omnes
533 1576 681 1641 homines
705 1578 810 1662 quoad
826 1576 963 1641 animam
980 1599 1077 1641 unum
1096 1577 1281 1662 explicitum
1296 1578 1455 1642 Adamum
1476 1574 1601 1659 ψυχικὸν

404 1709 463 1753 seu
487 1678 684 1764 πνευματικὸν
700 1685 878 1761 conficere,
896 1707 934 1751 ac
958 1698 1132 1771 propterea
1150 1707 1244 1749 unam
1256 1687 1455 1772 eandemque
1467 1686 1600 1752 animam

402 1798 515 1863 Adami
532 1797 680 1861 omnibus
696 1809 857 1881 tamquam
873 1795 957 1860 vitae
974 1794 1165 1881 principium
1182 1795 1300 1860 inesse.
1337 1796 1408 1860 Hoc
1424 1808 1534 1862 autem
1548 1816 1598 1860 ox·

401 1929 517 1994 presse
534 1929 553 1972 a
570 1907 720 1973 Concil.
737 1906 1009 1971 Lateranensi
1037 1907 1074 1969 V.
1098 1926 1125 1969 a.
1151 1904 1247 1970 1512.
1264 1906 1422 1990 rejectum
1439 1918 1502 1981 est,
1520 1905 1599 1992 quod

403 2019 530 2083 danmat
545 2030 578 2083 et
593 2018 746 2101 reprobat
763 2039 873 2079 omnes
891 2023 1090 2088 asserentes,
1108 2021 1252 2077 animam
1268 2017 1502 2079 intellectivam
1517 2036 1598 2078 mor·

402 2131 501 2191 lolem
518 2148 608 2206 aare,
633 2134 693 2188 aut
713 2132 844 2187 unicam
861 2131 895 2187 in
912 2132 1039 2187 conctis
1054 2127 1240 2187 dominibus
1249 2128 1287 2203 ¹).
1327 2123 1463 2208 Insuper
1479 2123 1538 2189 tati
1551 2143 1597 2187 ra·

403 2236 508 2310 tione,
533 2233 660 2300 scilicet
687 2230 751 2297 unai
773 2230 878 2297 animal
899 2232 1028 2296 nonnisi
1050 2232 1083 2296 in
1107 2232 1254 2297 omnihus
1270 2232 1454 2297 hominibus
1471 2229 1598 2307 statuti,

400 2357 569 2431 peceatum
586 2342 742 2429 originale
758 2341 789 2404 in
806 2343 979 2425 personale
997 2342 1212 2417 convertitur,
1236 2343 1321 2429 quod
1342 2340 1465 2426 pariter
1482 2340 1596 2407 doctri-

400 2476 460 2519 nae
483 2452 665 2519 Catholicae
693 2452 899 2527 adversatur,
922 2465 1016 2538 atque
1040 2452 1224 2517 discrimine
1249 2450 1414 2517 essentiali
1429 2450 1517 2517 iuter
1534 2451 1594 2516 ani·

400 2584 485 2628 mam
501 2576 535 2628 et
551 2583 670 2647 corpus
686 2575 806 2649 negato
823 2562 1024 2646 pantheismo
1041 2564 1104 2626 lata
1119 2575 1215 2647 porta
1231 2561 1372 2647 aperitur
1381 2563 1417 2640 ²).

509 2691 540 2756 3.
566 2690 602 2756 si
624 2710 704 2754 vero
726 2689 930 2755 recentiores
953 2689 1218 2777 generatiarrismi
1241 2688 1368 2774 patroni
1391 2691 1596 2764 contendunt,

401 2800 537 2868 animam
568 2800 669 2886 prolis
700 2823 766 2865 non
789 2822 831 2865 ex
854 2800 1021 2864 animabus
1043 2813 1212 2886 parentum
1234 2799 1267 2863 in
1283 2797 1497 2887 generatione
1514 2820 1595 2865 ema·

400 2932 494 2987 nare,
517 2912 576 2976 sed
598 2910 824 2995 aparentibus
847 2931 906 2995 per
928 2909 993 2973 vim
1009 2909 1215 2993 peculiarem,
1232 2909 1294 2973 sibi
1311 2931 1329 2974 a
1346 2910 1503 2974 creatore
1522 2930 1594 2973 cou-

401 3042 537 3096 cessam
553 3020 700 3095 animam,
717 3019 763 3084 uti
774 3040 903 3104 corpus,
919 3019 1086 3106 generari:
1103 3040 1190 3093 vere,
1208 3018 1282 3104 quid
1299 3018 1414 3093 dicant,
1430 3018 1580 3083 nesciunt
1586 3040 1595 3091 ;

400 3152 474 3196 nam
490 3130 539 3195 sic
556 3129 679 3194 animae
697 3141 730 3193 et
746 3128 877 3213 corpori
894 3126 1076 3211 conjunctis
1094 3127 1202 3202 simul,
1219 3140 1273 3191 aut
1290 3127 1435 3192 alterutri
1450 3127 1518 3192 vim
1533 3126 1595 3191 ani·

400 3261 483 3305 marn
499 3261 542 3304 ex
557 3239 654 3303 nihilo
672 3238 881 3324 producendi,
898 3240 1042 3324 adeoque
1060 3238 1191 3302 creandi
1203 3237 1393 3312 attribuunt3
1410 3238 1597 3324 quodquam

399 3350 571 3425 insulsum,
602 3362 696 3435 atque
728 3360 860 3412 naturae
889 3349 1046 3411 humanae
1076 3346 1185 3411 linitae
1208 3346 1405 3412 eontrarium
1422 3345 1480 3421 sit,
1503 3367 1597 3432 quum

401 3460 523 3524 creatio
540 3457 671 3524 nonnisi
687 3479 763 3522 esse
781 3470 876 3543 queat
891 3469 984 3522 actus
1000 3456 1175 3521 voluntatis
1193 3456 1433 3541 omnipotentis,
1446 3477 1505 3540 per
1520 3477 1556 3520 se
1567 3455 1598 3518 iu

400 3569 513 3632 oculos
529 3567 673 3632 incurrit.

504 3702 700 3777 Argumenta
717 3707 830 3767 autem,
848 3697 957 3775 quibus
975 3698 1159 3757 senteutiam
1176 3717 1263 3757 snam
1280 3697 1421 3756 stabilire
1438 3707 1597 3778 satagunt,

400 3819 472 3868 sunt
487 3809 660 3887 sequentia.
684 3811 840 3868 Arserunt
855 3807 994 3868 seilicet:

491 3957 521 3997 a.
546 3938 697 3996 Adamum
723 3955 761 3994 ex
778 3935 954 3994 testimonio
973 3935 1007 3995 S.
1026 3932 1249 4012 Scripturae³)
1284 3934 1414 3994 Sethnm
1432 3934 1468 3994 ad
1486 3934 1596 4015 imagi·

400 4067 469 4107 nem
485 4066 573 4106 suam
590 4064 774 4125 generasse,
792 4045 885 4104 etsie
902 4045 1069 4124 imaginem
1088 4045 1231 4115 divinam,
1249 4055 1282 4104 ut
1298 4045 1378 4103 haud
1394 4054 1513 4103 temere
1526 4061 1596 4105 con·

400 4157 553 4227 eludatur,
571 4174 630 4233 qua
646 4157 713 4232 ipse
731 4156 873 4226 donatus,
891 4174 1028 4233 quaeque
1045 4155 1196 4232 imprimis
1213 4155 1244 4212 in
1262 4155 1362 4213 animo
1390 4163 1459 4214 erat
1476 4154 1597 4231 conspi-

400 4285 468 4336 cua,
498 4265 529 4324 in
556 4266 649 4324 lilium
684 4266 813 4325 Sethum
836 4264 1047 4327 transtulisse.
1071 4267 1112 4323 ttt
1138 4261 1338 4338 similiter⁴],
1380 4264 1477 4332 Levi,
1510 4273 1597 4324 carto

400 4376 499 4434 animo
527 4384 560 4434 et
584 4395 715 4453 corpore
746 4353 960 4445 constantem,
977 4375 1008 4432 iu
1025 4374 1137 4432 lumbis
1165 4375 1274 4450 proavi
1300 4373 1487 4444 Abrahami,
1505 4392 1597 4450 quum

508 4665 534 4748 ¹)
551 4667 633 4728 Sese.
658 4663 688 4729 8.
713 4667 812 4737 Bail,
842 4667 927 4728 Sum.
953 4665 1046 4730 oona.
1067 4665 1139 4725 Par.
1160 4661 1258 4727 1659.
1291 4667 1329 4725 Τ.
1358 4664 1387 4727 1.
1411 4686 1440 4744 p.
1458 4661 1535 4726 491.
1555 4698 1596 4709 -

400 4755 492 4839 ²)Ol.
522 4759 645 4840 ffltplt,
678 4759 772 4821 olbam
802 4758 859 4821 aab
892 4755 1043 4836 (titilus.
1082 4756 1189 4822 dolen.
1218 4754 1315 4823 1835.
1336 4779 1367 4838 p.
1389 4753 1455 4818 225
1478 4754 1522 4821 ssss
1555 4791 1597 4801 -

402 4845 425 4928 ³)
443 4846 520 4909 Gau.
537 4852 567 4920 5,
586 4847 720 4928 3.-⁴)
736 4847 835 4908 Hebr.
854 4844 884 4924 t,
903 4844 956 4914 10.
