3775 5625
1440 426 1487 494 48

287 611 366 686 post
380 608 519 662 mortem
535 591 697 679 corporis,
713 602 746 656 et
762 589 889 676 quidem
904 590 977 655 viva
993 612 1031 656 ac
1048 590 1097 657 sai
1113 590 1256 667 conscia,
1272 604 1308 656 ut
1323 590 1439 679 ubique
1455 592 1486 659 in

288 709 373 776 loeis
390 704 537 795 allegatis
553 701 764 791 significatur,
781 713 875 787 atque
886 703 956 787 jam
972 722 1015 767 ex
1029 714 1145 767 natura
1161 701 1295 778 animae,
1316 723 1406 769 mere
1423 702 1487 788 spi·

287 817 415 885 ritualis
431 837 470 883 ac
485 835 622 901 prorsus
637 812 862 897 incorporeae,
878 811 1067 878 necessario
1085 812 1238 898 sequitur,
1251 834 1346 899 quum
1356 812 1488 898 spiritus

288 930 361 996 sine
375 926 452 1001 vita,
467 924 601 1011 spiritus
616 934 775 997 mortuus,
790 921 867 986 nihil
882 920 934 986 sit

399 1038 441 1099 B.
459 1037 519 1100 SS.
535 1036 673 1099 Patres
688 1031 722 1096 in
737 1032 820 1096 hanc
837 1030 1016 1096 doctrinam
1032 1052 1096 1097 uno
1115 1053 1172 1097 ore
1190 1033 1396 1098 consentiunt
1402 1057 1411 1109 ;
1427 1055 1489 1100 nec

287 1162 353 1224 est,
369 1145 424 1234 qui
439 1144 471 1210 id
486 1144 520 1208 in
536 1140 665 1207 dubium
680 1154 787 1207 vocet.
828 1141 930 1220 Quum
947 1154 1134 1207 autemnon
1151 1143 1299 1208 obstante
1316 1144 1489 1209 universali

290 1280 330 1324 ac
350 1266 508 1342 perpetuo
530 1249 698 1317 Ecclesiae
720 1272 885 1316 consensu
908 1252 1040 1316 saeculo
1061 1252 1144 1317 XVI.
1166 1251 1293 1338 quidam
1314 1265 1489 1318 novatores

289 1364 565 1432 immortalitatem
581 1360 705 1427 animae
720 1382 843 1449 negare
859 1361 929 1427 ausi
945 1361 1025 1426 sint:

406 1477 443 1539 0.
458 1471 617 1547 Ecclesia,
634 1492 714 1558 quae
731 1471 981 1557 omnitempore
997 1471 1122 1557 publice
1138 1471 1350 1557 profitebatur
1366 1485 1400 1538 ut
1414 1472 1491 1540 fidei

291 1585 478 1652 articulum:
514 1584 679 1646 Orodem
703 1589 803 1645 ettam
825 1589 1012 1662 aetermam,
1040 1581 1075 1646 in
1096 1582 1210 1647 Cone.
1226 1581 1490 1649 Lateranensi

291 1697 331 1762 V.
349 1715 378 1761 a.
398 1692 495 1758 1512.
512 1690 691 1758 solenniter
716 1690 876 1756 decrevit:
909 1693 1151 1755 Damnamur
1172 1700 1211 1755 et
1228 1697 1491 1775 reprobamur

290 1826 429 1869 emmer
460 1810 713 1881 erroreum,
751 1808 921 1865 amimam
953 1804 1242 1866 intellectivam
1280 1806 1490 1869 mortalem

291 1916 425 1994 καθ’).

404 2026 447 2088 D.
473 2023 618 2088 Tandem
637 2020 710 2105 ipsa
735 2020 861 2085 ratione
884 2020 1008 2086 animae
1029 2020 1241 2087 intellectivae
1267 2021 1490 2089 immortalitas

292 2135 461 2221 probatur.
485 2129 584 2195 Varia
599 2142 674 2194 sunt
690 2150 763 2194 eum
778 2129 811 2194 in
827 2129 924 2195 finem
941 2151 961 2195 a
975 2130 1176 2217 pbilosophis
1193 2130 1378 2219 excogitata
1394 2154 1489 2219 argu·

292 2256 418 2316 mentm
435 2241 540 2328 qualia
555 2252 631 2307 sunt
650 2238 855 2326 potissimum
871 2239 1055 2326 sequentia,
1077 2262 1120 2305 ex
1135 2240 1339 2327 simplicitate
1356 2241 1490 2317 animae,

293 2351 550 2440 perfectionibus
571 2350 702 2425 divinis,
724 2350 872 2416 absurdis
889 2351 1068 2416 sententiae
1092 2351 1260 2437 oppositae
1279 2352 1491 2417 consectariis

295 2478 392 2551 atque
408 2459 581 2528 universali
596 2459 760 2525 hominum
776 2481 940 2525 consensu
956 2461 1069 2546 petita:

408 2591 437 2656 1.
454 2590 578 2665 Anima,
594 2602 629 2654 ut
644 2608 722 2653 mox
743 2588 1049 2664 demonstravimus,
1070 2589 1208 2675 simplex
1224 2601 1276 2654 est
1291 2602 1324 2655 et
1338 2589 1491 2675 incorpo-

293 2722 363 2777 rea,
380 2712 414 2766 et
428 2698 501 2765 ideo
518 2698 614 2764 etiam
627 2697 661 2763 vi
676 2698 793 2763 indolis
810 2718 888 2763 snae
904 2697 1047 2763 interitui
1066 2699 1150 2763 baud
1167 2698 1315 2764 obnoxia.
1354 2700 1436 2765 Nam
1459 2699 1492 2764 in

294 2832 407 2876 rerum
422 2822 537 2874 natura
552 2807 629 2874 nihil
643 2830 781 2895 prorsus
797 2807 890 2894 perit,
907 2809 966 2874 sed
983 2830 1025 2873 ex
1041 2807 1137 2885 omni,
1150 2830 1230 2896 quae
1240 2808 1376 2887 videtur,
1386 2823 1491 2876 morte

294 2942 383 2987 nova
402 2919 545 2985 nascitur
566 2919 632 2985 vita
638 2944 647 2994 ;
665 2942 761 3006 quum
780 2939 840 3005 per
855 2919 942 2984 vires
960 2933 1108 2997 naturae,
1125 2919 1171 2985 uti
1187 2921 1273 2986 nulla
1287 2941 1343 2986 res
1360 2942 1378 2986 e
1394 2920 1491 2986 nihilo

295 3033 337 3096 ad
366 3029 592 3098 exsistendum
612 3030 758 3106 evocari,
789 3029 834 3094 ita
854 3029 950 3095 etiam
972 3031 1057 3095 nulla
1072 3030 1104 3094 in
1120 3029 1251 3095 nihilum
1266 3029 1372 3120 redigi
1387 3043 1492 3118 queat,

295 3155 330 3208 et
349 3140 426 3206 hinc
450 3140 546 3207 etiam
561 3139 667 3206 anima
683 3140 858 3227 spiritualis
878 3162 1017 3227 prorsus
1038 3141 1145 3227 perire
1169 3153 1223 3206 aut
1239 3139 1405 3207 annihilari
1427 3163 1492 3207 non

294 3263 416 3338 potest.
434 3251 659 3338 Quaecumque
674 3271 755 3316 vero
771 3273 871 3338 porro
889 3251 1066 3317 destructio
1082 3252 1115 3315 in
1130 3273 1241 3317 rerum
1257 3264 1371 3317 natura
1385 3253 1492 3318 locum

295 3361 431 3437 obtinet,
448 3362 651 3426 solummodo
667 3382 726 3447 per
742 3360 880 3447 partium
896 3360 1090 3426 solutionem
1106 3360 1178 3426 fieri
1192 3373 1310 3447 potest,
1326 3361 1372 3426 ite
1382 3374 1492 3426 utnon

294 3472 338 3538 sit
352 3490 433 3536 vera
448 3470 636 3547 destructio,
653 3473 711 3536 sed
726 3470 820 3536 unius
835 3469 885 3536 rei
899 3470 932 3534 in
949 3471 1081 3536 alteram
1098 3470 1314 3536 commutatio.
1331 3472 1422 3537 Hane
1438 3493 1491 3537 au·

292 3595 360 3648 tem
386 3579 491 3646 anima
511 3581 691 3658 rationalis,
717 3593 829 3667 utpote
847 3580 986 3666 simplex
1001 3593 1034 3647 et
1049 3580 1155 3646 omnis
1173 3580 1418 3667 compositionis
1435 3601 1491 3648 ex·

292 3714 394 3779 pers,
426 3712 625 3778 nequaquam
656 3691 815 3767 admittit,
847 3703 880 3757 et
894 3690 968 3757 ideo
1000 3691 1073 3758 viva
1107 3705 1309 3777 permaneat,
1337 3713 1397 3758 seu
1434 3692 1491 3757 im-

293 3801 444 3868 mortabs
466 3801 509 3868 sit
529 3822 668 3868 neeesse
692 3813 752 3868 est.
804 3801 915 3888 Neque
932 3801 1029 3868 statui
1044 3815 1167 3888 potest,
1184 3801 1320 3868 animam
1336 3803 1377 3868 ad
1397 3801 1493 3869 vitam

296 3933 388 3978 snam
411 3910 657 3977 continuandam
680 3932 819 3998 corpore
840 3912 986 3978 absolute
1008 3932 1089 3998 opus
1105 3913 1244 3989 habere,
1276 3925 1308 3978 et
1339 3912 1388 3978 sic
1413 3934 1491 3979 non·

295 4022 356 4090 nisi
376 4021 411 4087 in
433 4033 554 4087 etcum
571 4042 710 4108 corpore
727 4042 799 4087 eam
814 4021 975 4088 exsistere
991 4043 1101 4108 posse.
1117 4022 1245 4088 Etenim
1267 4022 1389 4099 anima,
1412 4043 1493 4109 quae

299 4132 463 4199 dumtaxat
483 4143 617 4197 eatenus
639 4144 773 4218 propter
796 4153 916 4220 corpus
940 4130 1084 4209 exsistit,
1117 4145 1272 4219 quatenus
1300 4145 1351 4199 est
1372 4154 1492 4220 eorpus
1538 4216 1541 4218 ,

298 4254 431 4328 propter
446 4261 528 4317 sam,
544 4262 587 4306 ex
602 4262 662 4307 sua
676 4254 790 4307 natura
804 4241 837 4306 vi
852 4262 911 4329 per
927 4263 964 4307 se
980 4241 1084 4328 ipsam
1101 4241 1265 4331 cogitandi
1287 4254 1380 4329 atque
1397 4265 1491 4331 appe·

297 4351 385 4417 tendi
400 4351 509 4436 pollet,
526 4363 560 4416 et
575 4351 705 4418 minime
721 4365 881 4438 tamquam
897 4351 1081 4418 essentialis
1102 4373 1179 4438 pars
1199 4351 1337 4419 hominis
1354 4351 1493 4419 nobilior

296 4460 335 4526 ab
351 4460 548 4547 ignobiliose
564 4463 707 4548 pendere
723 4473 841 4548 potest.
867 4463 1070 4549 Quapropter
1094 4463 1190 4528 etiam
1206 4461 1311 4529 anima
1332 4485 1404 4529 cum
1420 4484 1492 4529 cor·

291 4587 378 4656 pore
404 4583 558 4654 pereunte
579 4572 686 4658 perire
708 4571 831 4659 nequit,
853 4574 911 4638 sed
933 4573 1053 4639 abhoc
1074 4586 1224 4658 separata
1240 4595 1365 4661 quoque
1380 4593 1440 4659 per
1456 4593 1493 4639 se

286 4758 516 4780 ‘un-—

408 4865 433 4950 ¹)
449 4864 533 4932 Sese.
554 4869 586 4932 8.
607 4866 707 4945 Bail,
727 4866 812 4965 Sum,
836 4866 927 4936 eom.
948 4869 1020 4935 Par.
1049 4864 1150 4936 1659..
1171 4870 1211 4934 Τ.
1239 4865 1268 4938 1.
1294 4890 1325 4953 p.
1347 4863 1425 4955 491.
