3775 5625
349 436 415 510 386

349 614 435 691 giani
452 614 678 688 deposuerunt,
702 616 821 689 partem
844 626 919 672 tero
936 610 1144 682 retinuerunt,
1162 619 1193 673 et
1210 612 1281 692 quia
1296 613 1459 675 Massiliae
1475 613 1526 675 ire·

348 723 527 799 quentiores
560 724 755 783 exstiterunt.
803 723 1046 803 semipelagiani
1077 724 1156 783 enim
1187 733 1349 801 peccatum
1382 725 1525 804 originale

349 832 552 902 admiserunt,
586 843 617 894 et
646 834 715 893 ideo
749 852 867 911 quoque
891 834 1014 913 gratiae
1030 833 1221 894 medicinalis
1237 843 1301 894 tum
1319 836 1524 915 regenerantis

348 951 411 999 tum
429 941 599 1016 adJuvantis
616 944 856 1014 necessitatem,
875 954 1008 1004 attamen
1026 944 1171 1004 credendi
1187 946 1379 1004 voluntatem
1397 963 1452 1005 seo
1468 945 1524 1004 fidei

346 1049 465 1110 initium
497 1061 527 1110 et
558 1053 823 1128 perseverantiam
849 1054 878 1111 in
908 1052 967 1112 lide
989 1072 1007 1112 a
1033 1054 1098 1113 solo
1120 1053 1240 1113 bomine
1258 1073 1330 1114 esse
1348 1055 1521 1127 statuebant,

347 1171 437 1237 atque
455 1161 589 1239 gratiam
606 1163 772 1222 secundum
790 1164 921 1233 merita,
949 1163 1014 1222 sive
1032 1164 1202 1239 praeterita
1224 1164 1289 1223 sive
1315 1164 1421 1224 futura
1445 1183 1518 1241 prae·

347 1271 425 1339 visa,
443 1270 511 1329 dari
528 1270 691 1334 docebant.
705 1269 899 1350 Quapropter
916 1282 948 1331 et
965 1273 1200 1346 contendebant,
1216 1273 1352 1333 infantes
1368 1274 1519 1334 morituros

346 1380 422 1438 alios
439 1381 476 1438 ad
491 1380 681 1458 Baptismum
697 1383 862 1458 pervenire
879 1392 1007 1460 propter
1023 1383 1103 1444 bona
1119 1401 1224 1460 opera,
1242 1384 1320 1444 alios
1337 1403 1414 1443 vero
1431 1384 1464 1443 ab
1478 1383 1518 1441 illo

346 1490 449 1548 areeri
480 1500 607 1567 propter
628 1493 708 1551 mala
729 1511 842 1569 opera,
874 1512 952 1570 quae
969 1493 1085 1554 facturi
1101 1493 1247 1567 luissent,
1267 1494 1296 1553 si
1316 1495 1353 1554 ad
1369 1494 1518 1572 pleniorem

345 1608 477 1660 aetatem
492 1600 759 1678 pervenissent¹).

450 1710 567 1770 Contra
599 1728 739 1771 errorem
771 1712 1012 1773 Massiliensium
1037 1715 1187 1775 calamum
1204 1713 1400 1773 strinxerunt
1415 1716 1517 1791 Augu·

344 1824 466 1883 atinus
499 1830 536 1880 et
564 1822 738 1899 Prosper.
775 1824 947 1883 Damnatus
968 1833 1069 1884 autem
1091 1824 1148 1883 fuit
1165 1842 1256 1883 error
1271 1824 1324 1883 ille
1341 1823 1373 1882 in
1391 1821 1514 1883 coneilio

343 1931 590 1993 Arausicano
607 1930 690 1992 ll.'a.
705 1925 792 2003 529,
811 1933 888 2010 quod
906 1953 923 1992 a
938 1936 1077 1994 Romana
1094 1935 1175 1994 Sede
1193 1934 1434 2013 comprobatum,
1448 1931 1518 1992 indu·

343 2044 469 2105 bitatam
487 2044 565 2119 apud
582 2061 688 2102 omnes
707 2042 884 2103 eastoticos
900 2054 1024 2103 nactum
1041 2047 1090 2103 e'st
1107 2044 1333 2107 auctoritatem.

453 2174 528 2232 Cum
544 2172 726 2249 Pelagianis
746 2171 884 2230 sentiunt
901 2172 1114 2242 Sociuianb
1131 2171 1385 2241 Arminiaui,
1403 2187 1519 2231 necnon

343 2282 635 2343 Rationalistae
653 2300 696 2341 ae
712 2282 982 2341 Naturalistae
1000 2302 1121 2352 omnes,
1139 2301 1207 2342 cum
1224 2283 1283 2343 hoc
1305 2290 1408 2341 tamen
1425 2279 1519 2340 discri·

345 2392 434 2461 mine,
452 2392 529 2468 quod
546 2392 600 2450 isti
616 2392 748 2450 ulterius
770 2391 868 2452 adbuc
885 2393 1066 2471 progressi,
1085 2392 1182 2452 omnis
1199 2392 1336 2471 gratiae,
1354 2391 1400 2450 uti
1416 2389 1519 2450 revela·

342 2500 445 2570 tionis,
464 2500 711 2577 supernaturalis
730 2518 790 2559 non
807 2509 926 2559 tantum
942 2501 1180 2572 necessitatem,
1202 2502 1257 2559 sed
1274 2510 1305 2560 et
1320 2500 1421 2578 ipsam
1436 2498 1520 2577 possi·

341 2608 490 2669 bilitatem
507 2609 694 2671 inficiantur.

448 2732 560 2797 Affinis
572 2736 644 2797 huic
661 2746 710 2796 est
727 2756 844 2815 quoque
859 2737 1001 2798 doctrina
1011 2737 1137 2797 scholae
1153 2737 1352 2807 recentioris,
1371 2755 1447 2817 quae
1463 2753 1521 2796 con·

341 2849 492 2917 tenderat,
510 2848 742 2917 revelationem,
753 2858 901 2925 quatenus
919 2857 1042 2908 constat
1056 2848 1263 2924 patefactione
1280 2849 1449 2908 veritatum
1463 2846 1520 2906 reli·

342 2962 512 3039 giosarum,
530 2977 620 3037 quum
631 2958 762 3017 liberum
778 2958 940 3017 arbitrium
957 2977 1012 3034 per
1030 2968 1193 3035 peceatum
1209 2960 1341 3036 primum
1356 2958 1476 3017 minime
1490 2955 1521 3013 sit

342 3078 531 3129 attenuatum
550 3078 602 3126 aut
627 3067 824 3140 inclinatum,
846 3086 904 3125 non
923 3086 994 3125 esse
1013 3067 1073 3125 nisi
1088 3077 1216 3144 propter
1233 3069 1464 3145 corruptionem
1477 3083 1520 3143 per

341 3179 518 3255 personalia
532 3185 662 3254 peccata
680 3176 809 3235 accitam
827 3175 1042 3236 neeessariam
1056 3180 1098 3248 ²),
1116 3177 1250 3254 gratiam
1267 3185 1372 3235 autem
1390 3191 1520 3252 superna·

341 3290 490 3358 turalem,
517 3306 610 3346 sensu
629 3285 788 3344 Catholioo
805 3285 1015 3355 intellectam,
1043 3287 1155 3344 nullam
1174 3304 1261 3356 esse,
1279 3304 1378 3363 neque
1396 3285 1520 3344 habitua-

341 3400 400 3457 lem
423 3417 520 3475 neque
548 3397 713 3466 actualem,
747 3395 882 3471 adeoque
907 3395 999 3453 etiam
1022 3413 1081 3453 non
1108 3414 1200 3473 posse
1223 3413 1295 3453 esse
1313 3393 1520 3455 necessariam.

342 3510 418 3566 Nam
435 3525 525 3583 quum
542 3525 597 3582 per
615 3505 855 3573 redemtionem,
880 3504 1058 3572 tradebant,
1084 3522 1160 3580 quae
1185 3513 1234 3563 est
1250 3504 1281 3563 iu
1301 3504 1429 3563 Christo
1444 3504 1519 3568 deso,
1556 3568 1558 3583 Ι

342 3616 362 3674 i.
381 3635 407 3674 e.
424 3635 478 3691 per
497 3616 563 3688 ejus
581 3615 796 3684 obedientiam,
813 3632 872 3691 qua
888 3614 1075 3673 voluntatem
1087 3614 1218 3674 divinam
1229 3633 1285 3692 per
1303 3615 1417 3685 omnia,
1432 3610 1520 3689 impri·

343 3724 401 3781 mis
424 3734 525 3782 autem
548 3724 708 3782 tentationi
730 3724 856 3796 diaboli,
889 3725 940 3801 qui
962 3743 1032 3784 eum
1055 3734 1313 3803 aggressusest,
1337 3742 1408 3783 cum
1430 3738 1520 3782 munos

344 3851 431 3891 suum
450 3834 683 3909 auspicaretur,
715 3833 907 3900 resistendo,
931 3832 1118 3909 adimplevit,
1136 3851 1236 3911 genus
1253 3833 1435 3903 humanum,
1457 3829 1519 3909 quod
1556 3902 1558 3947 Ι

343 3960 398 4016 per
414 3952 576 4017 peecatum
598 3942 727 4019 primum
749 3959 854 4000 coram
876 3942 943 3998 Deo
962 3950 1031 3999 erat
1052 3941 1209 4019 ingratum
1233 3943 1404 4014 redditum,
1425 3957 1517 4001 rursus
1543 3960 1558 4015 ³:

343 4051 410 4107 Deo
428 4061 552 4127 gratum
575 4052 616 4110 sit
637 4054 797 4121 effectum,
820 4059 850 4107 et
874 4049 927 4107 tali
944 4049 1032 4108 modo
1051 4051 1154 4126 culpa,
1171 4051 1190 4109 i.
1209 4070 1236 4109 e.
1252 4050 1425 4130 indignatio
1443 4060 1471 4109 et
1483 4049 1516 4106 ira
1556 4026 1558 4047 Ι

343 4160 420 4230 Dei,
454 4179 541 4236 quam
574 4162 764 4227 incurrerat,
797 4159 970 4230 sublata,i.
988 4179 1014 4218 e.
1032 4179 1132 4237 genus
1155 4160 1513 4236 humanumjustilicatus

345 4269 406 4329 sita
440 4269 530 4326 etiam
548 4269 664 4345 quivis,
687 4269 738 4345 qui
755 4268 791 4327 ad
809 4267 904 4328 hocce
922 4287 1022 4346 genus
1039 4269 1189 4344 pertinet,
1212 4288 1247 4328 eo
1264 4269 1334 4347 ipso
1345 4270 1512 4345 justificatus

452 4527 480 4596 ¹)
498 4520 739 4602 Cf.P1·osper,
772 4524 933 4601 Epicteti
949 4523 1107 4599 Augustis.
1139 4523 1224 4584 Inter
1245 4543 1315 4604 epp.
1341 4520 1507 4604 Augustis.

346 4613 414 4672 225.
440 4610 520 4690 Opp.
561 4615 599 4673 Τ.
635 4612 665 4675 2.
690 4636 716 4682 c.
740 4613 805 4678 820
827 4637 866 4676 ss.
897 4615 1015 4676 Hilar.
1049 4614 1156 4692 Epist.
1184 4617 1225 4674 od
1256 4617 1416 4692 Augustis.
1444 4614 1506 4672 Inter

346 4722 415 4779 epp.
447 4703 638 4781 Augustin.
671 4708 740 4767 226.
773 4729 797 4767 e.
831 4701 897 4767 825
929 4726 970 4766 ss.
1015 4705 1220 4783 Augustis.
1253 4708 1301 4765 De
1334 4710 1502 4784 conpares.

347 4809 371 4851 o.
389 4794 437 4850 17.
455 4813 484 4853 o.
502 4796 552 4853 42.
569 4788 607 4854 T.
630 4791 679 4854 10.
697 4817 721 4855 c.
741 4793 815 4858 844.
837 4832 881 4842 -
904 4796 930 4876 2)
953 4793 1137 4872 (diutior,
1155 4793 1359 4879 &contrista
1374 4819 1401 4880 p.
1417 4788 1470 4858 2l6
1483 4809 1499 4846 s.

347 4879 513 4964 discipule,
533 4883 560 4945 l.
577 4882 619 4946 58.
637 4905 666 4965 p.
684 4883 750 4948 393
766 4909 790 4951 s.
807 4888 911 4968 lipsio,
927 4886 1041 4969 Sobtg.
1061 4883 1158 4951 1852.
1176 4910 1207 4971 p.
1226 4884 1270 4950 92
1287 4909 1328 4954 ss.
