3775 5625
1438 470 1503 539 tet

420 633 450 698 3.
473 632 578 699 Alium
607 633 713 697 locum
734 631 905 697 classicum
926 653 985 717 pro
1007 633 1198 701 exsistentia
1220 635 1344 721 peccati
1366 636 1503 724 originis

297 740 462 809 habemus
478 742 512 807 iu
528 741 666 827 epistola
681 742 721 805 ad
736 742 950 827 Ephesios,
966 742 1020 806 ubi
1036 744 1214 829 Apostolus
1231 746 1387 821 Paulus,
1404 748 1500 813 bene·

295 847 418 920 ficium
432 850 640 918 redemtionis
655 871 714 935 per
727 851 1067 918 Christumllominum
1083 852 1229 921 fidelibus
1245 854 1420 931 inculcans,
1435 856 1500 942 pri·

294 962 428 1028 stiram
444 960 541 1028 arimi
557 973 685 1035 statum,
702 972 775 1026 ante
791 959 936 1045 ipsorum
953 962 1209 1039 conversionem,
1228 965 1390 1041 describit,
1407 978 1502 1052 atque

289 1086 480 1159 postqum
501 1084 636 1157 paccata
656 1070 792 1138 actualia
807 1091 865 1136 seu
881 1072 1073 1156 personalia,
1090 1072 1122 1136 in
1139 1073 1252 1158 quibus
1268 1074 1339 1160 ipse
1357 1097 1429 1139 cum
1445 1078 1499 1140 Ju-

287 1182 399 1249 daeis
414 1202 515 1267 aeque
529 1199 569 1248 ac
584 1180 759 1248 Gentilibus
776 1192 988 1246 conversatus
1006 1180 1065 1256 sit,
1089 1182 1195 1248 carnis
1213 1183 1382 1249 desideriis
1398 1165 1506 1252 indu

284 1312 402 1379 gens,
417 1304 638 1366 recensuerat,
654 1290 776 1375 adjicit:
791 1293 989 1355 ditaremus
1003 1300 1157 1356 παίωνα
1175 1296 1268 1374 silit
1295 1301 1398 1370 trae,
1414 1304 1503 1360 aaut

284 1411 338 1465 ee
362 1407 466 1475 utari,
482 1400 533 1460 nel
552 1389 622 1479 ἦμεν
635 1396 722 1462 τέκνα
738 1396 825 1478 φύσει
841 1395 941 1481 ὀργῆς,
964 1397 1006 1469 ὥς
1022 1398 1073 1462 καὶ
1091 1401 1120 1461 οἱ
1135 1400 1234 1463 lumel
1245 1403 1280 1481 ¹).
1317 1405 1370 1468 Ex
1385 1404 1499 1490 quibus

284 1510 419 1596 paucis
434 1508 544 1575 uerbis
560 1511 679 1597 dogma
693 1510 733 1575 de
749 1522 882 1595 peccato
901 1509 1037 1597 originis
1054 1509 1195 1576 sortasse
1211 1512 1314 1599 magis
1332 1513 1501 1600 profulget,

285 1641 403 1707 quara
417 1642 460 1686 ex
470 1620 535 1686 allo
549 1618 610 1684 alio
623 1618 709 1685 sacri
719 1618 842 1685 codicis
857 1621 941 1683 loco.
959 1620 1041 1685 Nam
1056 1616 1154 1699 φύσις,
1170 1620 1222 1685 cui
1237 1621 1363 1705 penitus
1379 1632 1503 1687 natura

285 1730 497 1796 Latinorum
513 1730 703 1813 respondet,
720 1730 851 1794 denotat
865 1728 911 1802 id,
928 1750 971 1794 ex
986 1751 1048 1814 quo
1071 1729 1174 1815 aliqua
1188 1751 1244 1796 res
1259 1730 1453 1796 intrinsecus
1470 1744 1503 1797 et

290 1834 463 1908 neodem
479 1850 618 1913 constat,
634 1839 772 1903 nativam
789 1850 822 1902 et
837 1837 1012 1924 ingenitum
1029 1838 1076 1903 rei
1091 1839 1273 1924 qualitatem
1289 1861 1346 1903 seu
1363 1840 1501 1906 indolem

293 1938 732 2031 ¹(ttslt'ttlitbslideftbclfettbelt)
742 1950 778 2026 ²),
795 1960 826 2012 et
839 1946 914 2012 nihil
930 1948 1023 2013 aliud.
1040 1948 1126 2013 Dicit
1136 1948 1241 2034 itaque
1248 1951 1434 2034 Apostolus,
1443 1952 1499 2014 bo·

293 2055 409 2123 mines
420 2078 534 2122 omnes
546 2077 606 2141 pro
623 2056 757 2122 naturali
774 2077 833 2122 sua
842 2055 1026 2121 conditione
1033 2060 1123 2139 filios
1139 2066 1220 2133 irae,
1237 2058 1292 2124 ie.
1309 2079 1433 2142 poenae
1451 2058 1495 2123 di·

235 2161 239 2232 l
292 2164 399 2232 virm
410 2168 558 2241 devotos,
568 2165 781 2230 damnationis
791 2185 868 2230 reos
878 2186 964 2238 esse3
980 2186 1055 2232 nam
1064 2166 1173 2231 verbis
1182 2161 1270 2226 τέκνα
1288 2164 1405 2248 ὀργῆςῧ)
1417 2168 1501 2234 hunc

234 2247 237 2304 l
292 2296 440 2343 sensum
460 2276 583 2349 inesse,
616 2296 710 2340 nemo
732 2275 859 2362 linguae
879 2273 1014 2339 biblicae
1035 2275 1119 2340 haud
1141 2298 1278 2361 prorsus
1294 2277 1427 2364 ignarus
1445 2298 1499 2342 ne·

292 2404 389 2468 gare
404 2397 520 2471 potest.
558 2383 728 2450 Damnatio
749 2404 827 2448 vero
850 2404 869 2449 a
888 2384 960 2448 Deo
982 2396 1104 2448 tantum
1120 2385 1222 2450 fertur
1237 2398 1370 2469 propter
1386 2406 1499 2471 pecca·

244 2497 246 2502 '
293 2504 386 2560 turn.
424 2496 516 2574 Quod
535 2493 641 2579 itaque
664 2492 790 2579 origine
817 2504 1017 2582 contractum
1041 2492 1084 2557 sit
1099 2514 1234 2560 necesse
1257 2506 1321 2567 est;
1346 2495 1501 2580 siquidem

293 2598 382 2683 ipse
396 2600 507 2670 naturai
522 2614 645 2668 tantum
660 2614 842 2687 propterea,
859 2603 943 2688 quod
960 2602 1026 2666 nati
1043 2623 1165 2677 sumne,
1182 2623 1240 2668 seu
1256 2625 1274 2668 a
1290 2616 1498 2689 protoparen-

294 2706 395 2777 tibus
409 2712 634 2798 peccatoribus
650 2711 809 2797 originem
826 2711 981 2786 ducimus,
999 2710 1192 2775 damnationi
1210 2711 1351 2789 obnoxii,
1367 2714 1436 2778 Deo
1452 2714 1499 2778 in·

297 2815 373 2903 visi
386 2843 458 2887 esse
474 2843 658 2908 possumus.
683 2821 967 2905 interpretationes
985 2834 1152 2887 contortae
1169 2823 1428 2888 adversariorum
1448 2845 1499 2889 re·

233 2928 242 2985 l
299 2922 461 3001 lutatione
476 2933 561 2996 haud
577 2943 650 2998 sunt
666 2931 781 3017 dignae
789 2936 827 3010 ⁴).

411 3042 442 3107 4.
464 3043 535 3106 Huc
565 3062 665 3126 porro
686 3039 848 3125 pertinent
869 3061 982 3105 omnes
1007 3062 1132 3127 quoque
1149 3041 1223 3117 loci,
1239 3042 1270 3106 in
1288 3042 1401 3128 quibus
1418 3044 1496 3131 legi-

233 3168 242 3206 ι
267 3172 270 3177 ·
306 3163 391 3227 mus,
406 3158 782 3233 omnespeccaotase
797 3159 836 3212 et
856 3173 970 3229 apere
992 3150 1152 3231 (destitui)
1174 3146 1309 3230 pluris
1327 3155 1414 3228 Dei,
1438 3175 1496 3218 seu

234 3254 254 3272 ”
311 3261 413 3339 graus
417 3260 624 3347 justificante,
635 3259 770 3346 quaDeo
787 3259 908 3324 similes
924 3260 1098 3335 reddimur,
1115 3272 1146 3324 et
1164 3260 1292 3325 nonnisi
1305 3263 1373 3325 Deo
1391 3264 1495 3346 place·

233 3418 236 3425 .
315 3376 430 3451 mus⁵);
465 3373 632 3434 Christum
649 3374 919 3452 proomm'bus
940 3378 1137 3434 mortuum
1159 3370 1293 3449 esse⁶)‚
1316 3383 1348 3435 et
1370 3371 1497 3456 quidem

246 3467 259 3483 '¹
318 3469 410 3543 Deum
440 3503 528 3555 eum,
560 3489 698 3563 quinon
712 3487 1048 3561 aoeeratpecoatum,
1067 3502 1139 3561 pro
1163 3483 1497 3562 nodispeccatum

249 3583 256 3595 '
321 3584 455 3656 sectere
481 3595 530 3679 (ut
549 3588 710 3653 victimam
731 3590 925 3674 piacularem
945 3594 1138 3669 mactasse),
1159 3599 1198 3654 ot
1211 3612 1285 3653 noa
1302 3597 1496 3671 efficere-

233 3725 234 3744 .
323 3703 567 3776 aarJastttta
582 3703 656 3762 Der·
672 3707 792 3781 inipso
812 3707 862 3781 (ut
876 3721 934 3785 per
950 3720 1022 3764 eum
1033 3700 1115 3784 justi
1131 3721 1244 3765 coram
1259 3700 1329 3764 Deo
1346 3702 1496 3767 reddere·

324 3809 447 3887 murl’);
478 3828 578 3892 porro
611 3809 823 3890 Scriptorum
844 3812 894 3892 (A.
913 3811 965 3888 Τ.)
984 3818 1127 3884 omnio,
1148 3803 1186 3868 ut
1200 3812 1304 3884 πάντα,
1320 3813 1390 3873 sud
1404 3834 1497 3892 peo-

270 3948 272 3953 ·
323 3921 398 3977 tato
428 3920 696 3999 conclusisse,
728 3918 748 3981 i.
780 3939 807 3982 e.
840 3919 994 3983 conclusa
1025 3939 1099 3984 csse
1132 3917 1370 3998 ostendisse⁸);
1404 3933 1498 4005 atque

322 4010 470 4091 Christum
485 4034 647 4108 eripuisse
661 4049 732 4090 nos
754 4032 798 4090 de
819 4036 1021 4108 potestate
1043 4032 1316 4119 tenebrarum,
1335 4037 1367 4092 et
1381 4038 1497 4093 trans·

232 4147 258 4195 ΙΙ,
320 4126 1047 4217 lt‘licostrarepnmnfilitadlectionisaeat11o⁹);
1080 4137 1194 4222 quibus
1216 4137 1363 4203 omnibus
1383 4160 1496 4223 pecca·

231 4255 257 4291 τ·
318 4234 381 4302 llm
406 4244 529 4332 origine
552 4258 756 4329 conceptum,
789 4258 823 4310 ut
844 4267 886 4310 ex
908 4246 959 4321 iis,
976 4267 1055 4332 quae
1072 4247 1236 4332 bucusque
1254 4246 1497 4330 disputavimus,

316 4355 524 4393 k..

327 4515 334 4528 ,
414 4453 443 4522 ¹)
460 4444 491 4520 2,
508 4445 540 4512 3.
558 4484 599 4492 -
617 4447 643 4528 ²)
662 4447 706 4510 Of.
725 4447 793 4510 Gal.
810 4446 842 4521 2,
861 4445 911 4510 15.
943 4450 1030 4509 Rom.
1057 4447 1108 4522 11,
1125 4445 1178 4511 24.
1205 4449 1361 4519 Quomodo
1377 4455 1498 4534 nature,

310 4529 352 4579 θη
372 4535 619 4617 Augustinus,
635 4539 699 4598 uisi
720 4539 792 4616 quio
812 4547 952 4616 peccante
971 4539 1071 4617 primo
1095 4540 1221 4612 bomine,
1241 4541 1348 4601 vilium
1370 4563 1427 4619 pro
1443 4563 1497 4602 oa·

308 4606 383 4683 bara
395 4629 537 4688 inoboit?
561 4632 611 4691 Tr.
633 4633 684 4691 44.
705 4629 739 4688 in
757 4633 850 4692 Joan.
871 4652 901 4691 o.
918 4634 947 4692 1.
964 4632 1001 4692 T.
1019 4629 1048 4692 3.
1067 4654 1096 4712 p.
1114 4630 1143 4693 2.
1161 4652 1186 4693 c.
1204 4627 1279 4695 589.
1301 4668 1343 4678 —
1361 4632 1386 4712 3)
1404 4633 1448 4694 Of.
1466 4631 1497 4696 2.

236 4704 240 4731 ³
304 4687 389 4794 Rflg.
405 4717 457 4792 12,
472 4717 504 4781 5.
521 4756 565 4765 -
583 4723 610 4798 ⁴)
626 4719 847 4800 Berlepscb,
865 4741 915 4800 op.
932 4742 957 4782 c.
975 4742 1046 4801 pag.
1066 4719 1129 4784 164
1146 4743 1169 4783 s.
1188 4759 1230 4767 -
1249 4719 1275 4805 Β)
1291 4725 1378 4785 Rom.
1395 4721 1426 4794 3,
1443 4722 1497 4786 23.

302 4809 353 4840 x
374 4806 442 4889 ¹)2.
465 4804 537 4872 cor?
552 4808 582 4885 5,
605 4809 656 4873 14.
675 4808 727 4875 15.
744 4821 775 4871 et
791 4813 830 4874 al.
849 4833 934 4891 saep.
954 4849 996 4857 -
1022 4813 1047 4888 ⁷)
1064 4810 1095 4874 2.
1113 4809 1236 4886 Oor.5,
1254 4812 1306 4876 21.
1339 4813 1497 4877 ctHebr.

299 4865 336 4952 a,
361 4895 409 4964 11.
426 4936 469 4948 -
489 4899 515 4983 ⁸)
532 4901 601 4964 cu.
618 4900 650 4976 3,
667 4899 720 4966 aa.
750 4939 791 4948 -
819 4907 849 4982 ο)
873 4901 1056 4978 001.1,13.
1081 4903 1125 4965 of.
1142 4903 1234 4966 roan.
1253 4903 1283 4980 1,
1300 4901 1331 4968 4.
1347 4901 1378 4967 5.
1396 4902 1426 4967 9.
1446 4903 1497 4969 12.
