<?xml version="1.0" encoding="UTF-8"?>
<!DOCTYPE html PUBLIC "-//W3C//DTD XHTML 1.0 Transitional//EN"
    "http://www.w3.org/TR/xhtml1/DTD/xhtml1-transitional.dtd">
<html xmlns="http://www.w3.org/1999/xhtml" xml:lang="en" lang="en">
 <head>
  <title>
</title>
<meta http-equiv="Content-Type" content="text/html;charset=utf-8" />
  <meta name='ocr-system' content='tesseract 3.04.00' />
  <meta name='ocr-capabilities' content='ocr_page ocr_carea ocr_par ocr_line ocrx_word'/>
</head>
<body>
  <div class='ocr_page' id='page_1' title='image "./theologiadogmat00schwgoog/theologiadogmat00schwgoog_0293.png"; bbox 0 0 3775 5625; ppageno 0'>
   <div class='ocr_carea' id='block_1_1' title="bbox 1460 379 1526 448">
    <p class='ocr_par' dir='ltr' id='par_1_1' title="bbox 1460 379 1526 448">
     <span class='ocr_line' id='line_1_1' title="bbox 1460 379 1526 448; baseline 0.03 -2"><span class='ocrx_word' id='word_1_1' title='bbox 1460 379 1526 448; x_wconf 85' lang='grc'><strong>279</strong></span> 
     </span>
    </p>
   </div>
   <div class='ocr_carea' id='block_1_2' title="bbox 267 549 1527 1604">
    <p class='ocr_par' dir='ltr' id='par_1_2' title="bbox 316 549 1526 628">
     <span class='ocr_line' id='line_1_2' title="bbox 316 549 1526 628; baseline 0.001 -17"><span class='ocrx_word' id='word_1_2' title='bbox 316 552 378 611; x_wconf 72' lang='lat' dir='ltr'><strong>cic</strong></span> <span class='ocrx_word' id='word_1_3' title='bbox 402 557 545 610; x_wconf 68' lang='lat' dir='ltr'><strong>amca</strong></span> <span class='ocrx_word' id='word_1_4' title='bbox 563 557 630 626; x_wconf 80' lang='lat' dir='ltr'><strong>est,</strong></span> <span class='ocrx_word' id='word_1_5' title='bbox 654 557 692 608; x_wconf 80' lang='lat' dir='ltr'><strong>ut</strong></span> <span class='ocrx_word' id='word_1_6' title='bbox 704 549 800 625; x_wconf 73' lang='lat' dir='ltr'><strong>prim</strong></span> <span class='ocrx_word' id='word_1_7' title='bbox 815 556 942 626; x_wconf 82' lang='lat' dir='ltr'><strong>creato,</strong></span> <span class='ocrx_word' id='word_1_8' title='bbox 964 555 1040 623; x_wconf 80' lang='lat' dir='ltr'><strong>post</strong></span> <span class='ocrx_word' id='word_1_9' title='bbox 1055 556 1273 607; x_wconf 82' lang='lat' dir='ltr'><strong>assumeretur</strong></span> <span class='ocrx_word' id='word_1_10' title='bbox 1278 568 1293 623; x_wconf 90' lang='lat'><em>;</em></span> <span class='ocrx_word' id='word_1_11' title='bbox 1316 553 1374 608; x_wconf 81' lang='lat' dir='ltr'><strong>sod</strong></span> <span class='ocrx_word' id='word_1_12' title='bbox 1388 559 1426 611; x_wconf 80' lang='lat' dir='ltr'><strong>ut</strong></span> <span class='ocrx_word' id='word_1_13' title='bbox 1439 554 1526 628; x_wconf 77' lang='lat' dir='ltr'><strong>ipsa</strong></span> 
     </span>
    </p>

    <p class='ocr_par' dir='ltr' id='par_1_3' title="bbox 267 652 1527 1604">
     <span class='ocr_line' id='line_1_3' title="bbox 301 652 1527 733; baseline 0 -11"><span class='ocrx_word' id='word_1_14' title='bbox 301 680 364 722; x_wconf 71' lang='lat' dir='ltr'><strong>aa</strong></span> <span class='ocrx_word' id='word_1_15' title='bbox 374 662 574 719; x_wconf 70' lang='lat' dir='ltr'><strong>sanctione</strong></span> <span class='ocrx_word' id='word_1_16' title='bbox 589 667 803 717; x_wconf 79' lang='lat' dir='ltr'><strong>crearetur</strong></span> <span class='ocrx_word' id='word_1_17' title='bbox 814 658 852 733; x_wconf 90' lang='lat'><strong>¹).</strong></span> <span class='ocrx_word' id='word_1_18' title='bbox 876 655 918 718; x_wconf 91' lang='lat' dir='ltr'><strong>Et</strong></span> <span class='ocrx_word' id='word_1_19' title='bbox 934 652 1024 717; x_wconf 85' lang='lat' dir='ltr'><strong>abbi:</strong></span> <span class='ocrx_word' id='word_1_20' title='bbox 1049 659 1092 717; x_wconf 81' lang='lat' dir='ltr'><strong>In</strong></span> <span class='ocrx_word' id='word_1_21' title='bbox 1107 666 1231 717; x_wconf 81' lang='lat' dir='ltr'><strong>tantam</strong></span> <span class='ocrx_word' id='word_1_22' title='bbox 1247 661 1402 720; x_wconf 81' lang='lat' dir='ltr'><strong>unitatem</strong></span> <span class='ocrx_word' id='word_1_23' title='bbox 1417 659 1481 720; x_wconf 77' lang='lat' dir='ltr'><strong>Dei</strong></span> <span class='ocrx_word' id='word_1_24' title='bbox 1495 671 1527 723; x_wconf 82' lang='lat' dir='ltr'><strong>ct</strong></span> 
     </span>
     <span class='ocr_line' id='line_1_4' title="bbox 288 770 1523 849; baseline -0.002 -17"><span class='ocrx_word' id='word_1_25' title='bbox 288 772 610 832; x_wconf 64' lang='lat' dir='ltr'><strong>tenimentorum</strong></span> <span class='ocrx_word' id='word_1_26' title='bbox 626 770 788 845; x_wconf 76' lang='lat' dir='ltr'><strong>convenit,</strong></span> <span class='ocrx_word' id='word_1_27' title='bbox 805 776 924 826; x_wconf 82' lang='lat' dir='ltr'><strong>utnec</strong></span> <span class='ocrx_word' id='word_1_28' title='bbox 949 771 1148 844; x_wconf 80' lang='lat' dir='ltr'><strong>supplicio</strong></span> <span class='ocrx_word' id='word_1_29' title='bbox 1167 771 1352 843; x_wconf 81' lang='lat' dir='ltr'><strong>potuerit</strong></span> <span class='ocrx_word' id='word_1_30' title='bbox 1369 772 1523 849; x_wconf 78' lang='lat' dir='ltr'><strong>dirimi,</strong></span> 
     </span>
     <span class='ocr_line' id='line_1_5' title="bbox 278 873 1526 958; baseline 0.002 -18"><span class='ocrx_word' id='word_1_31' title='bbox 278 899 355 941; x_wconf 78' lang='lat' dir='ltr'><strong>ne</strong></span> <span class='ocrx_word' id='word_1_32' title='bbox 370 887 538 938; x_wconf 70' lang='lat' dir='ltr'><strong>cmorte</strong></span> <span class='ocrx_word' id='word_1_33' title='bbox 553 880 734 955; x_wconf 72' lang='lat' dir='ltr'><strong>disjunqi</strong></span> <span class='ocrx_word' id='word_1_34' title='bbox 748 878 786 953; x_wconf 83' lang='lat'><strong>²).</strong></span> <span class='ocrx_word' id='word_1_35' title='bbox 803 876 905 958; x_wconf 83' lang='lat' dir='ltr'><strong>Atque</strong></span> <span class='ocrx_word' id='word_1_36' title='bbox 922 873 1039 939; x_wconf 83' lang='lat' dir='ltr'><strong>Cone.</strong></span> <span class='ocrx_word' id='word_1_37' title='bbox 1056 874 1296 958; x_wconf 85' lang='lat' dir='ltr'><strong>Ephesinum</strong></span> <span class='ocrx_word' id='word_1_38' title='bbox 1314 873 1438 940; x_wconf 88' lang='lat' dir='ltr'><strong>delinit:</strong></span> <span class='ocrx_word' id='word_1_39' title='bbox 1455 879 1526 942; x_wconf 78' lang='lat' dir='ltr'><strong>Nec</strong></span> 
     </span>
     <span class='ocr_line' id='line_1_6' title="bbox 274 984 1525 1065; baseline 0 -15"><span class='ocrx_word' id='word_1_40' title='bbox 274 992 417 1050; x_wconf 69' lang='lat' dir='ltr'><strong>ernian</strong></span> <span class='ocrx_word' id='word_1_41' title='bbox 428 991 568 1064; x_wconf 80' lang='lat' dir='ltr'><strong>primum</strong></span> <span class='ocrx_word' id='word_1_42' title='bbox 583 997 681 1047; x_wconf 81' lang='lat' dir='ltr'><strong>natus</strong></span> <span class='ocrx_word' id='word_1_43' title='bbox 696 996 745 1046; x_wconf 85' lang='lat' dir='ltr'><strong>est</strong></span> <span class='ocrx_word' id='word_1_44' title='bbox 759 987 853 1046; x_wconf 81' lang='lat' dir='ltr'><strong>homo</strong></span> <span class='ocrx_word' id='word_1_45' title='bbox 870 992 909 1045; x_wconf 81' lang='lat' dir='ltr'><strong>da</strong></span> <span class='ocrx_word' id='word_1_46' title='bbox 924 984 962 1048; x_wconf 73' lang='lat' dir='ltr'><strong>S.</strong></span> <span class='ocrx_word' id='word_1_47' title='bbox 985 988 1130 1065; x_wconf 67' lang='lat' dir='ltr'><strong>Vimine,</strong></span> <span class='ocrx_word' id='word_1_48' title='bbox 1148 996 1180 1047; x_wconf 83' lang='lat' dir='ltr'><strong>ct</strong></span> <span class='ocrx_word' id='word_1_49' title='bbox 1195 997 1270 1047; x_wconf 82' lang='lat' dir='ltr'><strong>tuno</strong></span> <span class='ocrx_word' id='word_1_50' title='bbox 1285 994 1410 1048; x_wconf 80' lang='lat' dir='ltr'><strong>demum</strong></span> <span class='ocrx_word' id='word_1_51' title='bbox 1426 989 1525 1050; x_wconf 79' lang='lat' dir='ltr'><strong>inha-</strong></span> 
     </span>
     <span class='ocr_line' id='line_1_7' title="bbox 270 1092 1526 1180; baseline 0.002 -23"><span class='ocrx_word' id='word_1_52' title='bbox 270 1099 549 1180; x_wconf 73' lang='lat' dir='ltr'><strong>bicapr&#39;tineo</strong></span> <span class='ocrx_word' id='word_1_53' title='bbox 571 1095 718 1155; x_wconf 78' lang='lat' dir='ltr'><em>Verbum.</em></span> <span class='ocrx_word' id='word_1_54' title='bbox 752 1092 821 1154; x_wconf 74' lang='lat' dir='ltr'><strong>sea</strong></span> <span class='ocrx_word' id='word_1_55' title='bbox 842 1099 882 1154; x_wconf 82' lang='lat' dir='ltr'><strong>in</strong></span> <span class='ocrx_word' id='word_1_56' title='bbox 905 1098 992 1171; x_wconf 80' lang='lat' dir='ltr'><strong>ipso</strong></span> <span class='ocrx_word' id='word_1_57' title='bbox 1024 1105 1135 1155; x_wconf 83' lang='lat' dir='ltr'><strong>utero</strong></span> <span class='ocrx_word' id='word_1_58' title='bbox 1167 1096 1365 1171; x_wconf 68' lang='lat' dir='ltr'><strong>vtrytnati</strong></span> <span class='ocrx_word' id='word_1_59' title='bbox 1397 1116 1526 1160; x_wconf 79' lang='lat' dir='ltr'><strong>secum</strong></span> 
     </span>
     <span class='ocr_line' id='line_1_8' title="bbox 269 1207 1526 1284; baseline 0 -15"><span class='ocrx_word' id='word_1_60' title='bbox 269 1228 328 1269; x_wconf 77' lang='lat' dir='ltr'><strong>ca</strong></span> <span class='ocrx_word' id='word_1_61' title='bbox 345 1224 482 1265; x_wconf 79' lang='lat' dir='ltr'><strong>roem</strong></span> <span class='ocrx_word' id='word_1_62' title='bbox 498 1207 727 1283; x_wconf 70' lang='lat' dir='ltr'><strong>conjunxit,</strong></span> <span class='ocrx_word' id='word_1_63' title='bbox 746 1214 779 1264; x_wconf 88' lang='lat' dir='ltr'><strong>et</strong></span> <span class='ocrx_word' id='word_1_64' title='bbox 793 1208 951 1265; x_wconf 77' lang='lat' dir='ltr'><strong>sustinuit</strong></span> <span class='ocrx_word' id='word_1_65' title='bbox 962 1208 1206 1281; x_wconf 60' lang='lat' dir='ltr'><strong>concretionem</strong></span> <span class='ocrx_word' id='word_1_66' title='bbox 1222 1209 1401 1284; x_wconf 80' lang='lat' dir='ltr'><strong>carnatem,</strong></span> <span class='ocrx_word' id='word_1_67' title='bbox 1415 1211 1526 1269; x_wconf 72' lang='lat' dir='ltr'><strong>carno</strong></span> 
     </span>
     <span class='ocr_line' id='line_1_9' title="bbox 267 1309 1523 1390; baseline 0 -12"><span class='ocrx_word' id='word_1_68' title='bbox 267 1334 412 1378; x_wconf 77' lang='lat' dir='ltr'><strong>suae</strong></span> <span class='ocrx_word' id='word_1_69' title='bbox 424 1318 624 1376; x_wconf 73' lang='lat' dir='ltr'><strong>nativitatem</strong></span> <span class='ocrx_word' id='word_1_70' title='bbox 647 1333 738 1374; x_wconf 84' lang='lat' dir='ltr'><strong>suam</strong></span> <span class='ocrx_word' id='word_1_71' title='bbox 751 1314 882 1386; x_wconf 79' lang='lat' dir='ltr'><strong>faciens</strong></span> <span class='ocrx_word' id='word_1_72' title='bbox 893 1316 931 1390; x_wconf 75' lang='grc'><strong>8).</strong></span> <span class='ocrx_word' id='word_1_73' title='bbox 957 1309 993 1373; x_wconf 86' lang='lat' dir='ltr'><strong>si</strong></span> <span class='ocrx_word' id='word_1_74' title='bbox 1009 1331 1160 1374; x_wconf 88' lang='lat' dir='ltr'><strong>seorsum</strong></span> <span class='ocrx_word' id='word_1_75' title='bbox 1186 1309 1366 1376; x_wconf 88' lang='lat' dir='ltr'><strong>humanitas</strong></span> <span class='ocrx_word' id='word_1_76' title='bbox 1383 1311 1415 1374; x_wconf 94' lang='lat' dir='ltr'><strong>in</strong></span> <span class='ocrx_word' id='word_1_77' title='bbox 1433 1312 1523 1378; x_wconf 87' lang='lat' dir='ltr'><strong>Chri·</strong></span> 
     </span>
     <span class='ocr_line' id='line_1_10' title="bbox 267 1419 1525 1506; baseline -0.002 -18"><span class='ocrx_word' id='word_1_78' title='bbox 267 1435 353 1489; x_wconf 85' lang='lat' dir='ltr'><strong>sto</strong></span> <span class='ocrx_word' id='word_1_79' title='bbox 403 1419 636 1505; x_wconf 83' lang='lat' dir='ltr'><strong>abhypostasi,</strong></span> <span class='ocrx_word' id='word_1_80' title='bbox 668 1441 729 1506; x_wconf 92' lang='lat' dir='ltr'><strong>qua</strong></span> <span class='ocrx_word' id='word_1_81' title='bbox 760 1419 922 1495; x_wconf 81' lang='lat' dir='ltr'><strong>subsistit,</strong></span> <span class='ocrx_word' id='word_1_82' title='bbox 954 1432 1133 1504; x_wconf 85' lang='lat' dir='ltr'><strong>spectatur:</strong></span> <span class='ocrx_word' id='word_1_83' title='bbox 1154 1422 1223 1503; x_wconf 85' lang='lat' dir='ltr'><strong>jam</strong></span> <span class='ocrx_word' id='word_1_84' title='bbox 1242 1442 1307 1484; x_wconf 88' lang='lat' dir='ltr'><strong>non</strong></span> <span class='ocrx_word' id='word_1_85' title='bbox 1324 1420 1525 1506; x_wconf 86' lang='lat' dir='ltr'><strong>estamplius</strong></span> 
     </span>
     <span class='ocr_line' id='line_1_11' title="bbox 267 1529 1523 1604; baseline -0.002 -6"><span class='ocrx_word' id='word_1_86' title='bbox 267 1531 507 1598; x_wconf 76' lang='lat' dir='ltr'><strong>humanitas</strong></span> <span class='ocrx_word' id='word_1_87' title='bbox 534 1530 668 1604; x_wconf 82' lang='lat' dir='ltr'><strong>Christi,</strong></span> <span class='ocrx_word' id='word_1_88' title='bbox 684 1530 704 1593; x_wconf 94' lang='lat' dir='ltr'><strong>i.</strong></span> <span class='ocrx_word' id='word_1_89' title='bbox 723 1550 750 1593; x_wconf 90' lang='lat' dir='ltr'><strong>e.</strong></span> <span class='ocrx_word' id='word_1_90' title='bbox 767 1529 867 1594; x_wconf 81' lang='lat' dir='ltr'><strong>Verbi</strong></span> <span class='ocrx_word' id='word_1_91' title='bbox 886 1529 1058 1604; x_wconf 85' lang='lat' dir='ltr'><strong>incarnati,</strong></span> <span class='ocrx_word' id='word_1_92' title='bbox 1086 1530 1143 1593; x_wconf 86' lang='lat' dir='ltr'><strong>sed</strong></span> <span class='ocrx_word' id='word_1_93' title='bbox 1166 1542 1218 1594; x_wconf 86' lang='lat' dir='ltr'><strong>est</strong></span> <span class='ocrx_word' id='word_1_94' title='bbox 1232 1550 1322 1594; x_wconf 87' lang='lat' dir='ltr'><strong>mera</strong></span> <span class='ocrx_word' id='word_1_95' title='bbox 1338 1531 1453 1595; x_wconf 88' lang='lat' dir='ltr'><strong>mentis</strong></span> <span class='ocrx_word' id='word_1_96' title='bbox 1470 1531 1523 1596; x_wconf 86' lang='lat' dir='ltr'><strong>ab·</strong></span> 
     </span>
    </p>
   </div>
   <div class='ocr_carea' id='block_1_3' title="bbox 271 1640 473 1706">
    <p class='ocr_par' dir='ltr' id='par_1_4' title="bbox 271 1640 473 1706">
     <span class='ocr_line' id='line_1_12' title="bbox 271 1640 473 1706; baseline -0.01 0"><span class='ocrx_word' id='word_1_97' title='bbox 271 1640 473 1706; x_wconf 73' lang='lat' dir='ltr'><strong>stractio.</strong></span> 
     </span>
    </p>
   </div>
   <div class='ocr_carea' id='block_1_4' title="bbox 234 1767 1525 3381">
    <p class='ocr_par' dir='ltr' id='par_1_5' title="bbox 274 1767 1525 2507">
     <span class='ocr_line' id='line_1_13' title="bbox 433 1767 1523 1853; baseline 0.001 -21"><span class='ocrx_word' id='word_1_98' title='bbox 433 1770 570 1853; x_wconf 79' lang='lat' dir='ltr'><strong>Propter</strong></span> <span class='ocrx_word' id='word_1_99' title='bbox 600 1767 750 1831; x_wconf 90' lang='lat' dir='ltr'><strong>unionem</strong></span> <span class='ocrx_word' id='word_1_100' title='bbox 789 1780 921 1832; x_wconf 85' lang='lat' dir='ltr'><strong>naturae</strong></span> <span class='ocrx_word' id='word_1_101' title='bbox 953 1768 1077 1831; x_wconf 87' lang='lat' dir='ltr'><strong>divinae</strong></span> <span class='ocrx_word' id='word_1_102' title='bbox 1104 1780 1137 1831; x_wconf 86' lang='lat' dir='ltr'><strong>et</strong></span> <span class='ocrx_word' id='word_1_103' title='bbox 1160 1768 1314 1831; x_wconf 78' lang='lat' dir='ltr'><strong>humanae</strong></span> <span class='ocrx_word' id='word_1_104' title='bbox 1336 1767 1367 1830; x_wconf 92' lang='lat' dir='ltr'><strong>in</strong></span> <span class='ocrx_word' id='word_1_105' title='bbox 1394 1767 1523 1833; x_wconf 82' lang='lat' dir='ltr'><strong>Christo</strong></span> 
     </span>
     <span class='ocr_line' id='line_1_14' title="bbox 274 1876 1525 1962; baseline 0.001 -22"><span class='ocrx_word' id='word_1_106' title='bbox 274 1878 579 1957; x_wconf 80' lang='lat' dir='ltr'><strong>hypostaticam,</strong></span> <span class='ocrx_word' id='word_1_107' title='bbox 595 1899 654 1962; x_wconf 94' lang='lat' dir='ltr'><strong>pro</strong></span> <span class='ocrx_word' id='word_1_108' title='bbox 672 1898 734 1962; x_wconf 88' lang='lat' dir='ltr'><strong>qua</strong></span> <span class='ocrx_word' id='word_1_109' title='bbox 749 1877 819 1962; x_wconf 90' lang='lat' dir='ltr'><strong>ipse</strong></span> <span class='ocrx_word' id='word_1_110' title='bbox 837 1890 945 1961; x_wconf 91' lang='lat' dir='ltr'><strong>etqua</strong></span> <span class='ocrx_word' id='word_1_111' title='bbox 962 1878 1059 1940; x_wconf 93' lang='lat' dir='ltr'><strong>homo</strong></span> <span class='ocrx_word' id='word_1_112' title='bbox 1076 1877 1135 1940; x_wconf 88' lang='lat' dir='ltr'><strong>Dei</strong></span> <span class='ocrx_word' id='word_1_113' title='bbox 1152 1876 1251 1941; x_wconf 82' lang='lat' dir='ltr'><strong>Filius</strong></span> <span class='ocrx_word' id='word_1_114' title='bbox 1267 1889 1328 1951; x_wconf 89' lang='lat' dir='ltr'><strong>est,</strong></span> <span class='ocrx_word' id='word_1_115' title='bbox 1345 1898 1402 1940; x_wconf 87' lang='lat' dir='ltr'><strong>seu</strong></span> <span class='ocrx_word' id='word_1_116' title='bbox 1421 1877 1525 1941; x_wconf 83' lang='lat' dir='ltr'><strong>divina</strong></span> 
     </span>
     <span class='ocr_line' id='line_1_15' title="bbox 280 1987 1523 2071; baseline -0.001 -20"><span class='ocrx_word' id='word_1_117' title='bbox 280 2001 484 2068; x_wconf 76' lang='lat' dir='ltr'><strong>persona,</strong></span> <span class='ocrx_word' id='word_1_118' title='bbox 512 1988 554 2050; x_wconf 92' lang='lat' dir='ltr'><strong>nil</strong></span> <span class='ocrx_word' id='word_1_119' title='bbox 568 1988 600 2051; x_wconf 91' lang='lat' dir='ltr'><strong>in</strong></span> <span class='ocrx_word' id='word_1_120' title='bbox 618 1999 729 2050; x_wconf 89' lang='lat' dir='ltr'><strong>natura</strong></span> <span class='ocrx_word' id='word_1_121' title='bbox 761 1989 831 2070; x_wconf 89' lang='lat' dir='ltr'><strong>ejus</strong></span> <span class='ocrx_word' id='word_1_122' title='bbox 863 1987 999 2050; x_wconf 90' lang='lat' dir='ltr'><strong>humana</strong></span> <span class='ocrx_word' id='word_1_123' title='bbox 1031 1999 1138 2070; x_wconf 90' lang='lat' dir='ltr'><strong>potest</strong></span> <span class='ocrx_word' id='word_1_124' title='bbox 1170 1987 1291 2050; x_wconf 83' lang='lat' dir='ltr'><strong>admitti</strong></span> <span class='ocrx_word' id='word_1_125' title='bbox 1313 1999 1367 2050; x_wconf 91' lang='lat' dir='ltr'><strong>aut</strong></span> <span class='ocrx_word' id='word_1_126' title='bbox 1391 1998 1523 2071; x_wconf 85' lang='lat' dir='ltr'><strong>praesto</strong></span> 
     </span>
     <span class='ocr_line' id='line_1_16' title="bbox 284 2094 1522 2181; baseline 0.005 -28"><span class='ocrx_word' id='word_1_127' title='bbox 284 2110 420 2171; x_wconf 75' lang='lat' dir='ltr'><strong>esse,</strong></span> <span class='ocrx_word' id='word_1_128' title='bbox 442 2097 527 2181; x_wconf 90' lang='lat' dir='ltr'><strong>quod</strong></span> <span class='ocrx_word' id='word_1_129' title='bbox 558 2116 718 2179; x_wconf 85' lang='lat' dir='ltr'><strong>personae</strong></span> <span class='ocrx_word' id='word_1_130' title='bbox 750 2094 875 2159; x_wconf 90' lang='lat' dir='ltr'><strong>divinae</strong></span> <span class='ocrx_word' id='word_1_131' title='bbox 907 2107 1121 2181; x_wconf 59' lang='lat' dir='ltr'><strong>repugnarem</strong></span> <span class='ocrx_word' id='word_1_132' title='bbox 1148 2107 1301 2170; x_wconf 83' lang='lat' dir='ltr'><strong>attamen,</strong></span> <span class='ocrx_word' id='word_1_133' title='bbox 1318 2116 1397 2180; x_wconf 88' lang='lat' dir='ltr'><strong>quae</strong></span> <span class='ocrx_word' id='word_1_134' title='bbox 1414 2097 1453 2159; x_wconf 91' lang='lat' dir='ltr'><strong>ad</strong></span> <span class='ocrx_word' id='word_1_135' title='bbox 1469 2116 1522 2160; x_wconf 89' lang='lat' dir='ltr'><strong>na·</strong></span> 
     </span>
     <span class='ocr_line' id='line_1_17' title="bbox 287 2202 1522 2287; baseline -0.001 -19"><span class='ocrx_word' id='word_1_136' title='bbox 287 2214 432 2269; x_wconf 69' lang='lat' dir='ltr'><strong>luram</strong></span> <span class='ocrx_word' id='word_1_137' title='bbox 446 2206 615 2268; x_wconf 89' lang='lat' dir='ltr'><strong>humanam</strong></span> <span class='ocrx_word' id='word_1_138' title='bbox 631 2202 820 2267; x_wconf 86' lang='lat' dir='ltr'><strong>necessario</strong></span> <span class='ocrx_word' id='word_1_139' title='bbox 836 2202 1012 2287; x_wconf 84' lang='lat' dir='ltr'><strong>pertinent,</strong></span> <span class='ocrx_word' id='word_1_140' title='bbox 1029 2225 1087 2287; x_wconf 88' lang='lat' dir='ltr'><strong>per</strong></span> <span class='ocrx_word' id='word_1_141' title='bbox 1105 2203 1254 2282; x_wconf 86' lang='lat' dir='ltr'><strong>unionem</strong></span> <span class='ocrx_word' id='word_1_142' title='bbox 1277 2203 1360 2267; x_wconf 90' lang='lat' dir='ltr'><strong>illam</strong></span> <span class='ocrx_word' id='word_1_143' title='bbox 1378 2225 1396 2267; x_wconf 92' lang='lat' dir='ltr'><strong>a</strong></span> <span class='ocrx_word' id='word_1_144' title='bbox 1413 2203 1522 2268; x_wconf 90' lang='lat' dir='ltr'><strong>divini-</strong></span> 
     </span>
     <span class='ocr_line' id='line_1_18' title="bbox 288 2311 1522 2397; baseline 0.005 -25"><span class='ocrx_word' id='word_1_145' title='bbox 288 2317 387 2374; x_wconf 79' lang='lat' dir='ltr'><strong>tate</strong></span> <span class='ocrx_word' id='word_1_146' title='bbox 411 2336 472 2378; x_wconf 92' lang='lat' dir='ltr'><strong>non</strong></span> <span class='ocrx_word' id='word_1_147' title='bbox 489 2315 640 2377; x_wconf 89' lang='lat' dir='ltr'><strong>tolluntur</strong></span> <span class='ocrx_word' id='word_1_148' title='bbox 657 2325 711 2377; x_wconf 91' lang='lat' dir='ltr'><strong>aut</strong></span> <span class='ocrx_word' id='word_1_149' title='bbox 726 2311 967 2387; x_wconf 88' lang='lat' dir='ltr'><strong>rescinduntur,</strong></span> <span class='ocrx_word' id='word_1_150' title='bbox 991 2312 1134 2397; x_wconf 85' lang='lat' dir='ltr'><strong>quamvis</strong></span> <span class='ocrx_word' id='word_1_151' title='bbox 1157 2311 1363 2376; x_wconf 88' lang='lat' dir='ltr'><strong>nobilitentur</strong></span> <span class='ocrx_word' id='word_1_152' title='bbox 1381 2325 1412 2376; x_wconf 88' lang='lat' dir='ltr'><strong>et</strong></span> <span class='ocrx_word' id='word_1_153' title='bbox 1427 2311 1522 2396; x_wconf 87' lang='lat' dir='ltr'><strong>perli-</strong></span> 
     </span>
     <span class='ocr_line' id='line_1_19' title="bbox 291 2414 1521 2507; baseline 0.006 -26"><span class='ocrx_word' id='word_1_154' title='bbox 291 2414 460 2487; x_wconf 73' lang='lat' dir='ltr'><strong>ciantur.</strong></span> <span class='ocrx_word' id='word_1_155' title='bbox 486 2424 687 2507; x_wconf 80' lang='lat' dir='ltr'><strong>Quapropter</strong></span> <span class='ocrx_word' id='word_1_156' title='bbox 710 2444 770 2507; x_wconf 93' lang='lat' dir='ltr'><strong>pro</strong></span> <span class='ocrx_word' id='word_1_157' title='bbox 794 2421 911 2485; x_wconf 84' lang='lat' dir='ltr'><strong>unione</strong></span> <span class='ocrx_word' id='word_1_158' title='bbox 935 2422 1138 2506; x_wconf 82' lang='lat' dir='ltr'><strong>hypostatica</strong></span> <span class='ocrx_word' id='word_1_159' title='bbox 1161 2421 1192 2485; x_wconf 93' lang='lat' dir='ltr'><strong>in</strong></span> <span class='ocrx_word' id='word_1_160' title='bbox 1218 2423 1379 2486; x_wconf 86' lang='lat' dir='ltr'><strong>voluntate</strong></span> <span class='ocrx_word' id='word_1_161' title='bbox 1402 2421 1521 2488; x_wconf 80' lang='lat' dir='ltr'><strong>Christi</strong></span> 
     </span>
    </p>

    <p class='ocr_par' dir='ltr' id='par_1_6' title="bbox 234 2531 1519 3381">
     <span class='ocr_line' id='line_1_20' title="bbox 234 2531 1518 2618; baseline 0.005 -29"><span class='ocrx_word' id='word_1_162' title='bbox 234 2547 238 2618; x_wconf 62' lang='lat' dir='ltr'><strong>p</strong></span> <span class='ocrx_word' id='word_1_163' title='bbox 293 2531 505 2596; x_wconf 81' lang='lat' dir='ltr'><strong>excluditur</strong></span> <span class='ocrx_word' id='word_1_164' title='bbox 528 2554 623 2595; x_wconf 89' lang='lat' dir='ltr'><strong>omne</strong></span> <span class='ocrx_word' id='word_1_165' title='bbox 639 2532 768 2596; x_wconf 90' lang='lat' dir='ltr'><strong>omnino</strong></span> <span class='ocrx_word' id='word_1_166' title='bbox 785 2543 968 2616; x_wconf 88' lang='lat' dir='ltr'><strong>peccatum,</strong></span> <span class='ocrx_word' id='word_1_167' title='bbox 992 2544 1085 2616; x_wconf 88' lang='lat' dir='ltr'><strong>atque</strong></span> <span class='ocrx_word' id='word_1_168' title='bbox 1101 2531 1171 2616; x_wconf 88' lang='lat' dir='ltr'><strong>ipse</strong></span> <span class='ocrx_word' id='word_1_169' title='bbox 1192 2531 1379 2595; x_wconf 89' lang='lat' dir='ltr'><strong>necessario</strong></span> <span class='ocrx_word' id='word_1_170' title='bbox 1396 2544 1446 2595; x_wconf 90' lang='lat' dir='ltr'><strong>est</strong></span> <span class='ocrx_word' id='word_1_171' title='bbox 1460 2531 1518 2595; x_wconf 93' lang='lat' dir='ltr'><strong>im·</strong></span> 
     </span>
     <span class='ocr_line' id='line_1_21' title="bbox 234 2633 1518 2726; baseline -0.002 -20"><span class='ocrx_word' id='word_1_172' title='bbox 234 2633 237 2718; x_wconf 78' lang='lat' dir='ltr'><strong>l</strong></span> <span class='ocrx_word' id='word_1_173' title='bbox 295 2641 508 2718; x_wconf 75' lang='lat' dir='ltr'><strong>peccabitis,</strong></span> <span class='ocrx_word' id='word_1_174' title='bbox 525 2637 739 2719; x_wconf 72' lang='grc' dir='ltr'><em>ἀναμάρτητος,</em></span> <span class='ocrx_word' id='word_1_175' title='bbox 756 2664 851 2726; x_wconf 91' lang='lat' dir='ltr'><strong>quum</strong></span> <span class='ocrx_word' id='word_1_176' title='bbox 869 2654 1035 2726; x_wconf 88' lang='lat' dir='ltr'><strong>peccatum</strong></span> <span class='ocrx_word' id='word_1_177' title='bbox 1053 2664 1125 2705; x_wconf 90' lang='lat' dir='ltr'><strong>cum</strong></span> <span class='ocrx_word' id='word_1_178' title='bbox 1141 2636 1289 2700; x_wconf 77' lang='grc' dir='ltr'><strong><em>ὑπόστασι</em></strong></span> <span class='ocrx_word' id='word_1_179' title='bbox 1305 2640 1410 2704; x_wconf 85' lang='lat' dir='ltr'><strong>divina</strong></span> <span class='ocrx_word' id='word_1_180' title='bbox 1427 2663 1518 2726; x_wconf 88' lang='lat' dir='ltr'><strong>pror·</strong></span> 
     </span>
     <span class='ocr_line' id='line_1_22' title="bbox 299 2751 1519 2837; baseline 0.001 -21"><span class='ocrx_word' id='word_1_181' title='bbox 299 2762 370 2807; x_wconf 75' lang='lat'><strong>⁸118</strong></span> <span class='ocrx_word' id='word_1_182' title='bbox 402 2773 463 2816; x_wconf 92' lang='lat' dir='ltr'><strong>non</strong></span> <span class='ocrx_word' id='word_1_183' title='bbox 481 2751 586 2837; x_wconf 87' lang='lat' dir='ltr'><strong>possit</strong></span> <span class='ocrx_word' id='word_1_184' title='bbox 602 2751 761 2837; x_wconf 89' lang='lat' dir='ltr'><strong>componi.</strong></span> <span class='ocrx_word' id='word_1_185' title='bbox 785 2752 854 2817; x_wconf 92' lang='lat' dir='ltr'><strong>Nec</strong></span> <span class='ocrx_word' id='word_1_186' title='bbox 878 2773 942 2815; x_wconf 83' lang='lat' dir='ltr'><strong>non</strong></span> <span class='ocrx_word' id='word_1_187' title='bbox 964 2773 1024 2836; x_wconf 92' lang='lat' dir='ltr'><strong>pro</strong></span> <span class='ocrx_word' id='word_1_188' title='bbox 1047 2752 1159 2816; x_wconf 87' lang='lat' dir='ltr'><strong>cadem</strong></span> <span class='ocrx_word' id='word_1_189' title='bbox 1176 2751 1292 2816; x_wconf 90' lang='lat' dir='ltr'><strong>unione</strong></span> <span class='ocrx_word' id='word_1_190' title='bbox 1308 2751 1471 2836; x_wconf 88' lang='lat' dir='ltr'><strong>personali</strong></span> <span class='ocrx_word' id='word_1_191' title='bbox 1486 2752 1519 2817; x_wconf 87' lang='lat' dir='ltr'><strong>io</strong></span> 
     </span>
     <span class='ocr_line' id='line_1_23' title="bbox 303 2851 1516 2946; baseline 0.01 -33"><span class='ocrx_word' id='word_1_192' title='bbox 303 2851 444 2925; x_wconf 73' lang='lat' dir='ltr'><strong>ctu-isa</strong></span> <span class='ocrx_word' id='word_1_193' title='bbox 459 2862 622 2926; x_wconf 87' lang='lat' dir='ltr'><strong>intellectu</strong></span> <span class='ocrx_word' id='word_1_194' title='bbox 638 2863 743 2926; x_wconf 86' lang='lat' dir='ltr'><strong>nullus</strong></span> <span class='ocrx_word' id='word_1_195' title='bbox 758 2863 850 2946; x_wconf 91' lang='lat' dir='ltr'><strong>plane</strong></span> <span class='ocrx_word' id='word_1_196' title='bbox 869 2882 963 2925; x_wconf 89' lang='lat' dir='ltr'><strong>error</strong></span> <span class='ocrx_word' id='word_1_197' title='bbox 979 2859 1116 2934; x_wconf 85' lang='lat' dir='ltr'><strong>admitti,</strong></span> <span class='ocrx_word' id='word_1_198' title='bbox 1134 2882 1235 2946; x_wconf 87' lang='lat' dir='ltr'><strong>neque</strong></span> <span class='ocrx_word' id='word_1_199' title='bbox 1252 2861 1321 2945; x_wconf 90' lang='lat' dir='ltr'><strong>ipse</strong></span> <span class='ocrx_word' id='word_1_200' title='bbox 1339 2860 1444 2924; x_wconf 92' lang='lat' dir='ltr'><strong>errori</strong></span> <span class='ocrx_word' id='word_1_201' title='bbox 1462 2863 1516 2925; x_wconf 95' lang='lat' dir='ltr'><strong>ob·</strong></span> 
     </span>
     <span class='ocr_line' id='line_1_24' title="bbox 303 2969 1518 3055; baseline 0.001 -21"><span class='ocrx_word' id='word_1_202' title='bbox 303 2971 458 3045; x_wconf 81' lang='lat' dir='ltr'><strong>noxius,</strong></span> <span class='ocrx_word' id='word_1_203' title='bbox 474 2970 638 3035; x_wconf 88' lang='lat' dir='ltr'><strong>autetiam</strong></span> <span class='ocrx_word' id='word_1_204' title='bbox 654 2991 762 3034; x_wconf 86' lang='lat' dir='ltr'><strong>rerum</strong></span> <span class='ocrx_word' id='word_1_205' title='bbox 793 2972 1001 3034; x_wconf 86' lang='lat' dir='ltr'><strong>humanarum</strong></span> <span class='ocrx_word' id='word_1_206' title='bbox 1024 2983 1056 3034; x_wconf 90' lang='lat' dir='ltr'><strong>et</strong></span> <span class='ocrx_word' id='word_1_207' title='bbox 1076 2970 1268 3055; x_wconf 80' lang='lat' dir='ltr'><strong>reliquarum</strong></span> <span class='ocrx_word' id='word_1_208' title='bbox 1300 2969 1457 3045; x_wconf 87' lang='lat' dir='ltr'><strong>omnium,</strong></span> <span class='ocrx_word' id='word_1_209' title='bbox 1479 2973 1518 3035; x_wconf 90' lang='lat' dir='ltr'><strong>ad</strong></span> 
     </span>
     <span class='ocr_line' id='line_1_25' title="bbox 306 3068 1518 3166; baseline 0.003 -25"><span class='ocrx_word' id='word_1_210' title='bbox 306 3068 459 3144; x_wconf 68' lang='lat' dir='ltr'><strong>salutem</strong></span> <span class='ocrx_word' id='word_1_211' title='bbox 474 3080 637 3144; x_wconf 89' lang='lat' dir='ltr'><strong>hominum</strong></span> <span class='ocrx_word' id='word_1_212' title='bbox 653 3080 865 3154; x_wconf 87' lang='lat' dir='ltr'><strong>attinentium,</strong></span> <span class='ocrx_word' id='word_1_213' title='bbox 881 3080 1015 3166; x_wconf 82' lang='lat' dir='ltr'><strong>ignarus</strong></span> <span class='ocrx_word' id='word_1_214' title='bbox 1033 3100 1107 3144; x_wconf 90' lang='lat' dir='ltr'><strong>esse</strong></span> <span class='ocrx_word' id='word_1_215' title='bbox 1129 3092 1246 3163; x_wconf 86' lang='lat' dir='ltr'><strong>potest.</strong></span> <span class='ocrx_word' id='word_1_216' title='bbox 1278 3081 1349 3143; x_wconf 92' lang='lat' dir='ltr'><strong>Hoc</strong></span> <span class='ocrx_word' id='word_1_217' title='bbox 1374 3079 1459 3144; x_wconf 90' lang='lat' dir='ltr'><strong>enim</strong></span> <span class='ocrx_word' id='word_1_218' title='bbox 1475 3101 1518 3145; x_wconf 88' lang='lat' dir='ltr'><strong>ex</strong></span> 
     </span>
     <span class='ocr_line' id='line_1_26' title="bbox 234 3187 1516 3274; baseline -0.004 -17"><span class='ocrx_word' id='word_1_219' title='bbox 234 3246 238 3257; x_wconf 90' lang='lat'><strong>.</strong></span> <span class='ocrx_word' id='word_1_220' title='bbox 306 3196 446 3254; x_wconf 68' lang='lat' dir='ltr'><strong>su&#39;tuma</strong></span> <span class='ocrx_word' id='word_1_221' title='bbox 467 3189 682 3274; x_wconf 83' lang='lat' dir='ltr'><strong>perfectione,</strong></span> <span class='ocrx_word' id='word_1_222' title='bbox 705 3190 745 3253; x_wconf 92' lang='lat' dir='ltr'><strong>ad</strong></span> <span class='ocrx_word' id='word_1_223' title='bbox 766 3210 858 3273; x_wconf 91' lang='lat' dir='ltr'><strong>quam</strong></span> <span class='ocrx_word' id='word_1_224' title='bbox 881 3201 995 3252; x_wconf 89' lang='lat' dir='ltr'><strong>natura</strong></span> <span class='ocrx_word' id='word_1_225' title='bbox 1017 3190 1156 3254; x_wconf 89' lang='lat' dir='ltr'><strong>humana</strong></span> <span class='ocrx_word' id='word_1_226' title='bbox 1175 3208 1233 3272; x_wconf 87' lang='lat' dir='ltr'><strong>per</strong></span> <span class='ocrx_word' id='word_1_227' title='bbox 1249 3187 1401 3251; x_wconf 89' lang='lat' dir='ltr'><strong>unionem</strong></span> <span class='ocrx_word' id='word_1_228' title='bbox 1417 3189 1516 3273; x_wconf 84' lang='lat' dir='ltr'><strong>hypo·</strong></span> 
     </span>
     <span class='ocr_line' id='line_1_27' title="bbox 306 3293 1518 3381; baseline 0.001 -21"><span class='ocrx_word' id='word_1_229' title='bbox 306 3293 468 3361; x_wconf 58' lang='lat' dir='ltr'><strong>usticam</strong></span> <span class='ocrx_word' id='word_1_230' title='bbox 486 3320 558 3362; x_wconf 87' lang='lat' dir='ltr'><strong>curn</strong></span> <span class='ocrx_word' id='word_1_231' title='bbox 575 3310 687 3362; x_wconf 90' lang='lat' dir='ltr'><strong>natura</strong></span> <span class='ocrx_word' id='word_1_232' title='bbox 710 3296 815 3361; x_wconf 57' lang='lat' dir='ltr'><strong>diutina</strong></span> <span class='ocrx_word' id='word_1_233' title='bbox 838 3297 998 3371; x_wconf 87' lang='lat' dir='ltr'><strong>evehitur,</strong></span> <span class='ocrx_word' id='word_1_234' title='bbox 1021 3296 1209 3361; x_wconf 88' lang='lat' dir='ltr'><strong>necessario</strong></span> <span class='ocrx_word' id='word_1_235' title='bbox 1242 3296 1465 3381; x_wconf 88' lang='lat' dir='ltr'><strong>consequitur,</strong></span> <span class='ocrx_word' id='word_1_236' title='bbox 1486 3310 1518 3361; x_wconf 92' lang='lat' dir='ltr'><strong>et</strong></span> 
     </span>
    </p>
   </div>
   <div class='ocr_carea' id='block_1_5' title="bbox 305 3390 1515 3491">
    <p class='ocr_par' dir='ltr' id='par_1_7' title="bbox 305 3390 1515 3491">
     <span class='ocr_line' id='line_1_28' title="bbox 305 3390 1515 3491; baseline -0.001 -20"><span class='ocrx_word' id='word_1_237' title='bbox 305 3390 418 3470; x_wconf 64' lang='lat' dir='ltr'><strong>eliam</strong></span> <span class='ocrx_word' id='word_1_238' title='bbox 439 3408 478 3471; x_wconf 93' lang='lat' dir='ltr'><strong>ab</strong></span> <span class='ocrx_word' id='word_1_239' title='bbox 500 3409 659 3491; x_wconf 82' lang='lat' dir='ltr'><strong>Apostolo</strong></span> <span class='ocrx_word' id='word_1_240' title='bbox 683 3406 813 3471; x_wconf 88' lang='lat' dir='ltr'><strong>disertis</strong></span> <span class='ocrx_word' id='word_1_241' title='bbox 834 3406 944 3470; x_wconf 83' lang='lat' dir='ltr'><strong>verbis</strong></span> <span class='ocrx_word' id='word_1_242' title='bbox 970 3406 1120 3482; x_wconf 85' lang='lat' dir='ltr'><strong>traditur,</strong></span> <span class='ocrx_word' id='word_1_243' title='bbox 1138 3406 1190 3491; x_wconf 93' lang='lat' dir='ltr'><strong>qui</strong></span> <span class='ocrx_word' id='word_1_244' title='bbox 1208 3407 1304 3470; x_wconf 87' lang='lat' dir='ltr'><strong>docet</strong></span> <span class='ocrx_word' id='word_1_245' title='bbox 1327 3413 1362 3468; x_wconf 79' lang='lat' dir='ltr'><strong>in</strong></span> <span class='ocrx_word' id='word_1_246' title='bbox 1382 3407 1515 3470; x_wconf 80' lang='lat' dir='ltr'><strong>Christo</strong></span> 
     </span>
    </p>
   </div>
   <div class='ocr_carea' id='block_1_6' title="bbox 299 3577 545 3610">
    <p class='ocr_par' dir='ltr' id='par_1_8' title="bbox 299 3577 545 3610">
     <span class='ocr_line' id='line_1_29' title="bbox 299 3577 545 3610; baseline -0.004 -22"><span class='ocrx_word' id='word_1_247' title='bbox 299 3577 545 3610; x_wconf 37' lang='grc' dir='ltr'><strong>,κ’-</strong></span> 
     </span>
    </p>
   </div>
   <div class='ocr_carea' id='block_1_7' title="bbox 279 3714 1516 4613">
    <p class='ocr_par' dir='ltr' id='par_1_9' title="bbox 279 3714 1516 4613">
     <span class='ocr_line' id='line_1_30' title="bbox 429 3714 1516 3800; baseline -0.001 -22"><span class='ocrx_word' id='word_1_248' title='bbox 429 3721 455 3800; x_wconf 89' lang='lat'><strong>¹)</strong></span> <span class='ocrx_word' id='word_1_249' title='bbox 471 3719 572 3793; x_wconf 77' lang='lat' dir='ltr'><strong>Epist.</strong></span> <span class='ocrx_word' id='word_1_250' title='bbox 589 3720 639 3780; x_wconf 85' lang='lat'><strong>25.</strong></span> <span class='ocrx_word' id='word_1_251' title='bbox 656 3720 697 3776; x_wconf 85' lang='lat' dir='ltr'><strong>od</strong></span> <span class='ocrx_word' id='word_1_252' title='bbox 710 3717 829 3780; x_wconf 81' lang='lat' dir='ltr'><strong>Julian.</strong></span> <span class='ocrx_word' id='word_1_253' title='bbox 845 3720 904 3793; x_wconf 69' lang='lat' dir='ltr'><strong>Dp.</strong></span> <span class='ocrx_word' id='word_1_254' title='bbox 924 3719 1031 3779; x_wconf 77' lang='lat' dir='ltr'><strong>Ooths.</strong></span> <span class='ocrx_word' id='word_1_255' title='bbox 1050 3739 1074 3777; x_wconf 90' lang='lat' dir='ltr'><strong>c.</strong></span> <span class='ocrx_word' id='word_1_256' title='bbox 1091 3722 1121 3777; x_wconf 84' lang='lat'><strong>3.</strong></span> <span class='ocrx_word' id='word_1_257' title='bbox 1140 3717 1221 3797; x_wconf 92' lang='lat' dir='ltr'><strong>Opp.</strong></span> <span class='ocrx_word' id='word_1_258' title='bbox 1239 3739 1268 3796; x_wconf 92' lang='lat' dir='ltr'><strong>p.</strong></span> <span class='ocrx_word' id='word_1_259' title='bbox 1285 3714 1361 3779; x_wconf 87' lang='grc'>247.</span> <span class='ocrx_word' id='word_1_260' title='bbox 1380 3716 1516 3800; x_wconf 85' lang='lat' dir='ltr'><strong>Mansi,</strong></span> 
     </span>
     <span class='ocr_line' id='line_1_31' title="bbox 294 3787 1515 3888; baseline 0.022 -44"><span class='ocrx_word' id='word_1_261' title='bbox 294 3787 400 3874; x_wconf 74' lang='lat' dir='ltr'><strong>coln,</strong></span> <span class='ocrx_word' id='word_1_262' title='bbox 417 3810 508 3871; x_wconf 77' lang='lat' dir='ltr'><strong>Oomc.</strong></span> <span class='ocrx_word' id='word_1_263' title='bbox 524 3811 563 3873; x_wconf 98' lang='lat' dir='ltr'><strong>T.</strong></span> <span class='ocrx_word' id='word_1_264' title='bbox 579 3807 610 3872; x_wconf 86' lang='lat'><strong>5.</strong></span> <span class='ocrx_word' id='word_1_265' title='bbox 627 3829 652 3870; x_wconf 92' lang='lat' dir='ltr'><strong>c.</strong></span> <span class='ocrx_word' id='word_1_266' title='bbox 671 3805 767 3871; x_wconf 87' lang='lat'><strong>1422.</strong></span> <span class='ocrx_word' id='word_1_267' title='bbox 785 3843 830 3854; x_wconf 90' lang='lat'>—</span> <span class='ocrx_word' id='word_1_268' title='bbox 846 3809 872 3888; x_wconf 84' lang='lat'><strong>²)</strong></span> <span class='ocrx_word' id='word_1_269' title='bbox 889 3809 985 3870; x_wconf 71' lang='lat' dir='ltr'><strong>serm.</strong></span> <span class='ocrx_word' id='word_1_270' title='bbox 1005 3813 1052 3871; x_wconf 87' lang='grc'><strong>76.</strong></span> <span class='ocrx_word' id='word_1_271' title='bbox 1069 3813 1119 3868; x_wconf 85' lang='lat' dir='ltr'><strong>Dc</strong></span> <span class='ocrx_word' id='word_1_272' title='bbox 1129 3828 1218 3883; x_wconf 78' lang='lat' dir='ltr'><strong>pass.</strong></span> <span class='ocrx_word' id='word_1_273' title='bbox 1236 3812 1285 3869; x_wconf 92' lang='grc'><strong>17.</strong></span> <span class='ocrx_word' id='word_1_274' title='bbox 1304 3829 1327 3869; x_wconf 90' lang='lat' dir='ltr'><strong>o.</strong></span> <span class='ocrx_word' id='word_1_275' title='bbox 1346 3811 1374 3869; x_wconf 84' lang='lat'><strong>1.</strong></span> <span class='ocrx_word' id='word_1_276' title='bbox 1391 3829 1421 3887; x_wconf 92' lang='lat' dir='ltr'><strong>p.</strong></span> <span class='ocrx_word' id='word_1_277' title='bbox 1442 3805 1515 3871; x_wconf 90' lang='grc'><strong>143.</strong></span> 
     </span>
     <span class='ocr_line' id='line_1_32' title="bbox 290 3895 1514 3982; baseline -0.005 -20"><span class='ocrx_word' id='word_1_278' title='bbox 290 3909 337 3924; x_wconf 71' lang='grc'><strong>“</strong></span> <span class='ocrx_word' id='word_1_279' title='bbox 373 3901 525 3982; x_wconf 74' lang='lat' dir='ltr'><strong>⁸)Bail„</strong></span> <span class='ocrx_word' id='word_1_280' title='bbox 542 3900 626 3961; x_wconf 77' lang='lat' dir='ltr'><strong>Sum.</strong></span> <span class='ocrx_word' id='word_1_281' title='bbox 645 3901 736 3961; x_wconf 78' lang='lat' dir='ltr'><strong>Ocno.</strong></span> <span class='ocrx_word' id='word_1_282' title='bbox 771 3900 844 3959; x_wconf 87' lang='lat' dir='ltr'><strong>Par.</strong></span> <span class='ocrx_word' id='word_1_283' title='bbox 869 3895 965 3962; x_wconf 82' lang='lat'><strong>1659.</strong></span> <span class='ocrx_word' id='word_1_284' title='bbox 997 3901 1036 3962; x_wconf 84' lang='grc' dir='ltr'><strong>Τ.</strong></span> <span class='ocrx_word' id='word_1_285' title='bbox 1057 3899 1085 3961; x_wconf 92' lang='grc'><strong>1.</strong></span> <span class='ocrx_word' id='word_1_286' title='bbox 1108 3922 1139 3979; x_wconf 90' lang='lat' dir='ltr'><strong>p.</strong></span> <span class='ocrx_word' id='word_1_287' title='bbox 1157 3897 1211 3964; x_wconf 85' lang='lat'><strong>93.</strong></span> <span class='ocrx_word' id='word_1_288' title='bbox 1243 3897 1357 3958; x_wconf 85' lang='lat' dir='ltr'><strong>Similia</strong></span> <span class='ocrx_word' id='word_1_289' title='bbox 1386 3899 1514 3960; x_wconf 67' lang='lat' dir='ltr'><strong>habenta</strong></span> 
     </span>
     <span class='ocr_line' id='line_1_33' title="bbox 286 3967 1515 4070; baseline -0.002 -18"><span class='ocrx_word' id='word_1_290' title='bbox 286 3967 496 4054; x_wconf 63' lang='lat' dir='ltr'><strong>Athanas.</strong></span> <span class='ocrx_word' id='word_1_291' title='bbox 515 3993 601 4053; x_wconf 81' lang='lat' dir='ltr'><strong>Oonl.</strong></span> <span class='ocrx_word' id='word_1_292' title='bbox 618 3991 754 4065; x_wconf 79' lang='lat' dir='ltr'><strong>Apottin.</strong></span> <span class='ocrx_word' id='word_1_293' title='bbox 771 3993 790 4052; x_wconf 86' lang='lat' dir='ltr'><strong>l.</strong></span> <span class='ocrx_word' id='word_1_294' title='bbox 808 3995 836 4051; x_wconf 92' lang='lat'><strong>1.</strong></span> <span class='ocrx_word' id='word_1_295' title='bbox 853 4012 883 4052; x_wconf 86' lang='lat' dir='ltr'><strong>n.</strong></span> <span class='ocrx_word' id='word_1_296' title='bbox 899 3993 928 4052; x_wconf 79' lang='lat'><strong>4.</strong></span> <span class='ocrx_word' id='word_1_297' title='bbox 955 3989 1036 4070; x_wconf 87' lang='lat' dir='ltr'><strong>Opp.</strong></span> <span class='ocrx_word' id='word_1_298' title='bbox 1053 3992 1091 4051; x_wconf 89' lang='grc' dir='ltr'><strong>Τ.</strong></span> <span class='ocrx_word' id='word_1_299' title='bbox 1112 3989 1139 4051; x_wconf 92' lang='grc'><strong>1.</strong></span> <span class='ocrx_word' id='word_1_300' title='bbox 1156 3991 1192 4050; x_wconf 94' lang='grc' dir='ltr'><strong>Ρ.</strong></span> <span class='ocrx_word' id='word_1_301' title='bbox 1209 3987 1241 4053; x_wconf 92' lang='lat'><strong>2.</strong></span> <span class='ocrx_word' id='word_1_302' title='bbox 1258 4012 1287 4068; x_wconf 89' lang='lat' dir='ltr'><strong>p.</strong></span> <span class='ocrx_word' id='word_1_303' title='bbox 1306 3986 1382 4050; x_wconf 85' lang='lat'><strong>924.</strong></span> <span class='ocrx_word' id='word_1_304' title='bbox 1399 3992 1446 4048; x_wconf 82' lang='lat' dir='ltr'><strong>Dc</strong></span> <span class='ocrx_word' id='word_1_305' title='bbox 1461 3993 1515 4050; x_wconf 82' lang='lat' dir='ltr'><strong>Io·</strong></span> 
     </span>
     <span class='ocr_line' id='line_1_34' title="bbox 284 4075 1515 4161; baseline 0.002 -18"><span class='ocrx_word' id='word_1_306' title='bbox 284 4075 405 4145; x_wconf 62' lang='lat'><strong>007&#39;22.</strong></span> <span class='ocrx_word' id='word_1_307' title='bbox 420 4104 451 4145; x_wconf 73' lang='grc' dir='ltr'><strong>π.</strong></span> <span class='ocrx_word' id='word_1_308' title='bbox 469 4087 518 4144; x_wconf 86' lang='grc'><strong>18.</strong></span> <span class='ocrx_word' id='word_1_309' title='bbox 537 4080 616 4161; x_wconf 94' lang='lat' dir='ltr'><strong>Opp.</strong></span> <span class='ocrx_word' id='word_1_310' title='bbox 635 4079 673 4143; x_wconf 90' lang='grc' dir='ltr'><strong>Τ.</strong></span> <span class='ocrx_word' id='word_1_311' title='bbox 695 4080 723 4142; x_wconf 95' lang='lat' dir='ltr'><strong>l.</strong></span> <span class='ocrx_word' id='word_1_312' title='bbox 740 4081 775 4140; x_wconf 93' lang='lat' dir='ltr'><strong>P.</strong></span> <span class='ocrx_word' id='word_1_313' title='bbox 795 4078 822 4142; x_wconf 98' lang='grc'><strong>1.</strong></span> <span class='ocrx_word' id='word_1_314' title='bbox 840 4101 871 4161; x_wconf 92' lang='lat' dir='ltr'><strong>p.</strong></span> <span class='ocrx_word' id='word_1_315' title='bbox 888 4078 962 4142; x_wconf 88' lang='lat' dir='ltr'><strong>62s.</strong></span> <span class='ocrx_word' id='word_1_316' title='bbox 983 4083 1068 4143; x_wconf 79' lang='lat' dir='ltr'><strong>Cont.</strong></span> <span class='ocrx_word' id='word_1_317' title='bbox 1084 4080 1284 4155; x_wconf 64' lang='lat' dir='ltr'><strong>Apollinari.</strong></span> <span class='ocrx_word' id='word_1_318' title='bbox 1294 4083 1322 4140; x_wconf 86' lang='lat'><strong>2.</strong></span> <span class='ocrx_word' id='word_1_319' title='bbox 1334 4083 1421 4141; x_wconf 75' lang='lat' dir='ltr'><strong>mid.</strong></span> <span class='ocrx_word' id='word_1_320' title='bbox 1439 4082 1474 4141; x_wconf 93' lang='lat' dir='ltr'><strong>P.</strong></span> <span class='ocrx_word' id='word_1_321' title='bbox 1483 4078 1515 4146; x_wconf 87' lang='lat'><strong>2.</strong></span> 
     </span>
     <span class='ocr_line' id='line_1_35' title="bbox 280 4161 1514 4252; baseline 0.004 -24"><span class='ocrx_word' id='word_1_322' title='bbox 280 4167 310 4224; x_wconf 84' lang='lat' dir='ltr'><strong>P·</strong></span> <span class='ocrx_word' id='word_1_323' title='bbox 342 4161 445 4239; x_wconf 69' lang='lat'><strong>953.</strong></span> <span class='ocrx_word' id='word_1_324' title='bbox 476 4173 660 4252; x_wconf 84' lang='lat' dir='ltr'><strong>Epiphan.</strong></span> <span class='ocrx_word' id='word_1_325' title='bbox 679 4175 774 4236; x_wconf 74' lang='lat' dir='ltr'><strong>Haec.</strong></span> <span class='ocrx_word' id='word_1_326' title='bbox 792 4176 839 4233; x_wconf 91' lang='grc'><strong>77.</strong></span> <span class='ocrx_word' id='word_1_327' title='bbox 855 4193 886 4230; x_wconf 80' lang='lat' dir='ltr'><strong>a.</strong></span> <span class='ocrx_word' id='word_1_328' title='bbox 904 4174 953 4233; x_wconf 86' lang='lat'><strong>29.</strong></span> <span class='ocrx_word' id='word_1_329' title='bbox 971 4194 1000 4251; x_wconf 87' lang='lat' dir='ltr'><strong>p.</strong></span> <span class='ocrx_word' id='word_1_330' title='bbox 1020 4169 1117 4234; x_wconf 82' lang='grc'>1023.</span> <span class='ocrx_word' id='word_1_331' title='bbox 1137 4171 1268 4250; x_wconf 79' lang='lat' dir='ltr'><strong>Gyrill.</strong></span> <span class='ocrx_word' id='word_1_332' title='bbox 1285 4170 1393 4231; x_wconf 85' lang='lat' dir='ltr'><strong>Alex.</strong></span> <span class='ocrx_word' id='word_1_333' title='bbox 1410 4172 1514 4248; x_wconf 77' lang='lat' dir='ltr'><strong>Epist.</strong></span> 
     </span>
     <span class='ocr_line' id='line_1_36' title="bbox 279 4239 1514 4343; baseline -0.002 -16"><span class='ocrx_word' id='word_1_334' title='bbox 279 4239 308 4299; x_wconf 65' lang='lat'><strong>2·</strong></span> <span class='ocrx_word' id='word_1_335' title='bbox 338 4269 408 4326; x_wconf 70' lang='lat' dir='ltr'><strong>Qd</strong></span> <span class='ocrx_word' id='word_1_336' title='bbox 422 4267 543 4325; x_wconf 84' lang='lat' dir='ltr'><strong>Nestor.</strong></span> <span class='ocrx_word' id='word_1_337' title='bbox 561 4264 642 4343; x_wconf 88' lang='lat' dir='ltr'><strong>Opp.</strong></span> <span class='ocrx_word' id='word_1_338' title='bbox 659 4265 698 4323; x_wconf 91' lang='lat' dir='ltr'><strong>T.</strong></span> <span class='ocrx_word' id='word_1_339' title='bbox 714 4260 746 4323; x_wconf 81' lang='lat'><strong>5.</strong></span> <span class='ocrx_word' id='word_1_340' title='bbox 763 4264 799 4322; x_wconf 92' lang='grc' dir='ltr'><strong>Ρ.</strong></span> <span class='ocrx_word' id='word_1_341' title='bbox 809 4260 842 4326; x_wconf 90' lang='grc'><strong>2.</strong></span> <span class='ocrx_word' id='word_1_342' title='bbox 859 4283 884 4327; x_wconf 87' lang='lat' dir='ltr'><strong>s.</strong></span> <span class='ocrx_word' id='word_1_343' title='bbox 894 4259 925 4325; x_wconf 91' lang='grc'><strong>2.</strong></span> <span class='ocrx_word' id='word_1_344' title='bbox 940 4284 972 4342; x_wconf 93' lang='lat' dir='ltr'><strong>p.</strong></span> <span class='ocrx_word' id='word_1_345' title='bbox 984 4259 1037 4325; x_wconf 88' lang='lat'><strong>23.</strong></span> <span class='ocrx_word' id='word_1_346' title='bbox 1052 4264 1089 4322; x_wconf 90' lang='lat' dir='ltr'><strong>In</strong></span> <span class='ocrx_word' id='word_1_347' title='bbox 1103 4263 1220 4322; x_wconf 88' lang='lat' dir='ltr'><strong>Mansi</strong></span> <span class='ocrx_word' id='word_1_348' title='bbox 1238 4262 1312 4322; x_wconf 77' lang='lat' dir='ltr'><strong>Call.</strong></span> <span class='ocrx_word' id='word_1_349' title='bbox 1330 4261 1420 4322; x_wconf 82' lang='lat' dir='ltr'><strong>Ocno.</strong></span> <span class='ocrx_word' id='word_1_350' title='bbox 1435 4259 1473 4324; x_wconf 82' lang='lat' dir='ltr'><strong>T.</strong></span> <span class='ocrx_word' id='word_1_351' title='bbox 1482 4261 1514 4324; x_wconf 85' lang='lat'><strong>4.</strong></span> 
     </span>
     <span class='ocr_line' id='line_1_37' title="bbox 279 4329 1513 4433; baseline -0.006 -13"><span class='ocrx_word' id='word_1_352' title='bbox 279 4329 665 4419; x_wconf 56' lang='lat' dir='ltr'><strong>“³890uhootoret.</strong></span> <span class='ocrx_word' id='word_1_353' title='bbox 681 4353 802 4415; x_wconf 68' lang='lat' dir='ltr'><strong>Dicta.</strong></span> <span class='ocrx_word' id='word_1_354' title='bbox 812 4350 975 4433; x_wconf 86' lang='lat' dir='ltr'><strong>Opp.T.4.</strong></span> <span class='ocrx_word' id='word_1_355' title='bbox 985 4375 1015 4432; x_wconf 92' lang='lat' dir='ltr'><strong>p.</strong></span> <span class='ocrx_word' id='word_1_356' title='bbox 1034 4350 1086 4414; x_wconf 77' lang='lat'><strong>66.</strong></span> <span class='ocrx_word' id='word_1_357' title='bbox 1104 4353 1138 4412; x_wconf 83' lang='lat' dir='ltr'><strong>O.</strong></span> <span class='ocrx_word' id='word_1_358' title='bbox 1155 4352 1195 4414; x_wconf 89' lang='lat' dir='ltr'><strong>D.</strong></span> <span class='ocrx_word' id='word_1_359' title='bbox 1212 4349 1513 4432; x_wconf 76' lang='lat' dir='ltr'><strong>p.6l.Augustin.</strong></span> 
     </span>
     <span class='ocr_line' id='line_1_38' title="bbox 281 4420 1512 4525; baseline 0.002 -23"><span class='ocrx_word' id='word_1_360' title='bbox 281 4420 446 4507; x_wconf 55' lang='lat' dir='ltr'><strong>hoto.</strong></span> <span class='ocrx_word' id='word_1_361' title='bbox 464 4468 489 4507; x_wconf 63' lang='grc' dir='ltr'><strong>ο.</strong></span> <span class='ocrx_word' id='word_1_362' title='bbox 505 4449 556 4507; x_wconf 83' lang='lat' dir='ltr'><strong>ac.</strong></span> <span class='ocrx_word' id='word_1_363' title='bbox 574 4445 653 4525; x_wconf 81' lang='lat' dir='ltr'><strong>opp.</strong></span> <span class='ocrx_word' id='word_1_364' title='bbox 665 4446 703 4506; x_wconf 81' lang='grc' dir='ltr'><strong>Τ.</strong></span> <span class='ocrx_word' id='word_1_365' title='bbox 721 4441 751 4505; x_wconf 87' lang='grc'><strong>6.</strong></span> <span class='ocrx_word' id='word_1_366' title='bbox 768 4464 793 4507; x_wconf 76' lang='lat' dir='ltr'><strong>e.</strong></span> <span class='ocrx_word' id='word_1_367' title='bbox 810 4441 886 4506; x_wconf 80' lang='lat'><strong>210.</strong></span> <span class='ocrx_word' id='word_1_368' title='bbox 903 4447 951 4502; x_wconf 75' lang='lat' dir='ltr'><strong>ne</strong></span> <span class='ocrx_word' id='word_1_369' title='bbox 970 4443 1079 4504; x_wconf 64' lang='lat' dir='ltr'><strong>rann</strong></span> <span class='ocrx_word' id='word_1_370' title='bbox 1096 4445 1115 4504; x_wconf 82' lang='lat' dir='ltr'><strong>t.</strong></span> <span class='ocrx_word' id='word_1_371' title='bbox 1134 4446 1182 4504; x_wconf 83' lang='lat'><strong>13.</strong></span> <span class='ocrx_word' id='word_1_372' title='bbox 1201 4463 1224 4503; x_wconf 77' lang='lat' dir='ltr'><strong>c.</strong></span> <span class='ocrx_word' id='word_1_373' title='bbox 1242 4446 1291 4504; x_wconf 85' lang='lat'><strong>17.</strong></span> <span class='ocrx_word' id='word_1_374' title='bbox 1307 4464 1338 4506; x_wconf 70' lang='grc' dir='ltr'>η.</span> <span class='ocrx_word' id='word_1_375' title='bbox 1357 4447 1408 4503; x_wconf 81' lang='lat' dir='ltr'><strong>aa.</strong></span> <span class='ocrx_word' id='word_1_376' title='bbox 1426 4444 1464 4504; x_wconf 83' lang='lat' dir='ltr'><strong>u.</strong></span> <span class='ocrx_word' id='word_1_377' title='bbox 1483 4440 1512 4505; x_wconf 88' lang='lat'><strong>8.</strong></span> 
     </span>
     <span class='ocr_line' id='line_1_39' title="bbox 285 4520 1511 4613; baseline -0.004 -13"><span class='ocrx_word' id='word_1_378' title='bbox 285 4530 309 4572; x_wconf 75' lang='lat'><strong>⁰·</strong></span> <span class='ocrx_word' id='word_1_379' title='bbox 335 4520 438 4600; x_wconf 72' lang='grc'>943.</span> <span class='ocrx_word' id='word_1_380' title='bbox 458 4535 623 4596; x_wconf 79' lang='lat' dir='ltr'><strong>Cassian.</strong></span> <span class='ocrx_word' id='word_1_381' title='bbox 642 4539 689 4594; x_wconf 85' lang='lat' dir='ltr'><strong>De</strong></span> <span class='ocrx_word' id='word_1_382' title='bbox 705 4538 829 4596; x_wconf 79' lang='lat' dir='ltr'><strong>Incarn.</strong></span> <span class='ocrx_word' id='word_1_383' title='bbox 847 4537 1037 4596; x_wconf 59' lang='lat' dir='ltr'><strong>laod—7.</strong></span> <span class='ocrx_word' id='word_1_384' title='bbox 1057 4531 1136 4613; x_wconf 90' lang='lat' dir='ltr'><strong>Opp.</strong></span> <span class='ocrx_word' id='word_1_385' title='bbox 1155 4555 1185 4613; x_wconf 92' lang='lat' dir='ltr'><strong>p.</strong></span> <span class='ocrx_word' id='word_1_386' title='bbox 1203 4530 1271 4595; x_wconf 80' lang='grc'><strong>980</strong></span> <span class='ocrx_word' id='word_1_387' title='bbox 1281 4554 1322 4595; x_wconf 87' lang='lat' dir='ltr'><strong>ss.</strong></span> <span class='ocrx_word' id='word_1_388' title='bbox 1338 4523 1511 4612; x_wconf 79' lang='lat' dir='ltr'><strong>Fulgent.</strong></span> 
     </span>
    </p>
   </div>
   <div class='ocr_carea' id='block_1_8' title="bbox 291 4602 1511 4797">
    <p class='ocr_par' dir='ltr' id='par_1_10' title="bbox 291 4602 1511 4797">
     <span class='ocr_line' id='line_1_40' title="bbox 291 4602 1511 4706; baseline -0.002 -18"><span class='ocrx_word' id='word_1_389' title='bbox 291 4602 353 4672; x_wconf 54' lang='lat' dir='ltr'><strong>Ad</strong></span> <span class='ocrx_word' id='word_1_390' title='bbox 385 4627 516 4688; x_wconf 82' lang='lat' dir='ltr'><strong>Trcsim.</strong></span> <span class='ocrx_word' id='word_1_391' title='bbox 533 4629 553 4689; x_wconf 88' lang='lat' dir='ltr'><strong>l.</strong></span> <span class='ocrx_word' id='word_1_392' title='bbox 569 4631 598 4689; x_wconf 87' lang='lat'><strong>3.</strong></span> <span class='ocrx_word' id='word_1_393' title='bbox 616 4648 640 4689; x_wconf 89' lang='lat' dir='ltr'><strong>c.</strong></span> <span class='ocrx_word' id='word_1_394' title='bbox 658 4630 706 4687; x_wconf 85' lang='lat'><strong>16.</strong></span> <span class='ocrx_word' id='word_1_395' title='bbox 724 4624 804 4706; x_wconf 91' lang='lat' dir='ltr'><strong>Opp.</strong></span> <span class='ocrx_word' id='word_1_396' title='bbox 828 4647 858 4705; x_wconf 94' lang='lat' dir='ltr'><strong>p.</strong></span> <span class='ocrx_word' id='word_1_397' title='bbox 878 4622 952 4688; x_wconf 88' lang='lat'><strong>123.</strong></span> <span class='ocrx_word' id='word_1_398' title='bbox 974 4624 998 4685; x_wconf 88' lang='lat' dir='ltr'><strong>J</strong></span> <span class='ocrx_word' id='word_1_399' title='bbox 1004 4645 1081 4686; x_wconf 90' lang='lat' dir='ltr'><strong>oan.</strong></span> <span class='ocrx_word' id='word_1_400' title='bbox 1104 4624 1274 4686; x_wconf 85' lang='lat' dir='ltr'><strong>Damaso.</strong></span> <span class='ocrx_word' id='word_1_401' title='bbox 1297 4628 1346 4685; x_wconf 85' lang='lat' dir='ltr'><strong>De</strong></span> <span class='ocrx_word' id='word_1_402' title='bbox 1355 4625 1413 4701; x_wconf 82' lang='lat' dir='ltr'><strong>fid.</strong></span> <span class='ocrx_word' id='word_1_403' title='bbox 1432 4627 1511 4686; x_wconf 78' lang='lat' dir='ltr'><strong>arth.</strong></span> 
     </span>
     <span class='ocr_line' id='line_1_41' title="bbox 300 4696 1510 4797; baseline -0.002 -18"><span class='ocrx_word' id='word_1_404' title='bbox 300 4696 319 4758; x_wconf 71' lang='lat' dir='ltr'><strong>b</strong></span> <span class='ocrx_word' id='word_1_405' title='bbox 340 4712 386 4780; x_wconf 76' lang='lat'><strong>3.</strong></span> <span class='ocrx_word' id='word_1_406' title='bbox 403 4740 428 4781; x_wconf 90' lang='lat' dir='ltr'><strong>o.</strong></span> <span class='ocrx_word' id='word_1_407' title='bbox 445 4722 494 4782; x_wconf 83' lang='lat'><strong>27.</strong></span> <span class='ocrx_word' id='word_1_408' title='bbox 513 4719 552 4782; x_wconf 88' lang='grc' dir='ltr'><strong>Τ.</strong></span> <span class='ocrx_word' id='word_1_409' title='bbox 571 4720 599 4778; x_wconf 96' lang='lat' dir='ltr'><strong>l.</strong></span> <span class='ocrx_word' id='word_1_410' title='bbox 617 4741 646 4797; x_wconf 94' lang='lat' dir='ltr'><strong>p.</strong></span> <span class='ocrx_word' id='word_1_411' title='bbox 664 4713 739 4778; x_wconf 84' lang='lat'><strong>251.</strong></span> <span class='ocrx_word' id='word_1_412' title='bbox 757 4718 795 4778; x_wconf 83' lang='lat' dir='ltr'><strong>A.</strong></span> <span class='ocrx_word' id='word_1_413' title='bbox 812 4716 854 4774; x_wconf 81' lang='lat' dir='ltr'><strong>Et</strong></span> <span class='ocrx_word' id='word_1_414' title='bbox 871 4718 908 4776; x_wconf 88' lang='lat' dir='ltr'><strong>al.</strong></span> <span class='ocrx_word' id='word_1_415' title='bbox 927 4715 973 4777; x_wconf 80' lang='lat' dir='ltr'><strong>ef.</strong></span> <span class='ocrx_word' id='word_1_416' title='bbox 990 4718 1114 4777; x_wconf 87' lang='lat' dir='ltr'><strong>Petav.</strong></span> <span class='ocrx_word' id='word_1_417' title='bbox 1131 4718 1178 4775; x_wconf 88' lang='lat' dir='ltr'><strong>De</strong></span> <span class='ocrx_word' id='word_1_418' title='bbox 1194 4719 1319 4781; x_wconf 80' lang='lat' dir='ltr'><strong>Incorn.</strong></span> <span class='ocrx_word' id='word_1_419' title='bbox 1336 4718 1354 4777; x_wconf 86' lang='lat' dir='ltr'><strong>l.</strong></span> <span class='ocrx_word' id='word_1_420' title='bbox 1370 4720 1400 4779; x_wconf 82' lang='lat'><strong>4.</strong></span> <span class='ocrx_word' id='word_1_421' title='bbox 1419 4735 1443 4774; x_wconf 89' lang='lat' dir='ltr'><strong>o.</strong></span> <span class='ocrx_word' id='word_1_422' title='bbox 1461 4719 1510 4777; x_wconf 85' lang='lat'><strong>11.</strong></span> 
     </span>
    </p>
   </div>
   <div class='ocr_carea' id='block_1_9' title="bbox 310 4790 1165 4888">
    <p class='ocr_par' dir='ltr' id='par_1_11' title="bbox 310 4790 1165 4888">
     <span class='ocr_line' id='line_1_42' title="bbox 310 4790 1165 4888; baseline -0.001 -17"><span class='ocrx_word' id='word_1_423' title='bbox 310 4790 366 4861; x_wconf 61' lang='lat' dir='ltr'><strong>De</strong></span> <span class='ocrx_word' id='word_1_424' title='bbox 384 4811 471 4872; x_wconf 81' lang='lat' dir='ltr'><strong>theol.</strong></span> <span class='ocrx_word' id='word_1_425' title='bbox 489 4812 585 4888; x_wconf 70' lang='lat' dir='ltr'><strong>dopo.</strong></span> <span class='ocrx_word' id='word_1_426' title='bbox 617 4810 711 4870; x_wconf 86' lang='lat' dir='ltr'><strong>Antv.</strong></span> <span class='ocrx_word' id='word_1_427' title='bbox 740 4803 837 4871; x_wconf 83' lang='grc'>1700.</span> <span class='ocrx_word' id='word_1_428' title='bbox 871 4809 909 4867; x_wconf 93' lang='lat' dir='ltr'><strong>T.</strong></span> <span class='ocrx_word' id='word_1_429' title='bbox 932 4803 962 4870; x_wconf 87' lang='lat'><strong>5.</strong></span> <span class='ocrx_word' id='word_1_430' title='bbox 994 4827 1025 4886; x_wconf 93' lang='lat' dir='ltr'><strong>p.</strong></span> <span class='ocrx_word' id='word_1_431' title='bbox 1046 4804 1108 4869; x_wconf 86' lang='lat'><strong>192</strong></span> <span class='ocrx_word' id='word_1_432' title='bbox 1125 4827 1165 4870; x_wconf 88' lang='lat' dir='ltr'><strong>ss.</strong></span> 
     </span>
    </p>
   </div>
   <div class='ocr_carea' id='block_1_10' title="bbox 0 0 1892 5625">
    <p class='ocr_par' dir='ltr' id='par_1_12' title="bbox 0 0 1892 5625">
     <span class='ocr_line' id='line_1_43' title="bbox 0 0 1892 5625; baseline 0 5"><span class='ocrx_word' id='word_1_433' title='bbox 0 0 1892 5625; x_wconf 95' lang='lat' dir='ltr'><strong> </strong></span> 
     </span>
    </p>
   </div>
  </div>
 </body>
</html>
