3775 5625
1468 414 1534 481 357

346 582 486 651 cutm),
505 588 625 638 tantum
642 588 815 655 propterca,
833 581 973 657 quoniam
990 600 1116 649 omnes,
1141 602 1197 659 pro
1214 581 1324 661 quibos
1340 584 1412 643 ulibl
1428 586 1533 644 verbis

347 688 569 749 disertissimis
595 688 738 747 Christus
762 699 900 749 mortuus
922 690 1045 760 dicitur,
1069 710 1195 750 numero
1218 694 1305 751 multi
1321 692 1441 768 sunt¹).
1474 694 1534 754 Vel

346 817 424 859 vcro
445 799 476 858 in
502 799 588 859 hisce
611 800 709 870 locis,
742 809 775 858 ut
795 809 882 860 certo
903 799 933 858 in
958 800 1025 859 allis
1043 801 1220 878 quibusdam
1233 804 1271 877 ³),
1289 804 1325 862 de
1343 802 1532 863 redemtione

346 927 407 968 non
433 909 532 986 quoad
549 909 709 967 consilium
726 927 782 967 seu
800 911 941 969 allectum
966 900 1056 994 (nosci
1077 900 1223 985 βουλὴν),
1246 913 1300 971 sed
1322 913 1419 990 quoad
1443 932 1533 972 even·

345 1008 526 1090 tum.(uoroi
541 1012 694 1092 ἐνέργημα)
726 1036 829 1078 sermo
856 1028 920 1087 est,
943 1038 1002 1096 quo
1027 1038 1120 1078 sensu
1145 1038 1219 1079 sanc
1244 1021 1388 1081 Christus
1410 1032 1535 1081 nonest

344 1145 405 1204 pro
422 1124 561 1185 omuibus
588 1134 744 1195 mortuus,
771 1145 861 1203 quum
877 1129 982 1205 plures
1000 1130 1077 1197 sint,
1096 1129 1204 1205 quibus
1221 1128 1363 1189 meritum
1380 1132 1534 1207 passionis

345 1236 415 1310 ejus
440 1252 497 1293 non
515 1235 773 1306 communicetur,
801 1237 870 1312 quis
891 1238 928 1294 ab
946 1256 982 1295 eo
999 1236 1175 1313 recipiendo
1192 1256 1249 1297 sua
1265 1239 1368 1315 culpa,
1391 1249 1444 1299 aut
1459 1259 1534 1298 vero

343 1364 402 1421 per
420 1362 525 1404 casum
543 1344 672 1421 aliquem
690 1346 853 1404 adversum
870 1354 941 1405 sunt
957 1346 1101 1422 impediti.

453 1451 484 1517 2.
501 1453 618 1512 Deinde
636 1462 770 1513 testatur
786 1455 905 1532 quidem
923 1457 1098 1531 Scriptura,
1118 1456 1275 1516 Christum
1294 1477 1364 1516 csse
1382 1469 1533 1518 mortuum

341 1582 402 1641 pro
420 1563 545 1632 electis,
567 1564 696 1622 animam
713 1582 800 1623 roam
816 1583 931 1641 ponere
947 1585 1003 1642 pro
1021 1562 1128 1624 ovibus
1146 1560 1264 1649 suis‘),
1287 1568 1405 1626 salvom
1428 1569 1534 1629 iacere

340 1674 489 1751 populum
522 1671 661 1749 suum⁶)‚
684 1684 716 1732 et
746 1693 780 1731 sc
812 1674 911 1749 ipsum
934 1674 1099 1734 tradidisse
1116 1694 1171 1751 pro
1189 1676 1379 1754 Ecclesiu⁶lz
1412 1696 1533 1737 verum·

340 1793 449 1842 tumen
475 1782 560 1840 bisce
585 1781 705 1840 minime
723 1791 872 1859 negatur,
896 1783 973 1858 quod
992 1784 1060 1842 aliis
1077 1783 1155 1843 locis
1176 1794 1237 1843 tam
1255 1786 1341 1845 clare
1358 1804 1394 1845 ac
1411 1787 1534 1845 definite

338 1900 561 1959 asseveratur,
585 1890 742 1949 Christum
766 1892 888 1951 scilicet
910 1911 981 1949 osse
1005 1893 1201 1952 Salvatorem
1229 1914 1264 1953 ac
1288 1895 1532 1971 propitiationem

338 2000 559 2079 propeccatis
577 2000 672 2060 totius
690 2000 800 2061 tutundi.
839 2001 987 2075 Accedit,
1011 2002 1168 2062 Christum
1186 2005 1283 2073 velle,
1299 2013 1333 2063 ut
1349 2021 1454 2065 omnes
1471 2005 1534 2063 sint

340 2128 420 2169 oves
438 2128 523 2180 suae,
542 2112 670 2187 populus
687 2128 772 2179 suus,
789 2119 821 2168 et
836 2110 973 2169 membra
989 2111 1150 2171 Ecclesiae
1167 2131 1259 2182 suus;
1274 2115 1373 2193 velle,
1389 2124 1422 2173 ut
1437 2116 1532 2173 omui·

338 2222 402 2279 bus
419 2219 616 2295 praedicetur
633 2219 850 2297 Evangelium
877 2228 911 2277 ut
927 2237 1033 2277 omnes
1051 2222 1179 2279 credant
1195 2231 1227 2280 ot
1241 2222 1448 2298 baptizentur,
1466 2242 1532 2306 ser-

338 2339 418 2389 vent
435 2328 578 2389 mandatu
595 2329 653 2387 sibi
671 2328 839 2404 proposita,
857 2328 1049 2406 habeantque
1066 2329 1159 2389 vitum
1177 2339 1343 2391 aeternam.

451 2435 481 2499 3.
499 2441 577 2497 'l'um
601 2439 635 2497 S.
656 2438 901 2517 ‚Augustinus
935 2438 1056 2498 videtur
1089 2440 1207 2516 quidem
1231 2441 1384 2499 nonnullis
1406 2442 1532 2502 inlocis

339 2558 476 2609 mortem
494 2548 612 2607 Christi
630 2548 665 2605 ad
684 2549 767 2606 solos
783 2548 1030 2623 praedestinatos
1046 2548 1185 2617 rcicrre,
1208 2568 1267 2609 non
1290 2552 1325 2609 ad
1343 2569 1448 2610 omncs
1464 2551 1531 2611 sine

339 2657 543 2718 distinctione
565 2656 703 2715 homines
718 2655 765 2729 ’iz
804 2676 911 2717 verum
937 2658 967 2716 in
989 2658 1066 2717 locis
1083 2658 1169 2719 hisce
1186 2661 1320 2737 loquitur
1336 2662 1531 2741 Augustinus

337 2769 503 2829 dumtaxat
525 2767 561 2826 de
588 2766 709 2826 efficaci
730 2776 828 2826 morte
851 2766 969 2827 Christi
993 2768 1144 2828 adversus
1161 2769 1375 2850 origenistas,
1401 2770 1451 2847 qui
1467 2771 1532 2830 iru-

338 2889 442 2941 ctum.
461 2876 569 2935 mortis
587 2876 704 2935 Christi
737 2879 774 2936 ad
805 2878 890 2954 ipsos
916 2878 1007 2937 stium
1026 2879 1184 2937 damnatos
1202 2880 1422 2948 extendebant,
1456 2899 1532 2956 qnos

338 2989 533 3050 Sannorum
551 2985 694 3061 precihus
712 2995 743 3044 et
758 2987 1036 3046 intercessionibus
1060 3006 1076 3044 a
1099 2988 1205 3064 poenis
1231 2988 1296 3046 suis
1312 2988 1475 3048 liberatum
1491 2990 1532 3047 iri

335 3097 570 3158 fabulabantur.
611 3095 776 3173 sicigitur
794 3097 828 3154 S.
846 3098 975 3165 Ductor,
994 3096 1151 3155 Christum
1168 3099 1267 3155 solum
1288 3116 1344 3173 pro
1360 3098 1531 3174 praedesti·

334 3207 426 3269 ustis
436 3215 589 3265 mortuum
601 3224 683 3273 esse,
700 3205 777 3280 quod
795 3205 904 3263 attinet
920 3205 957 3263 ad
975 3205 1135 3264 efficacem
1152 3205 1333 3265 meritorum
1345 3206 1463 3265 Christi
1480 3226 1531 3283 ap-

332 3316 551 3397 plicationem,
583 3324 614 3372 et
645 3324 761 3373 certam
783 3315 865 3373 vitae
889 3324 1035 3374 aeternae
1063 3316 1330 3385 consecutionem,
1353 3334 1412 3375 non
1430 3325 1530 3377 autem

333 3426 423 3506 quod
441 3424 549 3484 attinet
566 3426 602 3483 ad
619 3425 781 3484 consilium
798 3443 854 3483 seu
871 3425 1003 3484 animum
1020 3425 1112 3483 vitam
1130 3442 1217 3483 suam
1235 3424 1333 3484 dandi.
1350 3423 1417 3500 Quo
1435 3443 1529 3484 sensu

333 3537 437 3598 etism
462 3533 514 3591 alii
534 3535 647 3592 Patres
674 3543 782 3592 contra
799 3533 997 3612 origenistas
1015 3534 1188 3593 scribentes
1205 3544 1340 3614 negant,
1373 3535 1531 3595 Christum

333 3663 416 3708 esse
433 3651 597 3712 mortuum,
614 3661 670 3718 pro
687 3643 839 3718 reprobis.
861 3641 958 3718 Quum
978 3630 1079 3702 autem
1095 3643 1151 3702 ait:
1190 3643 1270 3704 Non
1281 3648 1370 3722 perit
1388 3663 1475 3705 unus
1487 3663 1533 3705 ea·

331 3757 425 3831 udis,
441 3773 503 3833 pro
520 3753 639 3832 quibas
655 3758 806 3812 mortuus
821 3749 931 3825 est⁸):
949 3753 1069 3812 nonnisi
1086 3754 1190 3814 dicere
1206 3756 1285 3823 vult,
1302 3754 1464 3823 nominem,
1482 3758 1532 3814 cui

332 3883 458 3927 revera
474 3863 584 3922 merita
602 3862 721 3921 Christi
738 3862 1017 3932 communicantur,
1039 3858 1142 3940 peiire
1164 3883 1201 3922 ex
1217 3863 1396 3940 impotentis
1412 3882 1448 3923 ac
1464 3865 1531 3922 sine

334 3993 401 4037 sus
418 3967 517 4049 culpa.
544 3971 693 4049 Loquitur
712 3971 790 4029 enim
808 3972 857 4032 hic
875 3972 909 4030 S.
925 3975 1021 4032 Pater
1039 3973 1074 4032 dc
1091 3973 1213 4042 adultis,
1231 3982 1262 4031 et
1278 3972 1368 4040 dicit,
1386 3991 1530 4032 necessa·

332 4086 423 4146 dum
440 4100 498 4140 non
515 4101 586 4140 csse
603 4080 798 4140 vivacitatem
819 4081 1025 4160 intelligendi,
1052 4101 1141 4160 quom
1166 4083 1299 4160 alioquin
1322 4082 1478 4158 simplices
1500 4091 1532 4140 et

333 4191 461 4256 indocti
477 4192 594 4250 salvari
611 4210 669 4250 non
686 4200 823 4268 possent.

457 4408 480 4487 ¹)
496 4408 592 4474 Hebr.
609 4406 639 4490 9,
656 4406 710 4472 28.
735 4445 776 4454 -
794 4403 877 4494 2)(11.
894 4407 1102 4489 Angustia.
1122 4409 1179 4485 Op.
1195 4407 1316 4487 imperf.
1334 4410 1353 4470 l.
1371 4412 1399 4470 2.
1417 4429 1441 4472 c.
1459 4412 1530 4471 1⁷5.

342 4503 428 4583 Opp.
445 4502 483 4560 Τ.
504 4498 554 4562 10.
572 4523 597 4560 c.
618 4498 713 4563 1023.
731 4536 772 4546 -
794 4499 821 4574 ³)
839 4503 927 4562 Rom.
946 4496 997 4569 14,
1016 4495 1067 4564 15.
1087 4497 1115 4561 1.
1132 4499 1203 4561 Cor.
1222 4495 1252 4572 8,
1272 4497 1324 4561 11.
1340 4498 1436 4580 Apoc.
1453 4495 1485 4573 5,
1497 4497 1529 4562 9.

343 4630 387 4640 -
407 4594 434 4670 ⁴)
452 4591 544 4652 Joan.
562 4589 593 4662 3,
614 4589 664 4658 15.
682 4591 727 4656 cf.
745 4588 776 4662 3,
795 4588 936 4656 14-15.
955 4588 1006 4672 ll,
1023 4587 1075 4652 52.
1096 4587 1148 4661 lt,
1166 4587 1195 4652 9.
1213 4626 1253 4636 -
1273 4589 1413 4669 ⁵)hletth.
1434 4587 1528 4662 1,21.

346 4682 376 4762 ⁸)
391 4681 502 4764 Ephes.
518 4678 550 4755 5,
567 4679 619 4744 25.
637 4717 681 4729 -
699 4686 725 4760 ⁷)
742 4683 842 4759 Epist.
859 4685 928 4744 169.
945 4684 1039 4760 (102)
1057 4685 1098 4741 ad
1112 4684 1210 4742 Eeod.
1228 4702 1257 4742 n.
1273 4685 1302 4744 4.
1320 4681 1359 4740 T.
1377 4678 1407 4742 2.
1420 4702 1445 4744 c.
1454 4678 1528 4744 604.

340 4774 393 4833 De
409 4773 465 4835 civ.
482 4773 553 4847 Dei,
571 4776 589 4834 l.
607 4777 655 4834 21.
673 4794 697 4838 c.
714 4777 763 4834 24.
781 4795 810 4835 n.
828 4776 856 4833 6.
890 4769 930 4834 Τ.
949 4768 978 4834 7.
996 4792 1020 4831 c.
1040 4767 1114 4835 645.
1141 4775 1192 4835 Tr.
1208 4775 1255 4832 52.
1274 4772 1309 4833 in
1323 4773 1415 4835 Joon.
1432 4794 1461 4833 n.
1479 4776 1528 4835 11.

344 4862 433 4930 13.
449 4865 486 4925 P.
503 4862 535 4928 2.
553 4884 578 4929 o.
596 4862 671 4930 642.
689 4901 730 4911 -
750 4862 776 4943 ⁸)
793 4864 894 4942 Epist.
911 4867 953 4925 od
967 4865 1063 4929 evoe.
1080 4864 1100 4930 l,
1118 4884 1142 4929 e.
