3775 5625
1410 408 1472 476 lut

332 570 367 635 S.
381 571 584 650 Scripturae,
602 576 641 632 od
658 576 805 634 omnibus
818 573 997 635 Catholicis
1008 578 1248 652 approbandant
1261 574 1352 654 fore,
1368 586 1473 638 tenen·

329 702 373 763 or,
388 692 420 743 et
434 687 702 761 amplectendum,
728 677 839 743 delinit
850 682 882 759 ¹).
911 684 1014 765 Atque
1031 680 1105 745 licet
1121 682 1202 745 lruec
1218 680 1339 747 decisio
1356 682 1473 748 outori·

331 812 378 856 em
394 787 529 855 concilii
545 787 744 854 oecumenici
761 810 824 852 non
842 789 970 859 lrabeat:
994 792 1120 875 pondus
1137 803 1241 857 umen
1258 803 1309 856 sut
1324 813 1475 880 magnum

347 898 492 987 denegari
508 899 590 962 haud
607 909 729 982 potest,
753 898 868 983 purtim
885 898 958 984 quia
975 899 1119 965 Concilio
1136 899 1210 964 lruic
1225 899 1402 967 intererant
1421 904 1473 966 ad·

328 1031 350 1075 c
365 1006 423 1074 viri
444 1029 508 1070 non
530 1006 623 1092 pauci
645 1006 823 1071 eruditione
847 1007 1030 1093 conspicui,
1054 1008 1169 1094 partim
1192 1008 1265 1095 quia
1286 1009 1315 1076 is
1339 1010 1476 1076 Concilii

328 1118 432 1183 iculus
459 1115 565 1181 statim
596 1114 804 1181 confirmatus
838 1130 889 1181 est
919 1138 938 1181 a
969 1119 1101 1203 Synodo
1132 1118 1408 1184 Avenionensi
1447 1141 1475 1186 a.

328 1226 381 1293 5l.
414 1224 637 1292 Concilium
667 1237 772 1289 autem
799 1201 1297 1309 Tridentinum'declorw),
1326 1251 1477 1293 noneste

328 1359 363 1401 ee
376 1338 582 1412 intentionis,
614 1340 881 1415 comprehendere
903 1343 938 1400 in
960 1341 1022 1403 lroc
1042 1345 1188 1420 decreto,
1212 1344 1268 1402 uti
1293 1347 1331 1402 ete
1344 1352 1475 1420 peccato

328 1450 437 1527 ntimo·
452 1453 580 1528 coitur,
599 1452 723 1510 beatam
738 1459 770 1510 et
785 1452 1023 1511 inmaculatam
1044 1451 1207 1528 Virqinem
1228 1450 1388 1523 Mariam,
1414 1451 1477 1512 Dei

328 1562 505 1636 &triow
533 1563 591 1618 sed
612 1561 828 1620 observandos
851 1578 923 1620 eree
948 1561 1194 1621 constitutiones
1214 1559 1274 1633 fel.
1305 1579 1369 1621 rec.
1387 1562 1477 1623 Xirti

355 1669 423 1741 W,
444 1664 476 1729 in
506 1685 638 1750 quarum
661 1664 762 1748 priori
791 1664 924 1752 iegitur:
949 1668 1093 1746 Dignum
1122 1671 1216 1746 (puin
1237 1672 1364 1745 potius]
1386 1673 1477 1730 debi-

327 1796 354 1840 tr
368 1788 567 1856 reputemus,
592 1781 763 1840 universos
782 1776 908 1839 Christi
921 1780 1047 1852 fideles,
1065 1788 1101 1839 ut
1117 1781 1326 1857 omnipotenti
1345 1780 1416 1841 Deo
1433 1815 1477 1825 ·-

336 1891 469 1966 ipsius
486 1891 766 1949 immaculatae
786 1888 973 1965 Virqinir
995 1891 1095 1948 neira
1111 1891 1377 1965 conceptione
1394 1909 1477 1966 qro-

327 2016 350 2058 ε
370 2007 402 2059 et
421 2003 532 2059 tondes
555 1999 722 2077 referant,
754 2007 786 2058 et
807 2000 955 2059 instituto
975 2007 1150 2074 propterea
1173 2000 1209 2058 in
1224 1998 1288 2058 Dei
1310 1997 1478 2072 Ilcotesia,

327 2109 422 2180 issue,
439 2111 553 2170 etalio
567 2110 678 2167 diuina
695 2108 808 2181 officio
822 2111 940 2176 dicant,
958 2117 990 2168 et
1005 2110 1072 2167 iilis
1087 2110 1252 2187 intersint,
1271 2111 1284 2167 i
1290 2113 1341 2168 nd
1347 2113 1477 2186 otqen·

327 2220 360 2277 Te
384 2227 423 2279 et
445 2226 704 2293 peccatorum
730 2220 1042 2278 remissionibus
1073 2220 1272 2289 inuitare,
1298 2226 1336 2278 ut
1360 2220 1480 2278 exinde

327 2335 365 2388 nt
383 2327 528 2402 Virqinr's
551 2329 695 2396 meritis,
722 2335 755 2386 et
775 2328 1008 2386 intercessione
1027 2328 1158 2385 diuinae
1174 2328 1302 2401 oratioe
1322 2329 1477 2403 aptiores.

327 2451 388 2518 que
406 2431 586 2497 immediate
602 2432 772 2516 posthaec
788 2430 843 2505 iis,
869 2430 922 2517 qui
943 2431 1061 2496 festum
1080 2433 1372 2509 Conceptionis
1389 2441 1479 2513 pto·

326 2562 424 2606 osne
444 2545 474 2604 V
477 2546 631 2619 irpinis
647 2541 762 2605 devote
780 2540 1003 2614 celebrabunt,
1027 2552 1059 2604 et
1074 2561 1133 2625 per
1148 2542 1219 2625 ejus
1242 2552 1386 2605 octuvem
1409 2539 1479 2605 offi-

326 2651 545 2724 iintererunt,
571 2650 650 2714 tales
679 2648 859 2713 tribuuntur
881 2648 1111 2737 indulgentiae,
1135 2658 1247 2729 peotes
1271 2671 1479 2731 consequun-

326 2779 341 2795 ·
361 2761 483 2825 Olrrioti
496 2764 606 2839 fideles
621 2765 656 2823 in
675 2760 834 2836 Corporis
854 2760 980 2824 Oloristi
997 2765 1190 2824 solennitate
1199 2759 1235 2840 ³).
1260 2758 1409 2839 Quamvis
1439 2781 1481 2825 ex

326 2889 388 2934 ero
402 2883 492 2955 perte
509 2870 688 2944 fatendum,
710 2871 854 2934 Patres
872 2868 1151 2944 Tridentinus,
1174 2869 1249 2934 licet
1264 2871 1360 2958 longe
1376 2871 1480 2955 major

326 2996 362 3044 rs
382 2981 556 3044 eorundem
576 2981 611 3044 B.
634 2977 843 3066 Virginem
859 2977 929 3043 sine
946 2980 1069 3042 mocula
1086 2991 1275 3063 conceptam
1299 2991 1439 3054 teneret,
1461 3000 1480 3043 a

326 3087 466 3173 gmatica
494 3087 678 3152 delinitione
701 3087 849 3152 consulto
873 3085 1034 3151 abstinere
1057 3086 1220 3162 voluisse,
1254 3100 1288 3152 ut
1308 3086 1477 3152 Pullari-

326 3211 397 3263 nus
419 3219 576 3283 expresse
599 3197 750 3276 resert⁴)‚
780 3209 873 3282 atque
900 3196 969 3280 jam
991 3217 1034 3261 ex
1068 3217 1107 3261 eo
1131 3195 1309 3284 colligitur,
1340 3198 1424 3282 quod
1447 3196 1479 3259 in

325 3324 384 3372 era
405 3305 633 3372 constitutione
649 3326 668 3371 a
684 3304 828 3370 Concilio
850 3305 1001 3370 innovata
1022 3307 1081 3370 sub
1102 3325 1206 3390 poeno
1222 3304 1478 3370 excommunica·

326 3416 380 3482 nis
401 3416 575 3490 inhibetur,
599 3436 639 3479 ne
662 3415 732 3500 quis
754 3435 904 3480 asserere
927 3414 1026 3489 ausit,
1052 3421 1120 3478 rioe
1136 3435 1204 3497 eos,
1224 3421 1280 3493 oui
1304 3427 1413 3479 tenent
1435 3451 1478 3462 —

325 3533 461 3590 >riorum
476 3540 510 3591 et
525 3532 760 3588 immacutatum
776 3528 839 3587 Ilei
864 3530 1054 3604 qenitrieem
1071 3531 1194 3604 otique
1208 3530 1382 3605 originalis
1399 3546 1479 3604 pec-

325 3641 350 3699 ti
378 3643 506 3700 maculo
525 3639 635 3711 fuisse
663 3646 864 3713 conceptam,
896 3671 937 3680 —
968 3639 1034 3696 sioe
1065 3639 1265 3697 contrariom
1296 3638 1481 3713 opinionem

325 3758 439 3827 tentes,
465 3747 610 3808 haeresis
626 3750 764 3819 crimen,
789 3752 840 3806 oet
850 3756 1018 3824 peceatum
1036 3749 1206 3807 incurrere
1221 3748 1404 3822 mortole⁵).

390 3854 422 3918 4.
440 3853 638 3919 Sententiam
654 3855 692 3918 de
709 3854 909 3919 immaculata
925 3852 1137 3938 conceptione
1152 3874 1250 3937 porro
1281 3853 1367 3917 omni
1383 3854 1479 3917 modo

325 3979 360 4028 te
377 3961 528 4046 opposito
549 3963 712 4027 Romani
728 3962 949 4028 Pontifices
967 3961 1036 4026 tuiti
1053 3974 1137 4026 sunt.
1162 3960 1304 4025 sixtus
1321 3962 1374 4024 lV.
1395 3960 1480 4025 enim

325 4086 507 4159 neterquam
530 4074 631 4159 quod,
653 4096 749 4159 quum
770 4086 949 4158 spontaneo
967 4073 1052 4137 cultu
1070 4073 1138 4156 jam
1159 4082 1261 4136 atota
1276 4069 1343 4134 lere
1366 4070 1478 4135 Eccle-

354 4182 599 4267 coneeptionem
621 4182 854 4248 immaculatam
871 4182 933 4246 coli
949 4182 1087 4256 videret,
1111 4178 1325 4268 indulgentius
1348 4178 1405 4254 iis,
1427 4179 1480 4265 qui

324 4308 414 4357 esum
430 4291 615 4356 etOfficium
630 4292 662 4356 in
677 4295 834 4358 honorem
847 4290 1077 4377 Conceptionis
1094 4297 1107 4353 i
1113 4297 1324 4354 mmooutat
1330 4312 1374 4352 oe
1395 4293 1478 4352 Vir·

324 4407 562 4424 Q—

391 4481 419 4550 ¹)
437 4478 519 4540 Sese.
535 4481 585 4539 36.
602 4479 747 4552 Mami,
772 4478 848 4541 Oott.
867 4479 958 4538 Oonc.
975 4477 1013 4536 Τ.
1030 4472 1084 4538 29.
1102 4496 1127 4539 o.
1146 4470 1220 4537 183.
1240 4509 1280 4519 —
1300 4475 1328 4552 ²)
1350 4473 1431 4536 Sese.
1448 4475 1479 4536 5.

324 4583 378 4634 ων.
394 4572 431 4629 de
441 4589 524 4645 pecc.
542 4569 617 4645 erip.
636 4569 670 4628 in
678 4568 736 4645 fin.
753 4603 797 4613 -
814 4568 840 4648 ⁸)
857 4567 986 4630 Constit.
996 4568 1074 4629 Oorn
1084 4567 1253 4642 praecelso.
1269 4569 1299 4629 3.
1308 4565 1373 4626 Oet.
1386 4565 1479 4631 Mart,

324 4637 420 4723 ‘tlte
439 4696 481 4706 -
497 4662 822 4724 terraemotu
840 4660 884 4719 tit.
902 4664 951 4722 12.
968 4663 1018 4719 De
1033 4657 1120 4734 reliq.
1137 4664 1165 4717 et
1178 4675 1277 4722 vener.
1295 4655 1397 4729 Senot.
1415 4658 1478 4715 ul.

324 4778 328 4789 ·
347 4750 371 4831 ⁴)
386 4751 469 4812 Hist.
488 4752 578 4822 Oeno,
598 4751 683 4813 Trio.
692 4754 711 4810 l.
722 4755 750 4813 7.
758 4771 782 4813 c.
793 4754 820 4813 7.
831 4750 924 4813 Antv.
938 4746 1035 4815 1673.
1051 4750 1087 4810 Ρ.
1099 4745 1248 4828 1.p.239.
1266 4781 1308 4793 -
1327 4742 1353 4831 ⁵)
1372 4744 1480 4811 const.

324 4842 505 4905 'avenionis
517 4842 604 4919 prid.
621 4842 700 4904 Non.
718 4841 799 4918 Sept.
818 4863 846 4902 a.
863 4845 955 4904 1483.
