3775 5625
329 559 347 632 r.
369 544 439 618 hh.
477 547 679 617 Peccata
709 542 981 633 personalia
1011 542 1105 613 alia
1136 545 1248 614 sunt
1278 543 1504 636 mortalia,

742 653 835 724 alia
866 653 1081 724 venialia.

426 829 560 887 Peccata
582 826 759 903 personalia
783 846 800 885 e
823 835 952 902 peccato
978 825 1125 904 originali
1140 824 1238 895 nasci,
1255 825 1456 918 Lutheruq
1478 835 1506 886 et

320 937 508 1006 Calvinus,
526 936 776 1013 quemadmodum
794 953 899 993 omnes
917 954 1024 994 eorum
1041 935 1182 1012 discipuli
1198 934 1360 1002 doctrinae
1378 953 1396 994 a
1413 936 1505 1014 magi·

319 1047 395 1106 stris
417 1056 564 1123 acceptae
591 1045 853 1114 observantiores,
880 1064 949 1106 cum
965 1046 1111 1104 Ecclesia
1127 1045 1287 1105 Catholica
1304 1053 1506 1124 agnoverunt,

319 1167 351 1216 st
366 1167 497 1234 peccata
512 1157 662 1233 quaedam
679 1175 717 1214 ex
734 1174 768 1214 se
786 1165 818 1214 et
834 1165 945 1214 natura
961 1174 1019 1214 sna
1035 1174 1106 1215 esse
1129 1155 1264 1214 venialia
1280 1156 1400 1216 acriter
1416 1172 1505 1233 nega·

320 1275 402 1326 runt.
428 1267 604 1324 Censehant
621 1264 712 1337 enim,
730 1265 830 1324 omnia
845 1275 984 1341 peccata,
1009 1284 1098 1342 quum
1116 1266 1249 1324 omnium
1267 1283 1365 1324 causa
1381 1264 1424 1324 sit
1440 1281 1505 1324 con·
1524 1301 1538 1316 -

320 1376 514 1453 cupiscentia
529 1378 619 1446 mala,
637 1394 675 1434 ex
691 1394 726 1433 se
744 1385 775 1433 et
791 1384 904 1434 natura
921 1394 977 1434 sua
994 1393 1065 1434 esse
1082 1375 1236 1444 mortalia,
1247 1374 1345 1449 justis
1362 1384 1464 1433 tamen
1479 1383 1538 1436 etl

319 1485 460 1543 fidelihus
482 1484 519 1542 oh
545 1484 702 1542 Christum
729 1502 786 1542 uon
808 1484 954 1560 imputari
979 1485 1014 1542 ad
1037 1503 1166 1560 poenam
1187 1494 1359 1554 aeternam,
1376 1481 1538 1560 adeoqu'd

322 1604 439 1655 tantum
459 1604 631 1664 crevento,
648 1595 713 1652 sola
731 1594 789 1652 Dei
806 1594 1031 1664 misericordia,
1048 1595 1181 1653 venialia
1196 1612 1278 1654 esse.
1313 1597 1363 1652 ldx
1379 1593 1538 1670 antiquin

319 1703 487 1763 haereticis
521 1714 622 1763 autem
654 1704 886 1762 Jovinianus
922 1704 1106 1762 sententiam
1140 1702 1317 1763 Stoicorum
1351 1703 1538 1784 adoptanq

322 1833 428 1873 omnes
446 1814 575 1891 gradus,
593 1814 636 1873 uti
652 1813 789 1883 virtutis,
805 1814 849 1873 ita
866 1824 897 1872 et
912 1814 981 1872 vitii
1004 1815 1170 1873 sustollere
1195 1823 1373 1873 tentaverat
1385 1811 1427 1887 ¹),
1443 1831 1461 1871 a
1475 1813 1538 1879 Ε

321 1923 512 2004 Hieronymo
529 1923 682 1982 refutatus
691 1927 732 1996 ²).

431 2045 584 2131 Opposite
608 2048 647 2111 ad
671 2068 817 2112 errorem
841 2048 924 2110 hunc
949 2048 1044 2111 dccet
1066 2047 1215 2112 Ecclesia
1239 2046 1415 2123 Catholica‚
1439 2067 1538 2132 pce

321 2169 392 2222 cata
408 2157 542 2221 actualia
557 2179 616 2221 seu
632 2157 815 2242 personalia
831 2154 944 2222 naturai
960 2154 1019 2221 suri
1034 2156 1117 2221 inter
1128 2178 1164 2221 se
1174 2156 1398 2232 diversaesse‚
1413 2157 1538 2230 alten-4

322 2266 500 2331 mortalia
522 2288 578 2330 seu
603 2266 746 2339 letalia,
779 2288 858 2352 quae
875 2267 1029 2331 moralem
1046 2266 1114 2330 sire
1130 2266 1327 2351 spiritualem
1345 2267 1441 2332 vitam
1454 2286 1533 2336 tx·

322 2376 497 2464 stinguunt,
515 2376 616 2440 altera
631 2375 810 2451 verrialia,
827 2397 908 2462 quae
924 2376 1009 2441 illam
1026 2377 1109 2441 haud
1132 2390 1278 2452 enecant,
1302 2377 1362 2442 sed
1385 2375 1538 2460 nonnisi

322 2486 509 2550 debiliorem
539 2487 685 2560 reddunt,
709 2507 843 2571 quorum
867 2486 1003 2571 proinde
1026 2509 1151 2572 quoque
1166 2487 1260 2552 venia
1275 2489 1374 2575 longe
1390 2485 1510 2554 facilius

322 2597 519 2681 impetratur.
567 2594 703 2660 Differre

429 2711 468 2770 A.
493 2703 606 2770 naturi
621 2703 680 2771 snei
696 2720 828 2792 peccata
845 2707 928 2771 inter
945 2729 993 2782 se,
1017 2706 1048 2770 in
1065 2710 1124 2771 SS.
1145 2707 1318 2772 Litteris
1336 2705 1492 2772 clarissime

322 2815 467 2881 traditur.
515 2817 669 2902 Loquitur
686 2817 771 2881 enim

431 2952 461 2991 a.
486 2927 670 2991 Christus
688 2927 875 2992 Dominus
900 2930 939 2994 de
956 2928 1099 3016 gratiori
1115 2942 1148 2993 et
1163 2928 1275 2994 leviori
1296 2930 1398 3014 culpa,
1419 2944 1487 3013 quas
1512 2962 1514 2967 ·

325 3037 395 3123 quis
417 3036 586 3111 contrahit,
611 3038 650 3101 de
675 3038 789 3121 poenis
813 3038 1019 3124 gravioribus
1043 3038 1289 3114 alienioribus,
1312 3060 1392 3124 quae
1418 3029 1486 3101 aheni

323 3148 456 3210 luendae
475 3158 563 3221 sunt,
596 3148 636 3210 de
657 3146 800 3230 peccatis
818 3147 995 3231 majoribus
1012 3161 1045 3211 et
1059 3147 1255 3223 minorihus,
1272 3161 1365 3233 atque
1390 3145 1484 3213 talihtt

322 3279 401 3343 quae
449 3255 566 3321 remitti
597 3269 735 3341 possunt
766 3270 818 3320 atrt
851 3279 915 3321 non
949 3271 1095 3342 possunt,
1127 3259 1211 3322 stride
1243 3270 1378 3343 peecata
1400 3244 1484 3319 traam

322 3365 381 3431 suri
397 3367 484 3430 inter
505 3387 541 3429 se
558 3365 687 3430 differre
705 3365 879 3431 rrreridiami
896 3367 966 3431 lucc
983 3367 1101 3431 elarius
1119 3381 1213 3452 patet.
1261 3367 1318 3432 Sic
1335 3366 1386 3430 uhi
1401 3374 1482 3429 eorm

325 3476 504 3541 doctrinam
521 3476 776 3551 Pharisaeorum,
801 3478 905 3564 legem
922 3476 1060 3541 divinam
1076 3477 1326 3552 extenuantium,
1350 3477 1472 3561 dispuut

325 3587 382 3650 ait:
410 3588 482 3665 qu
505 3595 612 3648 erstem
638 3591 708 3649 dico
733 3590 845 3649 cobis:
876 3595 956 3671 quic
977 3596 1094 3667 omorio,
1121 3596 1176 3672 qai
1191 3595 1351 3651 irascitur
1368 3586 1466 3671 (injur

322 3702 429 3777 [ratri
444 3718 520 3775 arto,
539 3718 619 3759 reue
635 3701 834 3776 eritjurlicio
853 3697 1008 3777 (initiari).
1058 3699 1123 3774 Oai
1144 3707 1252 3760 aretem
1273 3702 1397 3761 dixerit
1405 3700 1455 3777 [rs

324 3829 400 3885 suo,
419 3830 501 3869 racc
518 3807 629 3885 (homo
646 3808 781 3891 abjecte,
798 3812 965 3892 neqnamle
983 3830 1062 3870 reus
1078 3816 1143 3871 erit
1157 3811 1292 3870 concilio
1305 3803 1449 3893 (judicias

320 3915 411 4001 jori).
447 3916 511 3991 our
528 3926 636 3979 erstem
653 3921 788 3995 dicerit,
803 3922 918 3997 sotsac:
936 3939 1015 3980 reus
1031 3925 1094 3980 erit
1107 3925 1272 3995 ‚cohercitae
1287 3924 1372 3996 iqrris
1386 3922 1440 3997 (ειη

326 4048 409 4089 mam
435 4045 569 4110 poenam
595 4030 796 4097 orereturltl.
845 4026 993 4089 chrislus
1019 4026 1069 4089 hie.
1094 4026 1260 4090 rrrmrileste
1284 4038 1354 4090 tres
1369 4024 1431 4089 dire

326 4157 446 4221 pererras
462 4134 637 4222 distinguit,
654 4156 733 4219 qnae
752 4136 948 4203 rrecessario.
965 4159 1060 4221 quum
1078 4157 1179 4220 poena
1195 4147 1330 4221 peccato
1342 4138 1423 4200 adaco

325 4266 399 4309 esse.
416 4245 541 4317 dehent,
558 4257 689 4328 peecata
706 4242 817 4308 natnrd
834 4243 891 4309 sui
908 4245 1036 4310 diversa
1052 4266 1126 4309 esse
1143 4245 1292 4309 imlieant.
1332 4242 1415 4309 hlihi:

326 4364 521 4435 revelamen,
540 4354 651 4441 inquil,
669 4359 740 4418 dico
758 4360 858 4429 rodis,
875 4365 952 4440 quie
970 4366 1081 4419 terroe
1098 4356 1319 4419 Sodomormrr
1343 4378 1404 4419 rest

437 4594 733 4725 ngnstin.
750 4598 832 4658 haer.
850 4593 903 4659 82
920 4594 1000 4676 Opp
1017 4597 1055 4656 Τ.
1073 4592 1102 4657 8.
1120 4616 1144 4657 c.
1162 4593 1282 4657 24.-
1304 4594 1388 4675 20)ίῖ

583 4686 624 4753 Τ.
639 4682 671 4761 2,
688 4708 716 4750 c.
732 4684 800 4749 320
816 4709 917 4751 ss.-
936 4684 1118 4766 ³).'h1atth
1101 4702 1132 4758 t),
1148 4684 1201 4748 22.
