3775 5625
347 412 392 477 26

348 577 441 656 Quod
462 596 541 641 vero
570 573 683 639 attinet
711 576 751 640 ad
774 589 865 641 actus
893 589 1026 641 nostros
1052 588 1221 653 externos,
1249 576 1318 645 sive
1344 582 1452 646 honos
1473 580 1543 648 sive

348 686 479 767 (saltem
505 685 643 763 directe)
672 686 791 749 malos:
827 684 859 748 hi
882 686 977 770 juxta
1006 685 1184 751 doctrinam
1214 688 1419 755 revelationis
1447 702 1543 777 atque

348 792 444 859 effata
465 793 617 868 rationis,
637 814 699 858 nec
722 815 787 858 non
803 814 920 859 sensus
939 794 1129 869 communis,
1146 815 1246 881 aeque
1261 817 1300 861 ac
1316 810 1408 863 achis
1424 799 1543 864 interni

347 904 386 968 ad
402 903 540 968 animam
556 915 717 988 tamquam
732 903 895 966 dominum
915 922 974 968 seu
996 924 1107 968 verum
1127 925 1166 969 ac
1183 906 1349 990 proprium
1364 920 1542 983 auctorem,

345 1012 430 1087 illos,
450 1024 547 1097 prout
562 1012 634 1086 hos,
657 1032 722 1076 non
742 1023 864 1076 tantum
884 1011 1104 1096 imperantem,
1126 1014 1185 1078 sed
1200 1025 1233 1077 et
1248 1013 1442 1091 elicientem,
1457 1016 1540 1083 rele-

345 1134 476 1195 runtur3
499 1123 585 1207 quod
605 1119 773 1185 manifeste
794 1122 900 1186 locum
921 1121 1040 1186 hahere
1056 1142 1121 1185 non
1137 1135 1260 1207 posset,
1276 1123 1306 1188 si
1321 1124 1426 1190 anima
1441 1125 1540 1191 ratio·

345 1230 427 1297 nalis
443 1250 543 1296 causa
559 1230 687 1295 nonnisi
703 1228 852 1305 mediata,
868 1242 903 1294 ut
917 1229 1018 1306 vitae,
1038 1229 1083 1295 its
1098 1242 1131 1295 et
1146 1231 1345 1317 operationis
1361 1254 1541 1319 corporeae

346 1340 530 1406 exsisteret
554 1338 677 1403 Deinde
693 1339 869 1403 secundum
891 1338 1070 1403 doctrinam
1085 1338 1177 1414 fidei,
1195 1340 1247 1405 cui
1262 1353 1295 1406 et
1315 1340 1437 1427 pariter
1458 1342 1541 1407 ratio

346 1450 572 1535 adstipulatur,
599 1446 706 1512 omnia
727 1449 825 1522 mala,
850 1467 931 1532 quae
945 1446 1046 1511 lihere
1062 1449 1273 1534 suscipimus,
1295 1462 1349 1514 aut
1367 1451 1463 1516 nohis
1483 1452 1539 1517 im·

346 1559 447 1625 missa
463 1559 513 1623 vel
528 1556 680 1643 imposita
695 1555 795 1620 libere
812 1556 1021 1632 sustinemus,
1036 1557 1174 1641 pretium
1187 1558 1327 1644 speciale
1336 1562 1473 1645 poenale
1483 1581 1542 1626 seu

348 1666 598 1734 satisfactorium
613 1667 746 1739 hahent;
767 1667 852 1729 unde
868 1667 1044 1729 eorundem
1059 1667 1271 1752 perpessione
1290 1668 1323 1732 in
1335 1668 1455 1733 unione
1468 1690 1541 1734 cum

347 1776 487 1851 Christo,
502 1777 669 1841 Salvatore
680 1787 804 1850 nostro,
818 1774 941 1839 divinae
952 1773 1097 1859 justitiae
1110 1796 1171 1861 pro
1185 1777 1299 1862 poenis
1311 1777 1541 1863 temporalibus

346 1887 546 1961 satisfacere,
560 1886 693 1971 [leoque
712 1904 851 1970 prorsus
861 1883 1065 1949 reconciliari
1081 1896 1176 1971 atque
1191 1906 1313 1970 poenas
1324 1898 1400 1971 post
1413 1886 1540 1951 ahsolu-

346 1996 464 2062 tionem
475 2005 677 2059 remanentes
684 1993 803 2057 diluere
811 1992 962 2058 valemus.
982 1990 1017 2056 Si
1031 2013 1109 2058 vero
1117 2014 1236 2080 corpus
1248 2016 1307 2081 per
1314 2016 1350 2060 se
1356 1993 1540 2069 exsisteret,

346 2104 571 2192 propriamque
582 2102 723 2167 vitamet
735 2101 954 2186 operationem
965 2102 1110 2166 haheret:
1131 2104 1217 2188 quod
1228 2103 1332 2189 ipsum
1347 2103 1415 2169 sive
1428 2116 1542 2191 agerat

346 2213 414 2279 sive
430 2224 605 2299 pateretur,
626 2210 793 2296 proprium
815 2209 934 2296 ipsius,
950 2210 970 2275 i.
988 2231 1016 2275 e.
1033 2231 1121 2275 mere
1138 2215 1309 2297 corporale
1324 2233 1383 2277 seu
1406 2211 1541 2278 mumale

346 2334 445 2397 esset,
462 2333 495 2385 et
509 2319 583 2385 ideo
600 2318 768 2384 manifeste
786 2319 872 2383 omni
888 2318 993 2404 pretio
1011 2320 1125 2384 morali
1141 2320 1336 2397 destitutum,
1353 2334 1446 2387 actus
1464 2342 1540 2386 vero

344 2429 529 2503 voluntatis,
546 2449 607 2514 qua
623 2426 768 2513 passioni
784 2427 877 2492 alicui
894 2427 1113 2492 consentimus
1135 2441 1189 2494 ant
1204 2450 1273 2494 eam
1295 2429 1389 2515 plane
1403 2429 1539 2516 impera-

345 2562 432 2615 mus,
463 2549 552 2605 esset
573 2536 700 2623 quidem
724 2536 912 2621 simpliciter
938 2535 1138 2612 meritorius,
1161 2550 1294 2624 propter
1327 2538 1541 2604 obedientiam

346 2648 496 2722 activam,
519 2646 719 2711 nullomodo
741 2658 846 2711 autem
867 2644 1113 2710 satisfactorius.
1146 2647 1279 2711 Sublato
1302 2659 1409 2713 autem
1424 2646 1541 2712 merito

346 2755 563 2825 satisfactorio
594 2754 783 2842 passionum
813 2753 913 2819 lihere
938 2766 1177 2841 susceptarum,
1200 2756 1388 2822 necessario
1415 2777 1542 2844 proque

345 2866 466 2932 tollitur
490 2864 646 2929 redemtio
668 2885 726 2950 per
748 2863 911 2931 Christum
926 2861 1100 2928 Dominum
1115 2865 1268 2950 passione
1284 2887 1324 2931 ac
1338 2877 1459 2942 morte,
1481 2888 1542 2953 qua

347 2976 417 3041 vice
444 2975 558 3040 nostra
581 2973 705 3037 dionae
720 2972 865 3058 justitiae
882 2971 1055 3049 satisfecit,
1076 2986 1216 3058 peracta.
1247 2975 1396 3050 Accedit,
1420 2997 1542 3061 corpus

350 3085 446 3152 etiarn
462 3083 567 3148 anima
574 3082 702 3148 animali
718 3081 890 3147 animatum
897 3081 1026 3146 unionis
1033 3081 1254 3168 hypostaticae
1261 3105 1334 3148 cum
1341 3083 1459 3159 aromo,
1467 3105 1542 3171 qua·

344 3193 383 3258 lis
414 3195 453 3259 ah
482 3191 676 3259 adversariis
698 3191 892 3266 defenditur,
916 3212 1020 3276 capax
1041 3173 1178 3276 prorsus
1205 3214 1271 3256 non
1298 3213 1383 3258 esse.
1414 3192 1544 3259 Etenim

346 3302 473 3368 unionis
488 3300 709 3387 hypostaticae
724 3321 782 3366 seu
798 3298 1007 3364 assumtionis
1023 3297 1056 3362 in
1072 3281 1167 3363 unam
1183 3321 1356 3386 personam
1363 3302 1543 3368 substantia

345 3411 472 3478 nonnisi
488 3431 592 3496 capax
602 3422 662 3485 est,
679 3408 731 3474 cui
744 3430 806 3494 pro
822 3429 882 3472 sua
896 3407 1004 3471 indole
1015 3407 1158 3492 potentia
1170 3403 1363 3479 ὑποστάσεως
1371 3409 1468 3485 inest,
1478 3409 1500 3476 i.
1515 3431 1542 3476 e.

345 3542 425 3608 quae
446 3519 571 3584 ratione
593 3531 625 3582 et
644 3518 746 3583 libera
765 3518 928 3582 voluntate
949 3515 1094 3601 praedita
1121 3516 1273 3601 suijuris
1298 3538 1356 3582 seu
1378 3518 1543 3584 actionum

344 3650 474 3694 suarum
495 3638 609 3691 auctor
630 3647 705 3690 esse
725 3636 849 3710 potest;
878 3626 963 3709 quod
985 3624 1018 3688 in
1042 3646 1181 3710 corpore
1202 3625 1329 3691 animali
1350 3640 1462 3713 aperte
1485 3628 1542 3694 mi·

344 3737 428 3802 nima
446 3735 577 3810 obtinet,
594 3746 626 3798 et
642 3734 727 3819 quod
741 3745 915 3819 propterea
930 3732 1026 3797 etiam
1042 3732 1193 3799 unionem
1209 3734 1336 3820 quidem
1348 3737 1542 3803 substantia·

344 3849 406 3911 lem
422 3867 481 3911 seu
497 3843 682 3918 naturalem,
698 3863 896 3928 nequaquam
912 3854 1019 3908 autem
1034 3843 1269 3929 hypostaticam
1285 3844 1433 3911 admittit.

452 3957 505 4018 Ex
519 3952 569 4016 his
585 3973 666 4039 ergo
684 3952 825 4036 adparet,
836 3953 931 4036 juxta
947 3952 1128 4017 doctrinam
1137 3954 1321 4028 revelatam,
1333 3953 1462 4019 ratione
1473 3956 1544 4041 ipsa

344 4063 567 4155 adstipulante,
583 4081 647 4125 non
663 4072 785 4125 tantum
800 4060 963 4124 hominem
978 4060 1083 4125 anima
1098 4059 1246 4126 rationali
1262 4073 1295 4126 et
1312 4083 1455 4148 corpore
1466 4086 1543 4129 con·

344 4187 448 4248 stare,
470 4172 528 4236 sed
546 4182 578 4234 et
594 4169 731 4235 animam
746 4169 935 4244 rationalem
952 4190 1038 4245 esse,
1055 4191 1117 4256 qua
1133 4191 1253 4256 corpus
1270 4193 1335 4236 non
1353 4152 1460 4237 solum
1477 4173 1542 4239 ani·

343 4284 405 4347 mal
431 4279 587 4346 rationale
608 4278 761 4353 exsistat,
777 4280 835 4343 sed
852 4290 899 4353 et,
915 4278 1050 4363 proprio
1066 4279 1152 4344 vitae
1166 4279 1326 4365 principio
1344 4281 1544 4357 destitutum,

344 4390 430 4456 vivat
445 4402 477 4454 et
493 4401 654 4474 operetur.
851 4477 853 4481 Α

452 4497 542 4562 Unde
558 4496 703 4584 quamvis
718 4497 815 4561 homo
833 4496 923 4583 quasi
939 4495 1120 4560 communis
1137 4517 1180 4560 ex
1195 4509 1330 4584 utraque
1346 4509 1463 4563 natura
1480 4498 1543 4585 spi·

345 4607 448 4673 rituali
461 4618 494 4672 et
510 4607 682 4693 corporali,
693 4607 839 4695 angelica
856 4618 888 4670 et
901 4607 1069 4680 mundana,
1082 4604 1124 4669 sit
1140 4606 1348 4671 constitutus:
1366 4619 1475 4672 tamen
1488 4630 1544 4675 ne·

346 4738 406 4803 que
422 4715 526 4782 anime
537 4717 607 4801 ejus
620 4714 785 4780 rationalis
796 4735 893 4779 verns
904 4714 1115 4800 esthngelus,
1123 4726 1235 4799 utpote
1248 4735 1328 4800 quae
1340 4717 1380 4780 ad
1391 4715 1545 4782 unionem

345 4825 587 4892 substantialem
615 4847 686 4890 cum
717 4845 857 4909 corpore
883 4823 989 4898 facta,
1013 4824 1082 4888 sola
1106 4843 1164 4907 per
1181 4844 1217 4888 se
1234 4823 1459 4891 exsistentiam
1479 4849 1547 4892 non

1325 4958 1343 4991 0
