<?xml version="1.0" encoding="UTF-8"?>
<!DOCTYPE html PUBLIC "-//W3C//DTD XHTML 1.0 Transitional//EN"
    "http://www.w3.org/TR/xhtml1/DTD/xhtml1-transitional.dtd">
<html xmlns="http://www.w3.org/1999/xhtml" xml:lang="en" lang="en">
 <head>
  <title>
</title>
<meta http-equiv="Content-Type" content="text/html;charset=utf-8" />
  <meta name='ocr-system' content='tesseract 3.04.00' />
  <meta name='ocr-capabilities' content='ocr_page ocr_carea ocr_par ocr_line ocrx_word'/>
</head>
<body>
  <div class='ocr_page' id='page_1' title='image "./theologiadogmat00schwgoog/theologiadogmat00schwgoog_0154.png"; bbox 0 0 3775 5625; ppageno 0'>
   <div class='ocr_carea' id='block_1_1' title="bbox 348 410 414 479">
    <p class='ocr_par' dir='ltr' id='par_1_1' title="bbox 348 410 414 479">
     <span class='ocr_line' id='line_1_1' title="bbox 348 410 414 479; baseline 0.015 -1"><span class='ocrx_word' id='word_1_1' title='bbox 348 410 414 479; x_wconf 85' lang='lat'><strong>140</strong></span> 
     </span>
    </p>
   </div>
   <div class='ocr_carea' id='block_1_2' title="bbox 264 572 1534 1980">
    <p class='ocr_par' dir='ltr' id='par_1_2' title="bbox 264 572 1534 1980">
     <span class='ocr_line' id='line_1_2' title="bbox 345 572 1534 662; baseline -0.003 -19"><span class='ocrx_word' id='word_1_2' title='bbox 345 584 391 644; x_wconf 89' lang='lat' dir='ltr'><strong>tio</strong></span> <span class='ocrx_word' id='word_1_3' title='bbox 414 598 476 659; x_wconf 85' lang='lat' dir='ltr'><strong>per</strong></span> <span class='ocrx_word' id='word_1_4' title='bbox 496 587 662 657; x_wconf 89' lang='lat' dir='ltr'><strong>peccatum</strong></span> <span class='ocrx_word' id='word_1_5' title='bbox 688 595 759 637; x_wconf 85' lang='lat' dir='ltr'><strong>erse</strong></span> <span class='ocrx_word' id='word_1_6' title='bbox 789 581 898 655; x_wconf 79' lang='lat' dir='ltr'><strong>lapsos</strong></span> <span class='ocrx_word' id='word_1_7' title='bbox 912 573 953 652; x_wconf 80' lang='grc'><strong>1);</strong></span> <span class='ocrx_word' id='word_1_8' title='bbox 983 572 1206 660; x_wconf 82' lang='lat' dir='ltr'><strong>Gregorius</strong></span> <span class='ocrx_word' id='word_1_9' title='bbox 1237 573 1457 659; x_wconf 86' lang='lat' dir='ltr'><strong>Nysseuus,</strong></span> <span class='ocrx_word' id='word_1_10' title='bbox 1482 576 1534 662; x_wconf 81' lang='lat' dir='ltr'><strong>per</strong></span> 
     </span>
     <span class='ocr_line' id='line_1_3' title="bbox 345 689 1534 772; baseline -0.001 -21"><span class='ocrx_word' id='word_1_11' title='bbox 345 697 594 772; x_wconf 77' lang='lat' dir='ltr'><strong>protoparentes</strong></span> <span class='ocrx_word' id='word_1_12' title='bbox 616 689 824 748; x_wconf 76' lang='lat' dir='ltr'><strong>commistum</strong></span> <span class='ocrx_word' id='word_1_13' title='bbox 847 704 918 746; x_wconf 86' lang='lat' dir='ltr'><strong>esse</strong></span> <span class='ocrx_word' id='word_1_14' title='bbox 933 690 1163 765; x_wconf 76' lang='lat' dir='ltr'><strong>quodammodo</strong></span> <span class='ocrx_word' id='word_1_15' title='bbox 1178 690 1299 747; x_wconf 76' lang='lat' dir='ltr'><strong>nuatum</strong></span> <span class='ocrx_word' id='word_1_16' title='bbox 1314 704 1387 748; x_wconf 86' lang='lat' dir='ltr'><strong>cum</strong></span> <span class='ocrx_word' id='word_1_17' title='bbox 1401 696 1534 765; x_wconf 74' lang='lat' dir='ltr'><strong>natura,</strong></span> 
     </span>
     <span class='ocr_line' id='line_1_4' title="bbox 345 796 1534 876; baseline -0.001 -16"><span class='ocrx_word' id='word_1_18' title='bbox 345 817 417 860; x_wconf 90' lang='lat' dir='ltr'><strong>cum</strong></span> <span class='ocrx_word' id='word_1_19' title='bbox 431 816 476 858; x_wconf 78' lang='lat' dir='ltr'><strong>ec</strong></span> <span class='ocrx_word' id='word_1_20' title='bbox 487 805 656 876; x_wconf 80' lang='lat' dir='ltr'><strong>peccatore</strong></span> <span class='ocrx_word' id='word_1_21' title='bbox 667 804 820 872; x_wconf 87' lang='lat' dir='ltr'><strong>peccator</strong></span> <span class='ocrx_word' id='word_1_22' title='bbox 835 804 1003 873; x_wconf 83' lang='lat' dir='ltr'><strong>nascatur,</strong></span> <span class='ocrx_word' id='word_1_23' title='bbox 1026 805 1059 856; x_wconf 88' lang='lat' dir='ltr'><strong>et</strong></span> <span class='ocrx_word' id='word_1_24' title='bbox 1072 796 1149 856; x_wconf 86' lang='lat' dir='ltr'><strong>binc</strong></span> <span class='ocrx_word' id='word_1_25' title='bbox 1163 814 1231 855; x_wconf 87' lang='lat' dir='ltr'><strong>una</strong></span> <span class='ocrx_word' id='word_1_26' title='bbox 1246 813 1318 857; x_wconf 89' lang='lat' dir='ltr'><strong>cum</strong></span> <span class='ocrx_word' id='word_1_27' title='bbox 1331 799 1534 860; x_wconf 79' lang='lat' dir='ltr'><strong>nascentibus</strong></span> 
     </span>
     <span class='ocr_line' id='line_1_5' title="bbox 345 901 1534 988; baseline 0.002 -19"><span class='ocrx_word' id='word_1_28' title='bbox 345 911 456 987; x_wconf 76' lang='lat' dir='ltr'><strong>atiquo</strong></span> <span class='ocrx_word' id='word_1_29' title='bbox 472 911 564 967; x_wconf 82' lang='lat' dir='ltr'><strong>modo</strong></span> <span class='ocrx_word' id='word_1_30' title='bbox 579 915 744 982; x_wconf 82' lang='lat' dir='ltr'><strong>peccatum</strong></span> <span class='ocrx_word' id='word_1_31' title='bbox 767 903 954 982; x_wconf 63' lang='lat' dir='ltr'><strong>certumst).</strong></span> <span class='ocrx_word' id='word_1_32' title='bbox 980 901 1288 988; x_wconf 76' lang='lat' dir='ltr'><strong>chrysostomus</strong></span> <span class='ocrx_word' id='word_1_33' title='bbox 1312 903 1424 979; x_wconf 87' lang='lat' dir='ltr'><strong>docet,</strong></span> <span class='ocrx_word' id='word_1_34' title='bbox 1449 903 1534 971; x_wconf 78' lang='lat' dir='ltr'><strong>curi·</strong></span> 
     </span>
     <span class='ocr_line' id='line_1_6' title="bbox 346 1017 1534 1101; baseline -0.001 -21"><span class='ocrx_word' id='word_1_35' title='bbox 346 1027 430 1081; x_wconf 87' lang='lat' dir='ltr'><strong>stum</strong></span> <span class='ocrx_word' id='word_1_36' title='bbox 453 1026 617 1078; x_wconf 86' lang='lat' dir='ltr'><strong>mortuum</strong></span> <span class='ocrx_word' id='word_1_37' title='bbox 638 1034 708 1076; x_wconf 85' lang='lat' dir='ltr'><strong>esse</strong></span> <span class='ocrx_word' id='word_1_38' title='bbox 726 1035 787 1093; x_wconf 90' lang='lat' dir='ltr'><strong>pro</strong></span> <span class='ocrx_word' id='word_1_39' title='bbox 809 1020 971 1077; x_wconf 89' lang='lat' dir='ltr'><strong>communi</strong></span> <span class='ocrx_word' id='word_1_40' title='bbox 992 1019 1132 1077; x_wconf 89' lang='lat' dir='ltr'><strong>omnium</strong></span> <span class='ocrx_word' id='word_1_41' title='bbox 1155 1019 1270 1077; x_wconf 78' lang='lat' dir='ltr'><strong>delicto</strong></span> <span class='ocrx_word' id='word_1_42' title='bbox 1282 1017 1325 1093; x_wconf 86' lang='lat'><strong>³),</strong></span> <span class='ocrx_word' id='word_1_43' title='bbox 1356 1034 1459 1099; x_wconf 90' lang='lat' dir='ltr'><strong>porro</strong></span> <span class='ocrx_word' id='word_1_44' title='bbox 1483 1034 1534 1101; x_wconf 83' lang='lat' dir='ltr'><strong>per</strong></span> 
     </span>
     <span class='ocr_line' id='line_1_7' title="bbox 346 1107 1534 1210; baseline 0 -20"><span class='ocrx_word' id='word_1_45' title='bbox 346 1123 541 1210; x_wconf 76' lang='lat' dir='ltr'><strong>Baptismum</strong></span> <span class='ocrx_word' id='word_1_46' title='bbox 548 1135 713 1204; x_wconf 85' lang='lat' dir='ltr'><strong>peccatum</strong></span> <span class='ocrx_word' id='word_1_47' title='bbox 724 1128 820 1186; x_wconf 86' lang='lat' dir='ltr'><strong>ecetti</strong></span> <span class='ocrx_word' id='word_1_48' title='bbox 830 1129 999 1205; x_wconf 83' lang='lat' dir='ltr'><strong>radicitus,</strong></span> <span class='ocrx_word' id='word_1_49' title='bbox 1012 1130 1163 1201; x_wconf 85' lang='lat' dir='ltr'><strong>animam,</strong></span> <span class='ocrx_word' id='word_1_50' title='bbox 1174 1107 1282 1203; x_wconf 70' lang='lat' dir='ltr'><strong>puetis</strong></span> <span class='ocrx_word' id='word_1_51' title='bbox 1289 1127 1534 1208; x_wconf 75' lang='lat' dir='ltr'><strong>suitpeneratu,</strong></span> 
     </span>
     <span class='ocr_line' id='line_1_8' title="bbox 345 1231 1534 1322; baseline 0 -24"><span class='ocrx_word' id='word_1_52' title='bbox 345 1231 439 1309; x_wconf 87' lang='lat' dir='ltr'><strong>effici,</strong></span> <span class='ocrx_word' id='word_1_53' title='bbox 450 1233 581 1313; x_wconf 77' lang='lat' dir='ltr'><strong>Spiritu</strong></span> <span class='ocrx_word' id='word_1_54' title='bbox 590 1232 628 1297; x_wconf 74' lang='lat' dir='ltr'><strong>S.</strong></span> <span class='ocrx_word' id='word_1_55' title='bbox 637 1245 771 1313; x_wconf 87' lang='lat' dir='ltr'><strong>peccata</strong></span> <span class='ocrx_word' id='word_1_56' title='bbox 787 1246 1005 1315; x_wconf 69' lang='lat' dir='ltr'><strong>consumente,</strong></span> <span class='ocrx_word' id='word_1_57' title='bbox 1019 1245 1115 1320; x_wconf 83' lang='lat' dir='ltr'><strong>etque</strong></span> <span class='ocrx_word' id='word_1_58' title='bbox 1126 1239 1291 1297; x_wconf 79' lang='lat' dir='ltr'><strong>eusiccata</strong></span> <span class='ocrx_word' id='word_1_59' title='bbox 1300 1240 1413 1297; x_wconf 84' lang='lat' dir='ltr'><strong>radice</strong></span> <span class='ocrx_word' id='word_1_60' title='bbox 1427 1238 1534 1322; x_wconf 78' lang='lat' dir='ltr'><strong>mortis</strong></span> 
     </span>
     <span class='ocr_line' id='line_1_9' title="bbox 349 1341 1534 1429; baseline 0.002 -22"><span class='ocrx_word' id='word_1_61' title='bbox 349 1341 443 1407; x_wconf 86' lang='lat' dir='ltr'><strong>uobis</strong></span> <span class='ocrx_word' id='word_1_62' title='bbox 469 1364 558 1429; x_wconf 87' lang='lat' dir='ltr'><strong>spem</strong></span> <span class='ocrx_word' id='word_1_63' title='bbox 582 1342 832 1408; x_wconf 89' lang='lat' dir='ltr'><strong>resurrectionis</strong></span> <span class='ocrx_word' id='word_1_64' title='bbox 848 1342 975 1407; x_wconf 88' lang='lat' dir='ltr'><strong>restitui</strong></span> <span class='ocrx_word' id='word_1_65' title='bbox 986 1343 1029 1424; x_wconf 82' lang='lat'><strong>⁴),</strong></span> <span class='ocrx_word' id='word_1_66' title='bbox 1052 1342 1141 1408; x_wconf 91' lang='lat' dir='ltr'><strong>etin</strong></span> <span class='ocrx_word' id='word_1_67' title='bbox 1165 1345 1261 1407; x_wconf 89' lang='lat' dir='ltr'><strong>Hom.</strong></span> <span class='ocrx_word' id='word_1_68' title='bbox 1277 1350 1320 1406; x_wconf 83' lang='lat' dir='ltr'><strong>cd</strong></span> <span class='ocrx_word' id='word_1_69' title='bbox 1332 1345 1534 1427; x_wconf 78' lang='lat' dir='ltr'><strong>Neopbptos,</strong></span> 
     </span>
     <span class='ocr_line' id='line_1_10' title="bbox 345 1451 1534 1541; baseline 0.001 -23"><span class='ocrx_word' id='word_1_70' title='bbox 345 1465 429 1518; x_wconf 88' lang='lat' dir='ltr'><strong>teste</strong></span> <span class='ocrx_word' id='word_1_71' title='bbox 445 1451 627 1541; x_wconf 80' lang='lat' dir='ltr'><strong>Augustino</strong></span> <span class='ocrx_word' id='word_1_72' title='bbox 641 1453 683 1533; x_wconf 85' lang='lat'><strong>⁵):</strong></span> <span class='ocrx_word' id='word_1_73' title='bbox 713 1457 807 1518; x_wconf 81' lang='lat' dir='ltr'><strong>Venit</strong></span> <span class='ocrx_word' id='word_1_74' title='bbox 831 1462 929 1517; x_wconf 84' lang='lat' dir='ltr'><strong>semei</strong></span> <span class='ocrx_word' id='word_1_75' title='bbox 956 1454 1122 1534; x_wconf 78' lang='lat' dir='ltr'><strong>Christus,</strong></span> <span class='ocrx_word' id='word_1_76' title='bbox 1139 1451 1249 1539; x_wconf 90' lang='lat' dir='ltr'><strong>inquit,</strong></span> <span class='ocrx_word' id='word_1_77' title='bbox 1267 1459 1393 1517; x_wconf 86' lang='lat' dir='ltr'><strong>incenit</strong></span> <span class='ocrx_word' id='word_1_78' title='bbox 1408 1458 1534 1519; x_wconf 85' lang='lat' dir='ltr'><strong>cbiro·</strong></span> 
     </span>
     <span class='ocr_line' id='line_1_11' title="bbox 342 1566 1534 1645; baseline 0.002 -19"><span class='ocrx_word' id='word_1_79' title='bbox 342 1567 536 1645; x_wconf 69' lang='lat' dir='ltr'><strong>prapbum</strong></span> <span class='ocrx_word' id='word_1_80' title='bbox 558 1575 781 1644; x_wconf 89' lang='lat' dir='ltr'><strong>paternum,</strong></span> <span class='ocrx_word' id='word_1_81' title='bbox 809 1572 913 1643; x_wconf 77' lang='lat' dir='ltr'><strong>quod</strong></span> <span class='ocrx_word' id='word_1_82' title='bbox 936 1569 1106 1644; x_wconf 73' lang='lat' dir='ltr'><strong>scripsit</strong></span> <span class='ocrx_word' id='word_1_83' title='bbox 1128 1566 1263 1641; x_wconf 78' lang='lat' dir='ltr'><strong>Adam:</strong></span> <span class='ocrx_word' id='word_1_84' title='bbox 1289 1568 1360 1627; x_wconf 84' lang='lat' dir='ltr'><strong>itte</strong></span> <span class='ocrx_word' id='word_1_85' title='bbox 1379 1569 1534 1628; x_wconf 68' lang='lat' dir='ltr'><strong>initium</strong></span> 
     </span>
     <span class='ocr_line' id='line_1_12' title="bbox 345 1669 1534 1758; baseline 0.003 -23"><span class='ocrx_word' id='word_1_86' title='bbox 345 1678 504 1737; x_wconf 76' lang='lat' dir='ltr'><strong>inducit</strong></span> <span class='ocrx_word' id='word_1_87' title='bbox 524 1678 663 1753; x_wconf 86' lang='lat' dir='ltr'><strong>debiti,</strong></span> <span class='ocrx_word' id='word_1_88' title='bbox 681 1669 751 1736; x_wconf 83' lang='lat' dir='ltr'><strong>iras</strong></span> <span class='ocrx_word' id='word_1_89' title='bbox 763 1677 916 1749; x_wconf 82' lang='lat' dir='ltr'><strong>foenus</strong></span> <span class='ocrx_word' id='word_1_90' title='bbox 931 1680 1119 1737; x_wconf 72' lang='lat' dir='ltr'><strong>auximus</strong></span> <span class='ocrx_word' id='word_1_91' title='bbox 1131 1677 1436 1758; x_wconf 78' lang='lat' dir='ltr'><strong>posterioribus</strong></span> <span class='ocrx_word' id='word_1_92' title='bbox 1453 1693 1534 1754; x_wconf 84' lang='lat' dir='ltr'><strong>pec·</strong></span> 
     </span>
     <span class='ocr_line' id='line_1_13' title="bbox 345 1781 1534 1871; baseline 0.003 -26"><span class='ocrx_word' id='word_1_93' title='bbox 345 1788 456 1846; x_wconf 78' lang='lat' dir='ltr'><strong>catis.</strong></span> <span class='ocrx_word' id='word_1_94' title='bbox 481 1783 515 1847; x_wconf 93' lang='lat' dir='ltr'><strong>lu</strong></span> <span class='ocrx_word' id='word_1_95' title='bbox 533 1802 613 1869; x_wconf 83' lang='lat' dir='ltr'><strong>quae</strong></span> <span class='ocrx_word' id='word_1_96' title='bbox 628 1783 728 1847; x_wconf 87' lang='lat' dir='ltr'><strong>verba</strong></span> <span class='ocrx_word' id='word_1_97' title='bbox 744 1782 826 1848; x_wconf 88' lang='lat' dir='ltr'><strong>scite</strong></span> <span class='ocrx_word' id='word_1_98' title='bbox 844 1784 996 1848; x_wconf 85' lang='lat' dir='ltr'><strong>observat</strong></span> <span class='ocrx_word' id='word_1_99' title='bbox 1011 1782 1227 1871; x_wconf 80' lang='lat' dir='ltr'><strong>Augustinus,</strong></span> <span class='ocrx_word' id='word_1_100' title='bbox 1248 1786 1284 1848; x_wconf 86' lang='lat' dir='ltr'><strong>S.</strong></span> <span class='ocrx_word' id='word_1_101' title='bbox 1300 1782 1481 1848; x_wconf 79' lang='lat' dir='ltr'><strong>Doctorum</strong></span> <span class='ocrx_word' id='word_1_102' title='bbox 1496 1781 1534 1848; x_wconf 83' lang='lat' dir='ltr'><strong>di·</strong></span> 
     </span>
     <span class='ocr_line' id='line_1_14' title="bbox 264 1889 1534 1980; baseline 0.002 -24"><span class='ocrx_word' id='word_1_103' title='bbox 264 1970 267 1977; x_wconf 25' lang='grc' dir='ltr'>Ι</span> <span class='ocrx_word' id='word_1_104' title='bbox 345 1890 511 1979; x_wconf 79' lang='lat' dir='ltr'><strong>stinguere</strong></span> <span class='ocrx_word' id='word_1_105' title='bbox 536 1891 676 1957; x_wconf 87' lang='lat' dir='ltr'><strong>debiturn</strong></span> <span class='ocrx_word' id='word_1_106' title='bbox 698 1892 821 1978; x_wconf 81' lang='lat' dir='ltr'><strong>paterni</strong></span> <span class='ocrx_word' id='word_1_107' title='bbox 838 1892 1059 1980; x_wconf 80' lang='lat' dir='ltr'><strong>chirographi,</strong></span> <span class='ocrx_word' id='word_1_108' title='bbox 1081 1892 1166 1979; x_wconf 91' lang='lat' dir='ltr'><strong>quod</strong></span> <span class='ocrx_word' id='word_1_109' title='bbox 1182 1891 1431 1958; x_wconf 82' lang='lat' dir='ltr'><strong>haereditarium</strong></span> <span class='ocrx_word' id='word_1_110' title='bbox 1447 1889 1534 1958; x_wconf 81' lang='lat' dir='ltr'><strong>nobit</strong></span> 
     </span>
    </p>
   </div>
   <div class='ocr_carea' id='block_1_3' title="bbox 345 2038 1534 2211">
    <p class='ocr_par' dir='ltr' id='par_1_3' title="bbox 345 2038 1534 2211">
     <span class='ocr_line' id='line_1_15' title="bbox 456 2038 1534 2121; baseline 0.001 -21"><span class='ocrx_word' id='word_1_111' title='bbox 456 2044 479 2118; x_wconf 88' lang='lat'><strong>¹)</strong></span> <span class='ocrx_word' id='word_1_112' title='bbox 500 2041 553 2106; x_wconf 82' lang='lat' dir='ltr'><strong>Or.</strong></span> <span class='ocrx_word' id='word_1_113' title='bbox 569 2044 619 2103; x_wconf 78' lang='lat'><strong>42.</strong></span> <span class='ocrx_word' id='word_1_114' title='bbox 638 2063 662 2103; x_wconf 80' lang='lat' dir='ltr'><strong>r.</strong></span> <span class='ocrx_word' id='word_1_115' title='bbox 679 2038 756 2103; x_wconf 83' lang='lat'><strong>607.</strong></span> <span class='ocrx_word' id='word_1_116' title='bbox 782 2044 856 2101; x_wconf 87' lang='lat' dir='ltr'><strong>Nos</strong></span> <span class='ocrx_word' id='word_1_117' title='bbox 872 2044 916 2101; x_wconf 91' lang='lat' dir='ltr'><strong>ab</strong></span> <span class='ocrx_word' id='word_1_118' title='bbox 931 2042 1047 2102; x_wconf 90' lang='lat' dir='ltr'><strong>initio</strong></span> <span class='ocrx_word' id='word_1_119' title='bbox 1066 2062 1133 2121; x_wconf 87' lang='lat' dir='ltr'><strong>per</strong></span> <span class='ocrx_word' id='word_1_120' title='bbox 1146 2048 1336 2121; x_wconf 86' lang='lat' dir='ltr'><strong>peccatum</strong></span> <span class='ocrx_word' id='word_1_121' title='bbox 1352 2042 1483 2119; x_wconf 86' lang='lat' dir='ltr'><strong>lapsos</strong></span> <span class='ocrx_word' id='word_1_122' title='bbox 1497 2075 1534 2090; x_wconf 90' lang='lat'><strong>·-</strong></span> 
     </span>
     <span class='ocr_line' id='line_1_16' title="bbox 345 2127 1534 2211; baseline 0.003 -18"><span class='ocrx_word' id='word_1_123' title='bbox 345 2135 381 2194; x_wconf 88' lang='lat' dir='ltr'><strong>in</strong></span> <span class='ocrx_word' id='word_1_124' title='bbox 394 2139 518 2193; x_wconf 85' lang='lat' dir='ltr'><strong>ueterem</strong></span> <span class='ocrx_word' id='word_1_125' title='bbox 533 2139 644 2193; x_wconf 89' lang='lat' dir='ltr'><strong>statum</strong></span> <span class='ocrx_word' id='word_1_126' title='bbox 656 2132 777 2192; x_wconf 86' lang='lat' dir='ltr'><strong>restitui</strong></span> <span class='ocrx_word' id='word_1_127' title='bbox 792 2137 956 2211; x_wconf 83' lang='lat' dir='ltr'><strong>oportebat.</strong></span> <span class='ocrx_word' id='word_1_128' title='bbox 975 2132 1021 2196; x_wconf 73' lang='lat' dir='ltr'><strong>(it.</strong></span> <span class='ocrx_word' id='word_1_129' title='bbox 1042 2134 1095 2197; x_wconf 87' lang='lat' dir='ltr'><strong>Or.</strong></span> <span class='ocrx_word' id='word_1_130' title='bbox 1106 2135 1135 2196; x_wconf 89' lang='lat'><strong>9.</strong></span> <span class='ocrx_word' id='word_1_131' title='bbox 1146 2154 1172 2195; x_wconf 89' lang='lat' dir='ltr'><strong>c.</strong></span> <span class='ocrx_word' id='word_1_132' title='bbox 1184 2130 1247 2195; x_wconf 85' lang='lat'><strong>142</strong></span> <span class='ocrx_word' id='word_1_133' title='bbox 1256 2154 1280 2193; x_wconf 86' lang='lat' dir='ltr'><strong>s.</strong></span> <span class='ocrx_word' id='word_1_134' title='bbox 1300 2133 1353 2197; x_wconf 88' lang='lat' dir='ltr'><strong>Or.</strong></span> <span class='ocrx_word' id='word_1_135' title='bbox 1362 2134 1414 2194; x_wconf 78' lang='lat'><strong>39.</strong></span> <span class='ocrx_word' id='word_1_136' title='bbox 1426 2127 1534 2196; x_wconf 74' lang='lat' dir='ltr'><strong>sbbb</strong></span> 
     </span>
    </p>
   </div>
   <div class='ocr_carea' id='block_1_4' title="bbox 238 2220 1534 2303">
    <p class='ocr_par' dir='ltr' id='par_1_4' title="bbox 238 2220 1534 2303">
     <span class='ocr_line' id='line_1_17' title="bbox 238 2220 1534 2303; baseline 0 -17"><span class='ocrx_word' id='word_1_137' title='bbox 238 2236 241 2242; x_wconf 87' lang='lat'>&#39;</span> <span class='ocrx_word' id='word_1_138' title='bbox 348 2226 401 2287; x_wconf 87' lang='lat' dir='ltr'><strong>Or.</strong></span> <span class='ocrx_word' id='word_1_139' title='bbox 418 2225 468 2284; x_wconf 82' lang='lat'><strong>51.</strong></span> <span class='ocrx_word' id='word_1_140' title='bbox 486 2223 512 2283; x_wconf 81' lang='lat' dir='ltr'><strong>c.</strong></span> <span class='ocrx_word' id='word_1_141' title='bbox 529 2221 606 2286; x_wconf 78' lang='grc'><strong>674.</strong></span> <span class='ocrx_word' id='word_1_142' title='bbox 624 2244 651 2286; x_wconf 84' lang='lat' dir='ltr'><strong>a.</strong></span> <span class='ocrx_word' id='word_1_143' title='bbox 675 2224 789 2285; x_wconf 67' lang='lat' dir='ltr'><strong>otrus.</strong></span> <span class='ocrx_word' id='word_1_144' title='bbox 805 2225 936 2301; x_wconf 82' lang='lat' dir='ltr'><strong>paticus.</strong></span> <span class='ocrx_word' id='word_1_145' title='bbox 953 2245 981 2290; x_wconf 88' lang='lat' dir='ltr'><strong>u.</strong></span> <span class='ocrx_word' id='word_1_146' title='bbox 998 2228 1113 2288; x_wconf 84' lang='lat'><strong>1-19.</strong></span> <span class='ocrx_word' id='word_1_147' title='bbox 1135 2226 1174 2286; x_wconf 96' lang='lat' dir='ltr'><strong>T.</strong></span> <span class='ocrx_word' id='word_1_148' title='bbox 1191 2222 1221 2286; x_wconf 81' lang='grc'><strong>2.</strong></span> <span class='ocrx_word' id='word_1_149' title='bbox 1240 2245 1265 2286; x_wconf 85' lang='lat' dir='ltr'><strong>c.</strong></span> <span class='ocrx_word' id='word_1_150' title='bbox 1283 2220 1360 2286; x_wconf 76' lang='lat'><strong>213.</strong></span> <span class='ocrx_word' id='word_1_151' title='bbox 1378 2259 1422 2269; x_wconf 91' lang='lat'>-</span> <span class='ocrx_word' id='word_1_152' title='bbox 1440 2226 1473 2303; x_wconf 77' lang='lat'><strong>²)</strong></span> <span class='ocrx_word' id='word_1_153' title='bbox 1488 2225 1534 2286; x_wconf 86' lang='lat' dir='ltr'><strong>Dt</strong></span> 
     </span>
    </p>
   </div>
   <div class='ocr_carea' id='block_1_5' title="bbox 335 2312 1534 3029">
    <p class='ocr_par' dir='ltr' id='par_1_5' title="bbox 335 2312 1534 3029">
     <span class='ocr_line' id='line_1_18' title="bbox 345 2312 1534 2397; baseline -0.002 -19"><span class='ocrx_word' id='word_1_154' title='bbox 345 2320 419 2378; x_wconf 89' lang='lat' dir='ltr'><strong>beat.</strong></span> <span class='ocrx_word' id='word_1_155' title='bbox 436 2333 481 2377; x_wconf 88' lang='lat' dir='ltr'><strong>or.</strong></span> <span class='ocrx_word' id='word_1_156' title='bbox 498 2318 526 2377; x_wconf 85' lang='lat'><strong>6.</strong></span> <span class='ocrx_word' id='word_1_157' title='bbox 544 2312 622 2395; x_wconf 90' lang='lat' dir='ltr'><strong>Opp.</strong></span> <span class='ocrx_word' id='word_1_158' title='bbox 640 2315 712 2378; x_wconf 84' lang='lat' dir='ltr'><strong>Par.</strong></span> <span class='ocrx_word' id='word_1_159' title='bbox 733 2312 828 2378; x_wconf 84' lang='lat'><strong>1638.</strong></span> <span class='ocrx_word' id='word_1_160' title='bbox 845 2316 883 2376; x_wconf 89' lang='lat' dir='ltr'><strong>T.</strong></span> <span class='ocrx_word' id='word_1_161' title='bbox 904 2314 932 2381; x_wconf 90' lang='lat' dir='ltr'><strong>l.</strong></span> <span class='ocrx_word' id='word_1_162' title='bbox 951 2338 979 2397; x_wconf 90' lang='lat' dir='ltr'><strong>p.</strong></span> <span class='ocrx_word' id='word_1_163' title='bbox 998 2314 1073 2379; x_wconf 81' lang='lat'><strong>817.</strong></span> <span class='ocrx_word' id='word_1_164' title='bbox 1099 2316 1339 2378; x_wconf 78' lang='lat' dir='ltr'><strong>Oommiactum</strong></span> <span class='ocrx_word' id='word_1_165' title='bbox 1365 2317 1534 2391; x_wconf 80' lang='lat' dir='ltr'><strong>quodam·</strong></span> 
     </span>
     <span class='ocr_line' id='line_1_19' title="bbox 344 2406 1534 2489; baseline 0 -22"><span class='ocrx_word' id='word_1_166' title='bbox 344 2408 450 2468; x_wconf 88' lang='lat' dir='ltr'><strong>modo</strong></span> <span class='ocrx_word' id='word_1_167' title='bbox 466 2408 595 2466; x_wconf 82' lang='lat' dir='ltr'><strong>malum</strong></span> <span class='ocrx_word' id='word_1_168' title='bbox 611 2427 687 2466; x_wconf 90' lang='lat' dir='ltr'><strong>cum</strong></span> <span class='ocrx_word' id='word_1_169' title='bbox 710 2415 846 2466; x_wconf 89' lang='lat' dir='ltr'><strong>natura</strong></span> <span class='ocrx_word' id='word_1_170' title='bbox 869 2414 924 2489; x_wconf 85' lang='lat' dir='ltr'><strong>est</strong></span> <span class='ocrx_word' id='word_1_171' title='bbox 940 2426 1009 2483; x_wconf 88' lang='lat' dir='ltr'><strong>per</strong></span> <span class='ocrx_word' id='word_1_172' title='bbox 1036 2427 1110 2478; x_wconf 87' lang='lat' dir='ltr'><strong>eos,</strong></span> <span class='ocrx_word' id='word_1_173' title='bbox 1136 2407 1200 2483; x_wconf 81' lang='lat' dir='ltr'><strong>qui</strong></span> <span class='ocrx_word' id='word_1_174' title='bbox 1224 2406 1439 2483; x_wconf 80' lang='lat' dir='ltr'><strong>antiquitus</strong></span> <span class='ocrx_word' id='word_1_175' title='bbox 1460 2423 1534 2482; x_wconf 76' lang='lat' dir='ltr'><strong>pas</strong></span> 
     </span>
     <span class='ocr_line' id='line_1_20' title="bbox 345 2497 1531 2580; baseline -0.001 -21"><span class='ocrx_word' id='word_1_176' title='bbox 345 2499 494 2568; x_wconf 86' lang='lat' dir='ltr'><strong>sionem,</strong></span> <span class='ocrx_word' id='word_1_177' title='bbox 510 2497 644 2557; x_wconf 88' lang='lat' dir='ltr'><strong>vitium</strong></span> <span class='ocrx_word' id='word_1_178' title='bbox 659 2504 693 2557; x_wconf 87' lang='lat' dir='ltr'><strong>et</strong></span> <span class='ocrx_word' id='word_1_179' title='bbox 706 2499 890 2576; x_wconf 86' lang='lat' dir='ltr'><strong>affectum</strong></span> <span class='ocrx_word' id='word_1_180' title='bbox 907 2498 1149 2571; x_wconf 86' lang='lat' dir='ltr'><strong>admiserunt,</strong></span> <span class='ocrx_word' id='word_1_181' title='bbox 1167 2498 1232 2575; x_wconf 85' lang='lat' dir='ltr'><strong>qui</strong></span> <span class='ocrx_word' id='word_1_182' title='bbox 1243 2516 1311 2574; x_wconf 87' lang='lat' dir='ltr'><strong>per</strong></span> <span class='ocrx_word' id='word_1_183' title='bbox 1326 2497 1531 2580; x_wconf 66' lang='lat' dir='ltr'><strong>inobedire</strong></span> 
     </span>
     <span class='ocr_line' id='line_1_21' title="bbox 346 2588 1534 2660; baseline -0.001 -10"><span class='ocrx_word' id='word_1_184' title='bbox 346 2590 433 2651; x_wconf 88' lang='lat' dir='ltr'><strong>tiam</strong></span> <span class='ocrx_word' id='word_1_185' title='bbox 455 2591 618 2648; x_wconf 87' lang='lat' dir='ltr'><strong>morbum</strong></span> <span class='ocrx_word' id='word_1_186' title='bbox 640 2588 867 2649; x_wconf 76' lang='lat' dir='ltr'><strong>inuenerunt</strong></span> <span class='ocrx_word' id='word_1_187' title='bbox 889 2596 921 2648; x_wconf 89' lang='lat' dir='ltr'><strong>ct</strong></span> <span class='ocrx_word' id='word_1_188' title='bbox 942 2590 1249 2652; x_wconf 81' lang='lat' dir='ltr'><strong>introduxerunt.</strong></span> <span class='ocrx_word' id='word_1_189' title='bbox 1284 2588 1534 2660; x_wconf 65' lang='lat' dir='ltr'><strong>Quemadmodum</strong></span> 
     </span>
     <span class='ocr_line' id='line_1_22' title="bbox 345 2679 1534 2757; baseline -0.003 -15"><span class='ocrx_word' id='word_1_190' title='bbox 345 2689 442 2742; x_wconf 87' lang='lat' dir='ltr'><strong>autem</strong></span> <span class='ocrx_word' id='word_1_191' title='bbox 457 2679 644 2739; x_wconf 82' lang='lat' dir='ltr'><strong>successione</strong></span> <span class='ocrx_word' id='word_1_192' title='bbox 669 2687 758 2756; x_wconf 82' lang='lat' dir='ltr'><strong>atque</strong></span> <span class='ocrx_word' id='word_1_193' title='bbox 780 2680 1006 2741; x_wconf 84' lang='lat' dir='ltr'><strong>continuatione</strong></span> <span class='ocrx_word' id='word_1_194' title='bbox 1021 2681 1148 2741; x_wconf 82' lang='lat' dir='ltr'><strong>subinde</strong></span> <span class='ocrx_word' id='word_1_195' title='bbox 1163 2680 1352 2741; x_wconf 85' lang='lat' dir='ltr'><strong>nascentium</strong></span> <span class='ocrx_word' id='word_1_196' title='bbox 1364 2699 1425 2755; x_wconf 80' lang='lat' dir='ltr'><strong>per</strong></span> <span class='ocrx_word' id='word_1_197' title='bbox 1440 2699 1534 2757; x_wconf 70' lang='lat' dir='ltr'><strong>quarn</strong></span> 
     </span>
     <span class='ocr_line' id='line_1_23' title="bbox 345 2770 1534 2852; baseline 0.001 -20"><span class='ocrx_word' id='word_1_198' title='bbox 345 2792 402 2852; x_wconf 80' lang='lat' dir='ltr'><strong>que</strong></span> <span class='ocrx_word' id='word_1_199' title='bbox 423 2770 552 2848; x_wconf 87' lang='lat' dir='ltr'><strong>speciem</strong></span> <span class='ocrx_word' id='word_1_200' title='bbox 575 2770 754 2833; x_wconf 81' lang='lat' dir='ltr'><strong>animalium</strong></span> <span class='ocrx_word' id='word_1_201' title='bbox 777 2779 889 2832; x_wconf 87' lang='lat' dir='ltr'><strong>natura</strong></span> <span class='ocrx_word' id='word_1_202' title='bbox 913 2772 1007 2833; x_wconf 86' lang='lat' dir='ltr'><strong>simui</strong></span> <span class='ocrx_word' id='word_1_203' title='bbox 1031 2772 1203 2833; x_wconf 82' lang='lat' dir='ltr'><strong>traducitur</strong></span> <span class='ocrx_word' id='word_1_204' title='bbox 1231 2778 1259 2832; x_wconf 89' lang='lat' dir='ltr'><strong>et</strong></span> <span class='ocrx_word' id='word_1_205' title='bbox 1277 2778 1488 2848; x_wconf 84' lang='lat' dir='ltr'><strong>propapatur,</strong></span> <span class='ocrx_word' id='word_1_206' title='bbox 1509 2791 1534 2833; x_wconf 80' lang='lat' dir='ltr'><strong>rt</strong></span> 
     </span>
     <span class='ocr_line' id='line_1_24' title="bbox 335 2862 1534 2944; baseline -0.001 -18"><span class='ocrx_word' id='word_1_207' title='bbox 335 2867 431 2944; x_wconf 81' lang='lat' dir='ltr'><strong>jacta</strong></span> <span class='ocrx_word' id='word_1_208' title='bbox 453 2862 601 2923; x_wconf 85' lang='lat' dir='ltr'><strong>rationem</strong></span> <span class='ocrx_word' id='word_1_209' title='bbox 623 2870 762 2934; x_wconf 86' lang='lat' dir='ltr'><strong>naturae,</strong></span> <span class='ocrx_word' id='word_1_210' title='bbox 789 2867 870 2940; x_wconf 82' lang='lat' dir='ltr'><strong>quod</strong></span> <span class='ocrx_word' id='word_1_211' title='bbox 894 2872 999 2926; x_wconf 88' lang='lat' dir='ltr'><strong>natum</strong></span> <span class='ocrx_word' id='word_1_212' title='bbox 1016 2865 1129 2942; x_wconf 88' lang='lat' dir='ltr'><strong>fuerit,</strong></span> <span class='ocrx_word' id='word_1_213' title='bbox 1154 2865 1234 2925; x_wconf 87' lang='lat' dir='ltr'><strong>idem</strong></span> <span class='ocrx_word' id='word_1_214' title='bbox 1257 2863 1382 2924; x_wconf 85' lang='lat' dir='ltr'><strong>situum</strong></span> <span class='ocrx_word' id='word_1_215' title='bbox 1398 2883 1447 2935; x_wconf 86' lang='lat' dir='ltr'><strong>eo,</strong></span> <span class='ocrx_word' id='word_1_216' title='bbox 1464 2866 1534 2925; x_wconf 72' lang='lat' dir='ltr'><strong>aab</strong></span> 
     </span>
     <span class='ocr_line' id='line_1_25' title="bbox 343 2953 1534 3029; baseline -0.001 -13"><span class='ocrx_word' id='word_1_217' title='bbox 343 2963 447 3016; x_wconf 88' lang='lat' dir='ltr'><strong>natum</strong></span> <span class='ocrx_word' id='word_1_218' title='bbox 463 2963 522 3016; x_wconf 84' lang='lat' dir='ltr'><strong>cst:</strong></span> <span class='ocrx_word' id='word_1_219' title='bbox 547 2954 652 3015; x_wconf 86' lang='lat' dir='ltr'><strong>itidem</strong></span> <span class='ocrx_word' id='word_1_220' title='bbox 675 2974 717 3015; x_wconf 79' lang='lat' dir='ltr'><strong>cu</strong></span> <span class='ocrx_word' id='word_1_221' title='bbox 739 2956 886 3015; x_wconf 88' lang='lat' dir='ltr'><strong>bomine</strong></span> <span class='ocrx_word' id='word_1_222' title='bbox 908 2959 1010 3016; x_wconf 88' lang='lat' dir='ltr'><strong>bomo</strong></span> <span class='ocrx_word' id='word_1_223' title='bbox 1033 2955 1220 3029; x_wconf 84' lang='lat' dir='ltr'><strong>nascitur,</strong></span> <span class='ocrx_word' id='word_1_224' title='bbox 1244 2975 1288 3016; x_wconf 84' lang='lat' dir='ltr'><strong>ecc</strong></span> <span class='ocrx_word' id='word_1_225' title='bbox 1311 2955 1474 3016; x_wconf 79' lang='lat' dir='ltr'><strong>obnoaeio</strong></span> <span class='ocrx_word' id='word_1_226' title='bbox 1493 2953 1534 3016; x_wconf 78' lang='lat' dir='ltr'><strong>uri</strong></span> 
     </span>
    </p>
   </div>
   <div class='ocr_carea' id='block_1_6' title="bbox 240 3034 1534 3124">
    <p class='ocr_par' dir='ltr' id='par_1_6' title="bbox 240 3034 1534 3124">
     <span class='ocr_line' id='line_1_26' title="bbox 240 3034 1534 3124; baseline -0.001 -17"><span class='ocrx_word' id='word_1_227' title='bbox 240 3034 248 3052; x_wconf 73' lang='lat'>&#39;</span> <span class='ocrx_word' id='word_1_228' title='bbox 344 3046 424 3118; x_wconf 86' lang='lat' dir='ltr'><strong>tiis,</strong></span> <span class='ocrx_word' id='word_1_229' title='bbox 438 3045 793 3121; x_wconf 82' lang='lat' dir='ltr'><strong>perturbationibus</strong></span> <span class='ocrx_word' id='word_1_230' title='bbox 817 3053 850 3106; x_wconf 87' lang='lat' dir='ltr'><strong>et</strong></span> <span class='ocrx_word' id='word_1_231' title='bbox 864 3047 1157 3124; x_wconf 85' lang='lat' dir='ltr'><strong>affectionibus,</strong></span> <span class='ocrx_word' id='word_1_232' title='bbox 1175 3047 1311 3107; x_wconf 85' lang='lat' dir='ltr'><strong>iisdem</strong></span> <span class='ocrx_word' id='word_1_233' title='bbox 1335 3047 1534 3108; x_wconf 71' lang='lat' dir='ltr'><strong>obnooeius</strong></span> 
     </span>
    </p>
   </div>
   <div class='ocr_carea' id='block_1_7' title="bbox 340 3137 1534 4856">
    <p class='ocr_par' dir='ltr' id='par_1_7' title="bbox 340 3137 1534 4856">
     <span class='ocr_line' id='line_1_27' title="bbox 343 3137 1521 3215; baseline -0.002 -16"><span class='ocrx_word' id='word_1_234' title='bbox 343 3158 386 3199; x_wconf 72' lang='lat' dir='ltr'><strong>ccc</strong></span> <span class='ocrx_word' id='word_1_235' title='bbox 403 3144 599 3213; x_wconf 87' lang='lat' dir='ltr'><strong>peccatore</strong></span> <span class='ocrx_word' id='word_1_236' title='bbox 616 3144 800 3212; x_wconf 87' lang='lat' dir='ltr'><strong>peccator.</strong></span> <span class='ocrx_word' id='word_1_237' title='bbox 840 3140 924 3214; x_wconf 80' lang='lat' dir='ltr'><strong>Erpa</strong></span> <span class='ocrx_word' id='word_1_238' title='bbox 947 3159 1021 3198; x_wconf 90' lang='lat' dir='ltr'><strong>una</strong></span> <span class='ocrx_word' id='word_1_239' title='bbox 1044 3159 1121 3199; x_wconf 90' lang='lat' dir='ltr'><strong>cum</strong></span> <span class='ocrx_word' id='word_1_240' title='bbox 1143 3137 1388 3198; x_wconf 83' lang='lat' dir='ltr'><strong>nascentibus</strong></span> <span class='ocrx_word' id='word_1_241' title='bbox 1412 3138 1521 3215; x_wconf 79' lang='lat' dir='ltr'><strong>aliqu</strong></span> 
     </span>
     <span class='ocr_line' id='line_1_28' title="bbox 342 3229 1534 3306; baseline 0 -16"><span class='ocrx_word' id='word_1_242' title='bbox 342 3236 444 3290; x_wconf 86' lang='lat' dir='ltr'><strong>modo</strong></span> <span class='ocrx_word' id='word_1_243' title='bbox 466 3235 655 3304; x_wconf 89' lang='lat' dir='ltr'><strong>peccatum</strong></span> <span class='ocrx_word' id='word_1_244' title='bbox 671 3229 839 3300; x_wconf 77' lang='lat' dir='ltr'><strong>consistit,</strong></span> <span class='ocrx_word' id='word_1_245' title='bbox 857 3230 951 3290; x_wconf 88' lang='lat' dir='ltr'><strong>simul</strong></span> <span class='ocrx_word' id='word_1_246' title='bbox 973 3237 1000 3289; x_wconf 89' lang='lat' dir='ltr'><strong>et</strong></span> <span class='ocrx_word' id='word_1_247' title='bbox 1014 3249 1158 3301; x_wconf 86' lang='lat' dir='ltr'><strong>nascens,</strong></span> <span class='ocrx_word' id='word_1_248' title='bbox 1185 3238 1214 3290; x_wconf 89' lang='lat' dir='ltr'><strong>et</strong></span> <span class='ocrx_word' id='word_1_249' title='bbox 1237 3249 1414 3306; x_wconf 80' lang='lat' dir='ltr'><strong>aupescens,</strong></span> <span class='ocrx_word' id='word_1_250' title='bbox 1432 3236 1462 3290; x_wconf 88' lang='lat' dir='ltr'><strong>et</strong></span> <span class='ocrx_word' id='word_1_251' title='bbox 1476 3248 1534 3290; x_wconf 74' lang='lat' dir='ltr'><strong>cur</strong></span> 
     </span>
     <span class='ocr_line' id='line_1_29' title="bbox 344 3319 1534 3397; baseline 0.003 -17"><span class='ocrx_word' id='word_1_252' title='bbox 344 3320 471 3381; x_wconf 87' lang='lat' dir='ltr'><strong>termino</strong></span> <span class='ocrx_word' id='word_1_253' title='bbox 495 3319 573 3379; x_wconf 89' lang='lat' dir='ltr'><strong>uitae</strong></span> <span class='ocrx_word' id='word_1_254' title='bbox 600 3340 663 3378; x_wconf 90' lang='lat' dir='ltr'><strong>una</strong></span> <span class='ocrx_word' id='word_1_255' title='bbox 687 3320 836 3381; x_wconf 85' lang='lat' dir='ltr'><strong>desinens.</strong></span> <span class='ocrx_word' id='word_1_256' title='bbox 862 3319 907 3381; x_wconf 81' lang='lat' dir='ltr'><strong>cf.</strong></span> <span class='ocrx_word' id='word_1_257' title='bbox 924 3321 1080 3381; x_wconf 84' lang='lat' dir='ltr'><strong>etiamDe</strong></span> <span class='ocrx_word' id='word_1_258' title='bbox 1096 3320 1227 3382; x_wconf 86' lang='lat' dir='ltr'><strong>bominis</strong></span> <span class='ocrx_word' id='word_1_259' title='bbox 1243 3319 1342 3397; x_wconf 85' lang='lat' dir='ltr'><strong>opific.</strong></span> <span class='ocrx_word' id='word_1_260' title='bbox 1361 3341 1387 3381; x_wconf 91' lang='lat' dir='ltr'><strong>c.</strong></span> <span class='ocrx_word' id='word_1_261' title='bbox 1405 3323 1534 3383; x_wconf 75' lang='lat' dir='ltr'><strong>to-ec</strong></span> 
     </span>
     <span class='ocr_line' id='line_1_30' title="bbox 342 3407 1534 3492; baseline 0.002 -21"><span class='ocrx_word' id='word_1_262' title='bbox 342 3412 383 3477; x_wconf 87' lang='lat' dir='ltr'><strong>ib.</strong></span> <span class='ocrx_word' id='word_1_263' title='bbox 399 3433 430 3491; x_wconf 90' lang='lat' dir='ltr'><strong>p.</strong></span> <span class='ocrx_word' id='word_1_264' title='bbox 449 3407 593 3473; x_wconf 88' lang='grc'><strong>64-83.</strong></span> <span class='ocrx_word' id='word_1_265' title='bbox 622 3411 706 3471; x_wconf 88' lang='lat' dir='ltr'><strong>Orat.</strong></span> <span class='ocrx_word' id='word_1_266' title='bbox 724 3415 753 3471; x_wconf 81' lang='lat'><strong>2.</strong></span> <span class='ocrx_word' id='word_1_267' title='bbox 769 3412 804 3471; x_wconf 88' lang='lat' dir='ltr'><strong>in</strong></span> <span class='ocrx_word' id='word_1_268' title='bbox 819 3414 926 3473; x_wconf 87' lang='lat' dir='ltr'><strong>verba:</strong></span> <span class='ocrx_word' id='word_1_269' title='bbox 951 3412 1119 3472; x_wconf 80' lang='lat' dir='ltr'><strong>Faciamus</strong></span> <span class='ocrx_word' id='word_1_270' title='bbox 1146 3415 1225 3476; x_wconf 84' lang='lat' dir='ltr'><strong>bom.</strong></span> <span class='ocrx_word' id='word_1_271' title='bbox 1243 3420 1295 3477; x_wconf 87' lang='lat' dir='ltr'><strong>etc.</strong></span> <span class='ocrx_word' id='word_1_272' title='bbox 1311 3410 1353 3474; x_wconf 90' lang='lat' dir='ltr'><strong>ib.</strong></span> <span class='ocrx_word' id='word_1_273' title='bbox 1369 3433 1401 3492; x_wconf 90' lang='lat' dir='ltr'><strong>p.</strong></span> <span class='ocrx_word' id='word_1_274' title='bbox 1420 3409 1486 3475; x_wconf 84' lang='lat'><strong>153</strong></span> <span class='ocrx_word' id='word_1_275' title='bbox 1500 3430 1534 3473; x_wconf 77' lang='lat' dir='ltr'><strong>sn</strong></span> 
     </span>
     <span class='ocr_line' id='line_1_31' title="bbox 343 3499 1534 3584; baseline 0 -21"><span class='ocrx_word' id='word_1_276' title='bbox 343 3506 384 3564; x_wconf 94' lang='lat' dir='ltr'><strong>In</strong></span> <span class='ocrx_word' id='word_1_277' title='bbox 407 3502 560 3577; x_wconf 87' lang='lat' dir='ltr'><strong>Baptism.</strong></span> <span class='ocrx_word' id='word_1_278' title='bbox 587 3502 716 3566; x_wconf 76' lang='lat' dir='ltr'><strong>Christi.</strong></span> <span class='ocrx_word' id='word_1_279' title='bbox 742 3504 781 3562; x_wconf 90' lang='grc' dir='ltr'><strong>Τ.</strong></span> <span class='ocrx_word' id='word_1_280' title='bbox 807 3499 838 3565; x_wconf 84' lang='grc'><strong>3.</strong></span> <span class='ocrx_word' id='word_1_281' title='bbox 863 3524 893 3582; x_wconf 92' lang='lat' dir='ltr'><strong>p.</strong></span> <span class='ocrx_word' id='word_1_282' title='bbox 919 3500 986 3565; x_wconf 84' lang='lat'><strong>366</strong></span> <span class='ocrx_word' id='word_1_283' title='bbox 1004 3524 1044 3564; x_wconf 87' lang='lat' dir='ltr'><strong>ss.</strong></span> <span class='ocrx_word' id='word_1_284' title='bbox 1069 3513 1101 3563; x_wconf 91' lang='lat' dir='ltr'><strong>et</strong></span> <span class='ocrx_word' id='word_1_285' title='bbox 1125 3505 1165 3569; x_wconf 83' lang='lat' dir='ltr'><strong>sl.</strong></span> <span class='ocrx_word' id='word_1_286' title='bbox 1189 3505 1313 3584; x_wconf 85' lang='lat' dir='ltr'><strong>passim.</strong></span> <span class='ocrx_word' id='word_1_287' title='bbox 1331 3539 1371 3550; x_wconf 93' lang='lat'>-</span> <span class='ocrx_word' id='word_1_288' title='bbox 1391 3509 1420 3582; x_wconf 82' lang='lat'><strong>³)</strong></span> <span class='ocrx_word' id='word_1_289' title='bbox 1438 3505 1480 3563; x_wconf 92' lang='lat' dir='ltr'><strong>In</strong></span> <span class='ocrx_word' id='word_1_290' title='bbox 1494 3505 1534 3564; x_wconf 74' lang='lat' dir='ltr'><strong>In&#39;</strong></span> 
     </span>
     <span class='ocr_line' id='line_1_32' title="bbox 342 3589 1534 3678; baseline 0.002 -24"><span class='ocrx_word' id='word_1_291' title='bbox 342 3598 422 3654; x_wconf 85' lang='lat' dir='ltr'><strong>bom.</strong></span> <span class='ocrx_word' id='word_1_292' title='bbox 441 3597 469 3653; x_wconf 80' lang='lat'><strong>7.</strong></span> <span class='ocrx_word' id='word_1_293' title='bbox 485 3613 516 3651; x_wconf 89' lang='lat' dir='ltr'><strong>n.</strong></span> <span class='ocrx_word' id='word_1_294' title='bbox 537 3595 563 3653; x_wconf 82' lang='lat'><strong>7.</strong></span> <span class='ocrx_word' id='word_1_295' title='bbox 582 3593 620 3651; x_wconf 91' lang='lat' dir='ltr'><strong>T.</strong></span> <span class='ocrx_word' id='word_1_296' title='bbox 638 3590 669 3654; x_wconf 84' lang='lat'><strong>6.</strong></span> <span class='ocrx_word' id='word_1_297' title='bbox 687 3615 716 3672; x_wconf 95' lang='lat' dir='ltr'><strong>p.</strong></span> <span class='ocrx_word' id='word_1_298' title='bbox 735 3589 787 3655; x_wconf 89' lang='lat'><strong>84.</strong></span> <span class='ocrx_word' id='word_1_299' title='bbox 814 3595 918 3670; x_wconf 82' lang='lat' dir='ltr'><strong>Neque</strong></span> <span class='ocrx_word' id='word_1_300' title='bbox 933 3602 1027 3655; x_wconf 86' lang='lat' dir='ltr'><strong>morte</strong></span> <span class='ocrx_word' id='word_1_301' title='bbox 1042 3595 1097 3654; x_wconf 86' lang='lat' dir='ltr'><strong>illo</strong></span> <span class='ocrx_word' id='word_1_302' title='bbox 1114 3596 1205 3672; x_wconf 84' lang='lat' dir='ltr'><strong>quasi</strong></span> <span class='ocrx_word' id='word_1_303' title='bbox 1219 3614 1290 3654; x_wconf 86' lang='lat' dir='ltr'><strong>reus</strong></span> <span class='ocrx_word' id='word_1_304' title='bbox 1307 3590 1477 3678; x_wconf 79' lang='lat' dir='ltr'><strong>(Christus)</strong></span> <span class='ocrx_word' id='word_1_305' title='bbox 1493 3626 1534 3641; x_wconf 93' lang='lat'><em>-</em></span> 
     </span>
     <span class='ocr_line' id='line_1_33' title="bbox 343 3682 1534 3761; baseline 0 -16"><span class='ocrx_word' id='word_1_306' title='bbox 343 3687 506 3745; x_wconf 88' lang='lat' dir='ltr'><strong>secundum</strong></span> <span class='ocrx_word' id='word_1_307' title='bbox 521 3682 670 3744; x_wconf 71' lang='lat' dir='ltr'><strong>radanem</strong></span> <span class='ocrx_word' id='word_1_308' title='bbox 681 3685 944 3759; x_wconf 84' lang='lat' dir='ltr'><strong>peccatimortuus</strong></span> <span class='ocrx_word' id='word_1_309' title='bbox 960 3692 1017 3756; x_wconf 88' lang='lat' dir='ltr'><strong>est,</strong></span> <span class='ocrx_word' id='word_1_310' title='bbox 1035 3689 1088 3745; x_wconf 89' lang='lat' dir='ltr'><strong>scd</strong></span> <span class='ocrx_word' id='word_1_311' title='bbox 1099 3706 1169 3761; x_wconf 86' lang='lat' dir='ltr'><strong>pro</strong></span> <span class='ocrx_word' id='word_1_312' title='bbox 1186 3706 1321 3748; x_wconf 86' lang='lat' dir='ltr'><strong>commu</strong></span> <span class='ocrx_word' id='word_1_313' title='bbox 1330 3686 1370 3745; x_wconf 87' lang='lat' dir='ltr'><strong>ni</strong></span> <span class='ocrx_word' id='word_1_314' title='bbox 1385 3685 1534 3746; x_wconf 78' lang='lat' dir='ltr'><strong>omniur.-</strong></span> 
     </span>
     <span class='ocr_line' id='line_1_34' title="bbox 344 3771 1534 3858; baseline 0.003 -22"><span class='ocrx_word' id='word_1_315' title='bbox 344 3775 489 3837; x_wconf 87' lang='lat' dir='ltr'><strong>delicto.</strong></span> <span class='ocrx_word' id='word_1_316' title='bbox 506 3807 551 3820; x_wconf 91' lang='grc'><strong>--</strong></span> <span class='ocrx_word' id='word_1_317' title='bbox 569 3771 596 3850; x_wconf 84' lang='lat'><strong>⁴)</strong></span> <span class='ocrx_word' id='word_1_318' title='bbox 612 3777 702 3838; x_wconf 89' lang='lat' dir='ltr'><strong>Hom.</strong></span> <span class='ocrx_word' id='word_1_319' title='bbox 720 3779 771 3836; x_wconf 82' lang='lat'><strong>40.</strong></span> <span class='ocrx_word' id='word_1_320' title='bbox 781 3801 786 3813; x_wconf 61' lang='grc'><strong>-’</strong></span> <span class='ocrx_word' id='word_1_321' title='bbox 797 3777 831 3835; x_wconf 89' lang='lat' dir='ltr'><strong>in</strong></span> <span class='ocrx_word' id='word_1_322' title='bbox 846 3779 906 3852; x_wconf 79' lang='lat' dir='ltr'><strong>Ep.</strong></span> <span class='ocrx_word' id='word_1_323' title='bbox 923 3780 952 3840; x_wconf 87' lang='lat'><strong>1.</strong></span> <span class='ocrx_word' id='word_1_324' title='bbox 970 3780 1012 3837; x_wconf 88' lang='lat' dir='ltr'><strong>ud</strong></span> <span class='ocrx_word' id='word_1_325' title='bbox 1029 3777 1166 3842; x_wconf 71' lang='lat' dir='ltr'><strong>Corinth.</strong></span> <span class='ocrx_word' id='word_1_326' title='bbox 1191 3799 1221 3838; x_wconf 89' lang='lat' dir='ltr'><strong>u.</strong></span> <span class='ocrx_word' id='word_1_327' title='bbox 1240 3782 1270 3842; x_wconf 81' lang='lat'><strong>2.</strong></span> <span class='ocrx_word' id='word_1_328' title='bbox 1288 3779 1327 3838; x_wconf 92' lang='lat' dir='ltr'><strong>T.</strong></span> <span class='ocrx_word' id='word_1_329' title='bbox 1347 3774 1399 3840; x_wconf 91' lang='lat'><strong>10.</strong></span> <span class='ocrx_word' id='word_1_330' title='bbox 1416 3797 1448 3858; x_wconf 87' lang='lat' dir='ltr'><strong>p.</strong></span> <span class='ocrx_word' id='word_1_331' title='bbox 1463 3773 1534 3838; x_wconf 72' lang='lat' dir='ltr'><strong>38ss</strong></span> 
     </span>
     <span class='ocr_line' id='line_1_35' title="bbox 342 3864 1534 3952; baseline -0.004 -24"><span class='ocrx_word' id='word_1_332' title='bbox 342 3870 450 3943; x_wconf 85' lang='lat' dir='ltr'><strong>Ipsam</strong></span> <span class='ocrx_word' id='word_1_333' title='bbox 465 3866 600 3927; x_wconf 88' lang='lat' dir='ltr'><strong>animam</strong></span> <span class='ocrx_word' id='word_1_334' title='bbox 631 3867 729 3944; x_wconf 78' lang='lat' dir='ltr'><strong>tanpit</strong></span> <span class='ocrx_word' id='word_1_335' title='bbox 743 3864 856 3952; x_wconf 90' lang='lat' dir='ltr'><strong>(Deus)</strong></span> <span class='ocrx_word' id='word_1_336' title='bbox 871 3868 989 3945; x_wconf 78' lang='lat' dir='ltr'><strong>pratia,</strong></span> <span class='ocrx_word' id='word_1_337' title='bbox 1014 3876 1042 3928; x_wconf 87' lang='lat' dir='ltr'><strong>et</strong></span> <span class='ocrx_word' id='word_1_338' title='bbox 1064 3869 1177 3928; x_wconf 86' lang='lat' dir='ltr'><strong>iiiinc</strong></span> <span class='ocrx_word' id='word_1_339' title='bbox 1198 3875 1389 3944; x_wconf 85' lang='lat' dir='ltr'><strong>peccatum</strong></span> <span class='ocrx_word' id='word_1_340' title='bbox 1414 3868 1534 3929; x_wconf 75' lang='lat' dir='ltr'><strong>eccll·</strong></span> 
     </span>
     <span class='ocr_line' id='line_1_36' title="bbox 343 3957 1534 4037; baseline 0.002 -21"><span class='ocrx_word' id='word_1_341' title='bbox 343 3957 543 4018; x_wconf 86' lang='lat' dir='ltr'><strong>radicitus.</strong></span> <span class='ocrx_word' id='word_1_342' title='bbox 568 3959 736 4033; x_wconf 89' lang='lat' dir='ltr'><strong>Propterea</strong></span> <span class='ocrx_word' id='word_1_343' title='bbox 752 3961 816 4037; x_wconf 75' lang='lat' dir='ltr'><strong>ejus</strong></span> <span class='ocrx_word' id='word_1_344' title='bbox 832 3958 967 4035; x_wconf 79' lang='lat' dir='ltr'><strong>quidem,</strong></span> <span class='ocrx_word' id='word_1_345' title='bbox 990 3960 1044 4036; x_wconf 81' lang='lat' dir='ltr'><strong>qui</strong></span> <span class='ocrx_word' id='word_1_346' title='bbox 1060 3968 1104 4020; x_wconf 85' lang='lat' dir='ltr'><strong>est</strong></span> <span class='ocrx_word' id='word_1_347' title='bbox 1126 3961 1274 4021; x_wconf 85' lang='lat' dir='ltr'><strong>dimissus</strong></span> <span class='ocrx_word' id='word_1_348' title='bbox 1292 3981 1311 4019; x_wconf 90' lang='lat' dir='ltr'><strong>a</strong></span> <span class='ocrx_word' id='word_1_349' title='bbox 1328 3962 1423 4035; x_wconf 83' lang='lat' dir='ltr'><strong>Repe,</strong></span> <span class='ocrx_word' id='word_1_350' title='bbox 1440 3957 1534 4019; x_wconf 68' lang='lat' dir='ltr'><strong>sorrfl</strong></span> 
     </span>
     <span class='ocr_line' id='line_1_37' title="bbox 343 4048 1534 4128; baseline -0.001 -18"><span class='ocrx_word' id='word_1_351' title='bbox 343 4053 414 4110; x_wconf 83' lang='lat' dir='ltr'><strong>dam</strong></span> <span class='ocrx_word' id='word_1_352' title='bbox 428 4049 530 4108; x_wconf 87' lang='lat' dir='ltr'><strong>uidere</strong></span> <span class='ocrx_word' id='word_1_353' title='bbox 546 4048 615 4109; x_wconf 87' lang='lat' dir='ltr'><strong>licet</strong></span> <span class='ocrx_word' id='word_1_354' title='bbox 629 4049 780 4111; x_wconf 85' lang='lat' dir='ltr'><strong>animam:</strong></span> <span class='ocrx_word' id='word_1_355' title='bbox 804 4052 870 4128; x_wconf 85' lang='lat' dir='ltr'><strong>ejus</strong></span> <span class='ocrx_word' id='word_1_356' title='bbox 885 4058 992 4120; x_wconf 84' lang='lat' dir='ltr'><strong>autem,</strong></span> <span class='ocrx_word' id='word_1_357' title='bbox 1010 4051 1064 4126; x_wconf 81' lang='lat' dir='ltr'><strong>qui</strong></span> <span class='ocrx_word' id='word_1_358' title='bbox 1080 4062 1126 4113; x_wconf 89' lang='lat' dir='ltr'><strong>est</strong></span> <span class='ocrx_word' id='word_1_359' title='bbox 1140 4052 1317 4127; x_wconf 85' lang='lat' dir='ltr'><strong>baptizatus,</strong></span> <span class='ocrx_word' id='word_1_360' title='bbox 1334 4051 1468 4124; x_wconf 85' lang='lat' dir='ltr'><strong>minim-e,</strong></span> <span class='ocrx_word' id='word_1_361' title='bbox 1482 4065 1534 4109; x_wconf 71' lang='lat' dir='ltr'><strong>sa</strong></span> 
     </span>
     <span class='ocr_line' id='line_1_38' title="bbox 342 4139 1534 4220; baseline 0 -21"><span class='ocrx_word' id='word_1_362' title='bbox 342 4140 443 4216; x_wconf 80' lang='lat' dir='ltr'><strong>ipsius</strong></span> <span class='ocrx_word' id='word_1_363' title='bbox 458 4139 535 4200; x_wconf 82' lang='lat' dir='ltr'><strong>solis</strong></span> <span class='ocrx_word' id='word_1_364' title='bbox 551 4140 652 4200; x_wconf 85' lang='lat' dir='ltr'><strong>radiis</strong></span> <span class='ocrx_word' id='word_1_365' title='bbox 671 4140 842 4216; x_wconf 88' lang='lat' dir='ltr'><strong>puriorem,</strong></span> <span class='ocrx_word' id='word_1_366' title='bbox 868 4149 895 4200; x_wconf 88' lang='lat' dir='ltr'><strong>et</strong></span> <span class='ocrx_word' id='word_1_367' title='bbox 918 4143 1021 4217; x_wconf 82' lang='lat' dir='ltr'><strong>qualis</strong></span> <span class='ocrx_word' id='word_1_368' title='bbox 1037 4142 1122 4220; x_wconf 88' lang='lat' dir='ltr'><strong>fuit</strong></span> <span class='ocrx_word' id='word_1_369' title='bbox 1142 4150 1322 4220; x_wconf 81' lang='lat' dir='ltr'><strong>penerata</strong></span> <span class='ocrx_word' id='word_1_370' title='bbox 1346 4144 1388 4201; x_wconf 91' lang='lat' dir='ltr'><strong>ab</strong></span> <span class='ocrx_word' id='word_1_371' title='bbox 1412 4139 1534 4202; x_wconf 77' lang='lat' dir='ltr'><strong>iatri·</strong></span> 
     </span>
     <span class='ocr_line' id='line_1_39' title="bbox 342 4231 1534 4310; baseline 0 -19"><span class='ocrx_word' id='word_1_372' title='bbox 342 4233 404 4293; x_wconf 85' lang='lat' dir='ltr'><strong>irno</strong></span> <span class='ocrx_word' id='word_1_373' title='bbox 419 4251 489 4292; x_wconf 88' lang='lat' dir='ltr'><strong>uero</strong></span> <span class='ocrx_word' id='word_1_374' title='bbox 506 4231 562 4290; x_wconf 85' lang='lat' dir='ltr'><strong>iiia</strong></span> <span class='ocrx_word' id='word_1_375' title='bbox 577 4251 693 4308; x_wconf 77' lang='lat' dir='ltr'><strong>quoque</strong></span> <span class='ocrx_word' id='word_1_376' title='bbox 709 4235 794 4309; x_wconf 82' lang='lat' dir='ltr'><strong>lonpe</strong></span> <span class='ocrx_word' id='word_1_377' title='bbox 810 4232 972 4294; x_wconf 82' lang='lat' dir='ltr'><strong>meliorem.</strong></span> <span class='ocrx_word' id='word_1_378' title='bbox 996 4234 1128 4294; x_wconf 84' lang='lat' dir='ltr'><strong>Fruitur</strong></span> <span class='ocrx_word' id='word_1_379' title='bbox 1152 4235 1231 4295; x_wconf 88' lang='lat' dir='ltr'><strong>enim</strong></span> <span class='ocrx_word' id='word_1_380' title='bbox 1254 4233 1391 4309; x_wconf 75' lang='lat' dir='ltr'><strong>Spiritu,</strong></span> <span class='ocrx_word' id='word_1_381' title='bbox 1409 4233 1462 4310; x_wconf 78' lang='lat' dir='ltr'><strong>qui</strong></span> <span class='ocrx_word' id='word_1_382' title='bbox 1475 4248 1534 4292; x_wconf 67' lang='lat' dir='ltr'><strong>uc·</strong></span> 
     </span>
     <span class='ocr_line' id='line_1_40' title="bbox 344 4316 1534 4400; baseline -0.002 -16"><span class='ocrx_word' id='word_1_383' title='bbox 344 4323 427 4384; x_wconf 80' lang='lat' dir='ltr'><strong>muni</strong></span> <span class='ocrx_word' id='word_1_384' title='bbox 441 4343 480 4383; x_wconf 81' lang='lat' dir='ltr'><strong>eu</strong></span> <span class='ocrx_word' id='word_1_385' title='bbox 489 4329 580 4398; x_wconf 85' lang='lat' dir='ltr'><strong>parte</strong></span> <span class='ocrx_word' id='word_1_386' title='bbox 596 4323 771 4397; x_wconf 75' lang='lat' dir='ltr'><strong>inflammat,</strong></span> <span class='ocrx_word' id='word_1_387' title='bbox 790 4331 819 4383; x_wconf 89' lang='lat' dir='ltr'><strong>et</strong></span> <span class='ocrx_word' id='word_1_388' title='bbox 833 4316 923 4400; x_wconf 81' lang='lat' dir='ltr'><strong>oupet</strong></span> <span class='ocrx_word' id='word_1_389' title='bbox 937 4325 1143 4386; x_wconf 87' lang='lat' dir='ltr'><strong>sanctitatem:</strong></span> <span class='ocrx_word' id='word_1_390' title='bbox 1161 4332 1190 4385; x_wconf 89' lang='lat' dir='ltr'><strong>et</strong></span> <span class='ocrx_word' id='word_1_391' title='bbox 1203 4324 1284 4384; x_wconf 88' lang='lat' dir='ltr'><strong>sicut</strong></span> <span class='ocrx_word' id='word_1_392' title='bbox 1298 4344 1409 4385; x_wconf 87' lang='lat' dir='ltr'><strong>aurum</strong></span> <span class='ocrx_word' id='word_1_393' title='bbox 1424 4330 1476 4383; x_wconf 87' lang='lat' dir='ltr'><strong>aut</strong></span> <span class='ocrx_word' id='word_1_394' title='bbox 1487 4336 1534 4382; x_wconf 68' lang='grc' dir='ltr'><strong>ατ</strong></span> 
     </span>
     <span class='ocr_line' id='line_1_41' title="bbox 342 4413 1534 4494; baseline -0.003 -18"><span class='ocrx_word' id='word_1_395' title='bbox 342 4422 463 4493; x_wconf 69' lang='lat' dir='ltr'><strong>ymbrem</strong></span> <span class='ocrx_word' id='word_1_396' title='bbox 486 4415 666 4491; x_wconf 85' lang='lat' dir='ltr'><strong>refundens,</strong></span> <span class='ocrx_word' id='word_1_397' title='bbox 689 4434 803 4490; x_wconf 86' lang='lat' dir='ltr'><strong>purum</strong></span> <span class='ocrx_word' id='word_1_398' title='bbox 820 4423 847 4475; x_wconf 88' lang='lat' dir='ltr'><strong>et</strong></span> <span class='ocrx_word' id='word_1_399' title='bbox 860 4436 970 4476; x_wconf 87' lang='lat' dir='ltr'><strong>nouum</strong></span> <span class='ocrx_word' id='word_1_400' title='bbox 982 4417 1068 4494; x_wconf 86' lang='lat' dir='ltr'><strong>facis</strong></span> <span class='ocrx_word' id='word_1_401' title='bbox 1086 4420 1199 4478; x_wconf 89' lang='lat' dir='ltr'><strong>denuo:</strong></span> <span class='ocrx_word' id='word_1_402' title='bbox 1224 4416 1270 4476; x_wconf 90' lang='lat' dir='ltr'><strong>ita</strong></span> <span class='ocrx_word' id='word_1_403' title='bbox 1293 4416 1382 4476; x_wconf 79' lang='lat' dir='ltr'><strong>artam</strong></span> <span class='ocrx_word' id='word_1_404' title='bbox 1405 4413 1534 4490; x_wconf 68' lang='lat' dir='ltr'><strong>Spiritu</strong></span> 
     </span>
     <span class='ocr_line' id='line_1_42' title="bbox 345 4504 1534 4586; baseline 0.003 -22"><span class='ocrx_word' id='word_1_405' title='bbox 345 4507 380 4570; x_wconf 79' lang='lat' dir='ltr'><strong>S.</strong></span> <span class='ocrx_word' id='word_1_406' title='bbox 396 4506 432 4565; x_wconf 90' lang='lat' dir='ltr'><strong>in</strong></span> <span class='ocrx_word' id='word_1_407' title='bbox 446 4505 609 4580; x_wconf 84' lang='lat' dir='ltr'><strong>Baptismo</strong></span> <span class='ocrx_word' id='word_1_408' title='bbox 632 4513 785 4582; x_wconf 82' lang='lat' dir='ltr'><strong>tamquam</strong></span> <span class='ocrx_word' id='word_1_409' title='bbox 808 4507 842 4567; x_wconf 91' lang='lat' dir='ltr'><strong>in</strong></span> <span class='ocrx_word' id='word_1_410' title='bbox 859 4508 991 4586; x_wconf 89' lang='lat' dir='ltr'><strong>fornace</strong></span> <span class='ocrx_word' id='word_1_411' title='bbox 1023 4528 1087 4568; x_wconf 87' lang='lat' dir='ltr'><strong>eam</strong></span> <span class='ocrx_word' id='word_1_412' title='bbox 1117 4509 1297 4585; x_wconf 82' lang='lat' dir='ltr'><strong>refundens,</strong></span> <span class='ocrx_word' id='word_1_413' title='bbox 1330 4515 1359 4567; x_wconf 90' lang='lat' dir='ltr'><strong>et</strong></span> <span class='ocrx_word' id='word_1_414' title='bbox 1385 4504 1534 4584; x_wconf 63' lang='lat' dir='ltr'><strong>peciafl</strong></span> 
     </span>
     <span class='ocr_line' id='line_1_43' title="bbox 344 4598 1534 4676; baseline -0.002 -19"><span class='ocrx_word' id='word_1_415' title='bbox 344 4616 577 4670; x_wconf 84' lang='lat' dir='ltr'><strong>consumens,</strong></span> <span class='ocrx_word' id='word_1_416' title='bbox 593 4604 627 4657; x_wconf 88' lang='lat' dir='ltr'><strong>ut</strong></span> <span class='ocrx_word' id='word_1_417' title='bbox 641 4598 748 4674; x_wconf 82' lang='lat' dir='ltr'><strong>quouis</strong></span> <span class='ocrx_word' id='word_1_418' title='bbox 764 4618 840 4658; x_wconf 88' lang='lat' dir='ltr'><strong>auro</strong></span> <span class='ocrx_word' id='word_1_419' title='bbox 851 4618 933 4674; x_wconf 86' lang='lat' dir='ltr'><strong>puro</strong></span> <span class='ocrx_word' id='word_1_420' title='bbox 954 4599 1070 4674; x_wconf 80' lang='lat' dir='ltr'><strong>purius</strong></span> <span class='ocrx_word' id='word_1_421' title='bbox 1081 4600 1210 4676; x_wconf 79' lang='lat' dir='ltr'><strong>fulpeat.</strong></span> <span class='ocrx_word' id='word_1_422' title='bbox 1227 4601 1362 4675; x_wconf 86' lang='lat' dir='ltr'><strong>Itemque</strong></span> <span class='ocrx_word' id='word_1_423' title='bbox 1378 4608 1534 4674; x_wconf 71' lang='lat' dir='ltr'><strong>corpore!</strong></span> 
     </span>
     <span class='ocr_line' id='line_1_44' title="bbox 344 4687 1534 4767; baseline 0.001 -21"><span class='ocrx_word' id='word_1_424' title='bbox 344 4688 592 4748; x_wconf 86' lang='lat' dir='ltr'><strong>resurrectionem</strong></span> <span class='ocrx_word' id='word_1_425' title='bbox 607 4688 679 4748; x_wconf 84' lang='lat' dir='ltr'><strong>binc</strong></span> <span class='ocrx_word' id='word_1_426' title='bbox 695 4709 811 4767; x_wconf 84' lang='lat' dir='ltr'><strong>quoque</strong></span> <span class='ocrx_word' id='word_1_427' title='bbox 826 4708 937 4749; x_wconf 85' lang='lat' dir='ltr'><strong>rursus</strong></span> <span class='ocrx_word' id='word_1_428' title='bbox 953 4690 1010 4750; x_wconf 88' lang='lat' dir='ltr'><strong>tibi</strong></span> <span class='ocrx_word' id='word_1_429' title='bbox 1019 4691 1104 4767; x_wconf 87' lang='lat' dir='ltr'><strong>facit</strong></span> <span class='ocrx_word' id='word_1_430' title='bbox 1114 4689 1295 4751; x_wconf 85' lang='lat' dir='ltr'><strong>credibilem.</strong></span> <span class='ocrx_word' id='word_1_431' title='bbox 1314 4687 1534 4767; x_wconf 73' lang='lat' dir='ltr'><strong>Narnqaoata·</strong></span> 
     </span>
     <span class='ocr_line' id='line_1_45' title="bbox 340 4779 1534 4856; baseline 0.001 -17"><span class='ocrx_word' id='word_1_432' title='bbox 340 4787 498 4856; x_wconf 85' lang='lat' dir='ltr'><strong>peccatum</strong></span> <span class='ocrx_word' id='word_1_433' title='bbox 507 4786 632 4840; x_wconf 83' lang='lat' dir='ltr'><strong>mortem</strong></span> <span class='ocrx_word' id='word_1_434' title='bbox 642 4779 754 4852; x_wconf 83' lang='lat' dir='ltr'><strong>intulit,</strong></span> <span class='ocrx_word' id='word_1_435' title='bbox 771 4782 963 4842; x_wconf 77' lang='lat' dir='ltr'><strong>exsiccata</strong></span> <span class='ocrx_word' id='word_1_436' title='bbox 979 4781 1106 4841; x_wconf 90' lang='lat' dir='ltr'><strong>radice</strong></span> <span class='ocrx_word' id='word_1_437' title='bbox 1121 4801 1182 4841; x_wconf 90' lang='lat' dir='ltr'><strong>non</strong></span> <span class='ocrx_word' id='word_1_438' title='bbox 1198 4781 1390 4856; x_wconf 85' lang='lat' dir='ltr'><strong>estamplius</strong></span> <span class='ocrx_word' id='word_1_439' title='bbox 1407 4779 1534 4842; x_wconf 76' lang='lat' dir='ltr'><strong>dubitur!</strong></span> 
     </span>
    </p>
   </div>
   <div class='ocr_carea' id='block_1_8' title="bbox 348 4863 1534 4951">
    <p class='ocr_par' dir='ltr' id='par_1_8' title="bbox 348 4863 1534 4951">
     <span class='ocr_line' id='line_1_46' title="bbox 348 4863 1534 4951; baseline 0.004 -21"><span class='ocrx_word' id='word_1_440' title='bbox 348 4874 420 4932; x_wconf 92' lang='lat' dir='ltr'><strong>dum</strong></span> <span class='ocrx_word' id='word_1_441' title='bbox 435 4874 472 4932; x_wconf 91' lang='lat' dir='ltr'><strong>dc</strong></span> <span class='ocrx_word' id='word_1_442' title='bbox 480 4872 609 4950; x_wconf 78' lang='lat' dir='ltr'><strong>fructus</strong></span> <span class='ocrx_word' id='word_1_443' title='bbox 624 4871 844 4951; x_wconf 78' lang='lat' dir='ltr'><strong>interitu—⁵)</strong></span> <span class='ocrx_word' id='word_1_444' title='bbox 857 4872 944 4936; x_wconf 77' lang='lat' dir='ltr'><strong>Cant.</strong></span> <span class='ocrx_word' id='word_1_445' title='bbox 957 4872 1077 4938; x_wconf 79' lang='lat' dir='ltr'><strong>Julian.</strong></span> <span class='ocrx_word' id='word_1_446' title='bbox 1094 4874 1113 4935; x_wconf 88' lang='lat' dir='ltr'><strong>l.</strong></span> <span class='ocrx_word' id='word_1_447' title='bbox 1126 4876 1154 4934; x_wconf 90' lang='lat'><strong>1.</strong></span> <span class='ocrx_word' id='word_1_448' title='bbox 1162 4893 1186 4935; x_wconf 90' lang='lat' dir='ltr'><strong>c.</strong></span> <span class='ocrx_word' id='word_1_449' title='bbox 1194 4875 1258 4939; x_wconf 72' lang='lat' dir='ltr'><strong>dn.</strong></span> <span class='ocrx_word' id='word_1_450' title='bbox 1265 4875 1315 4935; x_wconf 83' lang='lat'><strong>26.</strong></span> <span class='ocrx_word' id='word_1_451' title='bbox 1326 4874 1365 4934; x_wconf 91' lang='grc' dir='ltr'><strong>Τ.</strong></span> <span class='ocrx_word' id='word_1_452' title='bbox 1374 4868 1427 4936; x_wconf 89' lang='grc'><strong>10.</strong></span> <span class='ocrx_word' id='word_1_453' title='bbox 1434 4863 1534 4935; x_wconf 71' lang='lat' dir='ltr'><strong>ablb</strong></span> 
     </span>
    </p>
   </div>
   <div class='ocr_carea' id='block_1_9' title="bbox 0 0 1892 5625">
    <p class='ocr_par' dir='ltr' id='par_1_9' title="bbox 0 0 1892 5625">
     <span class='ocr_line' id='line_1_47' title="bbox 0 0 1892 5625; baseline 0 0"><span class='ocrx_word' id='word_1_454' title='bbox 0 0 1892 5625; x_wconf 95' lang='lat' dir='ltr'><strong> </strong></span> 
     </span>
    </p>
   </div>
  </div>
 </body>
</html>
