3775 5625
401 394 486 458 rius
501 393 734 479 Nyssenus3
751 393 878 469 concipi
892 398 924 452 et
938 392 1033 452 nasci
1047 391 1084 450 in
1099 390 1256 465 orinincti
1267 393 1414 466 pomata,
1431 384 1540 462 qnod
1553 397 1600 440 aa

401 508 521 568 Adam
538 506 742 581 traditur,
768 510 804 563 ut
818 497 1098 581 Hieronymus;
1115 502 1155 559 aa
1178 501 1273 560 initia
1287 515 1348 575 per
1359 500 1533 574 peccatam
1549 493 1600 550 ta·

400 634 480 693 pros
494 633 581 693 esse,
605 609 700 675 etiam
717 606 769 694 qui
785 627 804 671 a
819 605 989 690 baptizatis
1005 602 1191 689 parentibus
1208 601 1271 667 orti
1288 612 1378 675 sunt,
1400 610 1435 663 ut
1452 598 1599 683 Grego-

402 720 488 784 rius
504 721 609 792 Naz.;
630 718 768 803 illudque
790 737 859 779 coac
878 720 1061 778 homicidas
1083 719 1313 794 quodammodo
1336 712 1547 780 naturale,
1568 716 1602 767 ut
1655 770 1667 781 q

403 814 1478 914 iterum'l'ertullianus.InsuperHieronymusdisertetraditz
1498 815 1667 882 Unci-s

405 946 504 1005 anani
517 961 595 1002 aaa
611 949 841 1017 nascantur,
860 944 916 998 sed
927 938 1055 1014 fiant1).
1076 937 1179 1019 Atque
1195 934 1460 1021 Augustinus:
1477 927 1667 1005 Reae-s

301 1037 308 1062 '
404 1057 888 1125 neratasnonrayencrat
900 1048 1023 1119 filios
1039 1049 1189 1125 carnia,
1207 1052 1475 1126 acipensem
1492 1064 1533 1108 aa
1545 1064 1667 1123 pe-

405 1164 592 1239 noctneoo,
610 1178 686 1219 noa
701 1162 805 1235 qnod
818 1165 1088 1235 raqcneratas,
1107 1163 1178 1216 aad
1192 1163 1295 1235 qaod
1305 1165 1659 1244 qencrataacatz

406 1273 572 1348 trajicit.
605 1266 665 1329 Sic
686 1270 790 1343 iaitnr
814 1268 881 1325 sive
905 1284 981 1326 rens
1009 1268 1164 1341 infidelis,
1195 1270 1263 1328 sinc
1287 1272 1458 1332 adeotatae
1481 1271 1619 1345 βάριδι
1633 1323 1653 1351 ‚

406 1398 483 1443 non
506 1387 674 1456 pencrat
697 1380 903 1437 adnotatos
924 1384 1110 1455 aterque,
1139 1381 1204 1437 aad
1228 1395 1334 1439 reos:
1357 1385 1519 1456 quomado
1540 1395 1651 1448 non

407 1493 512 1549 aotam
532 1490 683 1563 oleastri,
711 1487 877 1545 sedetiam
894 1486 982 1545 oleae
998 1488 1119 1545 semina
1144 1505 1210 1546 aon
1238 1488 1327 1547 oleas
1344 1499 1528 1568 acuerant,
1552 1500 1650 1555 aed

407 1603 566 1658 oleastros
575 1594 610 1672 ²).
642 1591 725 1656 Addi
747 1602 883 1675 possent
906 1591 1002 1653 multa
1029 1589 1090 1653 alia
1112 1589 1227 1656 similia
1248 1593 1380 1657 Patrum
1401 1593 1640 1671 testimonia3

408 1706 466 1769 sed
482 1724 547 1767 non
563 1713 614 1766 est
637 1722 736 1785 opus,
761 1711 856 1785 quum
873 1700 966 1763 allata
982 1712 1070 1764 certe
1087 1698 1248 1765 sufficiant
1271 1702 1311 1766 ad
1334 1724 1535 1769 consensum
1549 1705 1641 1772 Pa-

408 1826 492 1877 trum
516 1812 764 1884 ostendendum,
788 1821 820 1873 et
841 1821 1009 1893 praeterea
1036 1830 1076 1873 ne
1098 1831 1181 1873 unus
1197 1808 1324 1895 quidem
1345 1833 1388 1876 ex
1407 1812 1470 1878 illis
1493 1814 1642 1880 adduci

408 1920 530 2007 possit,
555 1919 608 2005 qui
624 1931 737 1984 contra
753 1917 903 1982 senserit.

519 2038 547 2091 a.
564 2030 650 2092 Idem
673 2040 779 2091 autem
801 2047 925 2112 quoque
953 2047 995 2090 ex
1017 2027 1248 2093 consuetudine
1265 2028 1412 2116 antiquae
1439 2031 1640 2098 Ecclesiae

410 2140 562 2227 parvulos
584 2136 838 2202 Christianorum
858 2148 1027 2220 parentum
1042 2135 1224 2221 baptizandi
1247 2139 1415 2204 manifeste
1437 2140 1640 2229 colligitm.

412 2248 594 2314 Obtinuisse
619 2258 724 2310 autem
747 2247 871 2310 huncce
889 2267 982 2309 usum
997 2245 1028 2309 in
1050 2246 1176 2332 antiqua
1191 2246 1353 2323 Ecclesia,
1378 2248 1475 2314 dubio
1499 2253 1637 2324 vaca't3

411 2380 498 2433 nam,
515 2369 551 2421 ut
566 2378 662 2419 unum
678 2367 799 2419 tantum
815 2353 1035 2419 testimonium
1051 2377 1357 2433 commemoremus,
1382 2357 1406 2424 O
1415 2356 1637 2443 yprianus

411 2467 444 2530 in
461 2473 599 2547 epistota
621 2474 665 2527 aa
684 2467 804 2527 Fidum
830 2486 928 2549 supra
948 2464 1075 2529 laudata
1101 2478 1211 2550 aperte
1233 2467 1272 2530 de
1299 2466 1441 2551 parvulis
1469 2465 1636 2533 fidelium

413 2574 567 2661 loquitur,
599 2585 709 2657 utpote
733 2573 773 2637 de
795 2572 845 2637 his
866 2572 1105 2661 interrogatus3
1130 2573 1276 2639 infideles
1297 2575 1382 2640 enim
1412 2574 1500 2641 lilios
1532 2593 1634 2642 suos

411 2684 567 2771 baptizari
589 2696 680 2748 certo
697 2704 760 2746 non
782 2684 1000 2767 procurabant
1021 2695 1075 2747 aut
1092 2682 1239 2748 sinebant
1247 2685 1283 2765 ³).
1304 2689 1409 2772 Atque
1432 2686 1557 2771 pariter
1576 2683 1633 2746 de
1666 2699 1667 2704 ¹

412 2794 552 2860 fidelium
568 2790 741 2856 infantibus
758 2789 898 2877 loquitur
918 2789 1179 2879 Augustinus,
1209 2792 1261 2879 qui
1283 2792 1341 2859 ait:
1377 2795 1538 2875 Quisquis
1558 2795 1632 2855 di·-

413 2910 519 2985 acrit,
548 2903 635 2981 qaod
653 2907 689 2963 in
708 2901 840 2963 Olmiato
872 2904 1122 2976 vivificabantur
1144 2908 1240 2966 etiam
1265 2909 1418 2986 paranti,
1451 2911 1511 2984 qni
1543 2906 1635 2966 sine

413 3014 620 3077 Sacramenti
637 3015 708 3091 aas
720 3015 973 3091 participatione
988 3019 1026 3072 de
1043 3018 1111 3075 cita
1126 3025 1259 3095 coeant,
1278 3017 1332 3076 liic
1343 3017 1498 3092 profecto
1516 3022 1632 3078 totam

414 3132 606 3186 condemnat
619 3122 821 3194 Ecclesiam,
837 3126 893 3182 abi
905 3129 1078 3200 propterea
1094 3143 1175 3184 cam
1190 3128 1259 3203 bap
1269 3128 1447 3188 tinandia
1463 3135 1629 3204 parav·

415 3238 465 3294 tis
494 3224 733 3310 festinatur,
767 3234 845 3308 qaia
877 3236 947 3292 sina
976 3235 1073 3293 dnbio
1107 3237 1270 3315 creditur,
1308 3238 1438 3297 aliter
1474 3255 1544 3297 aaa
1580 3228 1628 3287 δ”

418 3340 1096 3418 Christovivificarinonposw).

524 3443 554 3507 3.
571 3442 714 3528 Denique
732 3443 875 3528 sequitur
892 3445 1011 3532 dogma
1026 3447 1105 3521 hoc,
1130 3457 1164 3509 ut
1180 3467 1278 3532 supra
1289 3448 1358 3532 jam
1379 3448 1623 3514 adnotavimus,

416 3551 604 3618 necessario
621 3572 664 3615 ex
680 3553 830 3639 dogmate
847 3554 1069 3637 praecedenti:
1094 3576 1167 3618 nam
1191 3578 1285 3642 qurum
1303 3578 1417 3623 omnes
1435 3559 1474 3624 ah
1492 3561 1621 3623 Adam⁰

418 3661 577 3748 originem
592 3660 744 3736 habeant,
768 3674 801 3726 et
822 3661 960 3747 primum
978 3665 1047 3748 ejus
1063 3677 1230 3747 peccatum
1245 3667 1456 3752 generatione
1483 3645 1620 3733 naaffssfi

417 3771 450 3834 in
467 3781 619 3854 posteros
636 3771 893 3835 transfundatur:
919 3793 1031 3837 omnes
1046 3774 1109 3837 hoo
1124 3787 1258 3857 peccato
1275 3777 1519 3855 commaculari,
1534 3760 1618 3842 satit

419 3876 625 3963 perspicuum
642 3891 701 3943 est.

524 3993 701 4050 Provocant
723 3993 842 4069 quidem
858 3989 1031 4052 calviniani
1052 3994 1202 4054 adversus
1224 3997 1336 4076 dogma
1358 3999 1555 4062 catholicum
1585 3975 1618 4042 *Δ

421 4102 521 4159 locum
537 4102 568 4158 in
584 4101 683 4176 priori
698 4102 838 4178 Epistola
855 4104 896 4161 ad
921 4103 1162 4176 Corinthios,
1179 4106 1231 4164 ubi
1245 4109 1414 4184 Apostolus
1438 4110 1499 4170 ait:
1531 4099 1619 4167 Sans·

530 4329 557 4416 ¹)
584 4336 642 4408 Ep.
661 4337 688 4395 7.
705 4338 746 4393 ad
761 4337 894 4397 Laetam.
911 4357 940 4398 n.
959 4339 987 4398 1.
1005 4335 1084 4418 opp.
1102 4339 1140 4399 T.
1160 4335 1187 4399 l.
1207 4360 1232 4398 o.
1258 4337 1335 4405 678.
1353 4377 1394 4386 -
1419 4337 1447 4427 ²)
1468 4346 1518 4405 De
1531 4335 1627 4419 pff·

425 4423 500 4500 arip.
517 4426 536 4484 l.
553 4428 583 4485 2.
599 4443 624 4485 s.
640 4427 690 4485 40.
707 4446 737 4487 a.
754 4428 804 4487 45.
822 4426 900 4507 Opp.
918 4428 956 4488 T.
975 4423 1027 4489 10.
1045 4449 1069 4489 c.
1087 4426 1163 4491 273.
1181 4429 1227 4494 Of.
1244 4434 1294 4490 Dc
1308 4451 1389 4509 paco.
1411 4453 1487 4498 incr.
1503 4441 1531 4494 cl
1542 4426 1631 4489 rm·

426 4517 445 4576 l.
461 4517 490 4576 3.
508 4535 532 4575 c.
549 4516 577 4575 9.
594 4534 624 4575 n.
642 4518 690 4576 17.
709 4537 733 4575 c.
753 4513 805 4578 79.
823 4552 864 4560 —
883 4517 908 4597 ³)
925 4516 970 4579 Of.
988 4516 1137 4597 Origen.
1154 4522 1245 4582 Han.
1255 4523 1284 4583 8.
1300 4522 1335 4581 in
1350 4525 1424 4587 Lea.
1440 4545 1472 4588 n.
1488 4530 1518 4589 3.
1534 4514 1640 4585 Oli·

427 4601 465 4666 T.
482 4601 512 4667 2.
529 4626 559 4686 p.
575 4601 651 4670 230.
670 4642 710 4650 -
730 4605 756 4682 4)
773 4608 832 4681 Ea.
850 4609 918 4670 157.
935 4611 976 4667 ad
991 4608 1117 4672 Hieron.
1134 4631 1164 4673 n.
1182 4615 1231 4672 21.
1249 4612 1287 4672 T.
1304 4609 1337 4678 2.
1354 4635 1380 4680 c.
1397 4610 1477 4679 592.
