3775 5625
1467 442 1533 508 265

347 614 450 689 ipsum
468 613 607 671 Verbum
623 611 778 681 divinum,
795 628 850 668 scu
872 610 1015 668 divinitas
1037 610 1143 668 Verbo
1163 610 1367 678 identificatur,
1388 628 1465 686 quae
1482 629 1533 668 na·

346 732 449 781 turam
466 722 625 779 humanam
641 720 756 790 delinit,
773 729 864 793 atque
881 719 909 776 ei
927 719 1053 790 tribuit,
1076 727 1109 778 ut
1125 737 1180 794 per
1197 737 1231 777 so
1248 719 1392 787 exsistat,
1408 728 1440 777 ot
1455 720 1533 796 quod

346 830 408 888 sibi
425 839 665 887 consentaneum
684 838 753 896 est,
771 836 917 903 operetur
924 848 934 897 3
960 836 1051 904 atque
1067 827 1135 884 ideo
1151 827 1219 902 ipsa
1235 846 1294 887 uua
1310 817 1344 882 sb
1366 819 1535 902 ἡγεμονικὸν

345 938 485 1011 ejusdem
503 946 562 1004 est,
579 954 638 993 non
656 936 774 1012 quidem
791 935 849 993 boc
866 953 970 1013 sensu,
987 934 1075 1010 quasi
1091 934 1169 993 alius
1186 934 1223 993 ab
1252 935 1311 993 alio
1328 935 1465 998 directus
1482 936 1533 1004 sit,

346 1056 381 1104 ut
398 1045 575 1122 Prophetae
591 1061 610 1101 a
626 1044 746 1121 Spiritu
764 1043 811 1113 8.,
828 1044 883 1101 sed
899 1044 942 1101 ita
957 1053 990 1101 ut
1009 1042 1152 1101 Christus
1167 1045 1254 1102 Deus
1272 1043 1338 1102 sine
1356 1045 1417 1102 ulla
1436 1054 1533 1103 muta·

346 1155 431 1212 tione
448 1153 538 1211 homo
555 1152 656 1210 iaetus
688 1162 850 1227 utrumque
874 1152 981 1219 obeat,
1009 1150 1039 1209 h.
1056 1169 1083 1209 e.
1102 1160 1133 1208 et
1149 1169 1208 1227 qua
1224 1153 1311 1210 Deus
1328 1161 1535 1211 consentanea

346 1262 501 1322 divinitati
511 1280 585 1318 suae
596 1261 681 1329 velit,
689 1270 721 1317 ot
733 1270 766 1318 ut
782 1260 870 1317 homo
883 1268 1008 1317 naturae
1026 1277 1101 1317 snae
1112 1259 1259 1318 humanae
1270 1260 1533 1335 convenientia1).

346 1375 406 1431 list
421 1370 541 1446 quidem
558 1379 668 1427 natura
692 1368 823 1427 humana
846 1353 971 1441 bpyoerov
987 1377 1115 1426 naturae
1133 1369 1267 1439 (livinae,
1288 1388 1343 1444 per
1360 1369 1438 1446 quod
1455 1367 1532 1427 haec

347 1488 505 1554 operatur,
521 1496 597 1554 quae
614 1478 651 1536 ad
667 1480 797 1537 salutem
814 1486 952 1535 nostram
965 1472 1161 1548 referuntur3
1179 1487 1311 1537 attamen
1327 1468 1453 1553 ὄργανον
1468 1477 1526 1535 hoc

348 1598 397 1646 est
421 1586 489 1661 ejus
514 1588 689 1663 proprium,
720 1605 779 1645 non
801 1586 951 1654 alienum,
970 1586 1015 1645 uti
1038 1605 1150 1663 eorpus
1172 1587 1329 1662 proprium
1346 1586 1456 1644 mentis
1474 1594 1533 1657 est,

348 1715 425 1773 qnae
436 1713 609 1753 sermonem
621 1695 742 1753 interne
759 1703 941 1768 conceptum
955 1711 1011 1768 per
1027 1694 1101 1752 illud
1119 1695 1246 1754 vocibus
1263 1712 1300 1753 ae
1318 1693 1444 1767 syllabis
1462 1712 1532 1752 con·

348 1814 482 1863 stantem
514 1803 710 1861 extrinsecus
741 1799 947 1876 profundit²).
976 1834 1018 1844 -
1052 1800 1245 1877 Quapropter
1262 1803 1311 1873 fit,
1328 1811 1377 1869 ut,
1395 1802 1533 1877 quamvis

348 1922 488 1989 spectato
509 1911 659 1987 principio
682 1910 916 1968 determinativo
943 1928 996 1967 seu
1019 1911 1156 1969 elicitivo
1172 1911 1202 1968 in
1221 1910 1346 1969 Christo
1368 1910 1445 1968 aliae
1462 1920 1534 1969 sunt
1613 1954 1615 1957 -

348 2023 488 2081 artiones
505 2020 603 2078 ‹livin
614 2038 674 2089 ae,
691 2029 725 2076 ut
741 2019 869 2088 creatio,
887 2027 956 2088 eto,
974 2020 1052 2076 aliae
1068 2019 1149 2077 hum
1160 2038 1177 2077 a
1188 2038 1270 2088 nae,
1295 2028 1329 2077 ut
1345 2019 1432 2076 luere
1449 2020 1533 2079 locu·

348 2131 401 2199 tio,
436 2129 596 2195 comestio,
627 2129 738 2198 fletus,
769 2128 873 2204 passio
895 2137 972 2206 eto,
1004 2128 1083 2185 aliae
1101 2128 1219 2186 demum
1237 2129 1395 2196 mixtae,
1416 2136 1534 2186 utcum

349 2240 494 2297 Christus
521 2246 665 2295 contactu
688 2236 836 2295 miracula
856 2245 1008 2315 patraret,
1034 2245 1127 2312 prout
1150 2237 1273 2295 scilicet
1293 2237 1395 2295 divina
1412 2245 1463 2294 aut
1479 2236 1532 2293 bu·

343 2366 437 2408 mana
461 2355 571 2403 natura
595 2355 647 2403 aut
663 2355 794 2422 utraque
812 2346 848 2402 ad
866 2345 1013 2402 actionem
1032 2345 1201 2414 concurrit,
1219 2356 1319 2403 tamen
1338 2345 1533 2420 operationes

344 2468 408 2516 tam
425 2465 556 2513 naturae
572 2453 722 2512 humanae
738 2455 858 2512 ratione
875 2454 996 2512 intimae
1014 2471 1083 2512 cum
1100 2463 1210 2513 natura
1228 2454 1329 2511 divina
1346 2453 1532 2528 conjunctio·

344 2567 396 2623 nis
413 2574 444 2621 et
461 2562 626 2638 praecipue
644 2562 763 2619 rationo
774 2562 916 2638 principii
927 2562 1253 2637 operantis,personae
1265 2562 1386 2621 scilieet
1403 2562 1533 2631 divinae,

345 2692 436 2751 quam
455 2682 582 2729 naturae
599 2670 732 2740 divinae,
748 2689 855 2728 verum
872 2670 930 2728 hae
960 2681 1075 2729 tantum
1092 2681 1218 2746 propter
1234 2671 1324 2729 istius
1339 2690 1407 2729 curn
1424 2681 1534 2729 natura

343 2783 479 2842 humana
490 2779 745 2854 conjunctionem,
762 2798 817 2856 pro
830 2797 888 2856 qna
900 2779 975 2840 hanc
984 2789 1125 2856 penetrat
1141 2780 1228 2856 eique
1240 2780 1462 2840 communicata
1473 2788 1533 2848 cst,

344 2883 527 2960 θεανδρικαῐ
543 2889 604 2947 (lici
619 2897 749 2963 possunt
770 2897 801 2946 et
822 2888 913 2945 etiam
931 2887 1070 2946 dicuntur
1079 2911 1087 2957 ;
1113 2871 1251 2964 quamvis
1269 2907 1363 2946 sensu
1380 2888 1535 2948 strictiori

346 3019 384 3058 ac
403 2997 527 3073 proprio
543 3015 603 3054 vox
619 2997 697 3055 haec
715 3007 831 3054 tautum
849 2997 884 3054 de
902 2997 1072 3054 actionibus
1089 2997 1191 3054 mixtis
1203 3007 1272 3055 ante
1285 2997 1531 3055 commemoratis

343 3107 539 3167 adhibeatur.
577 3104 641 3179 Quo
663 3123 756 3163 seusu
789 3106 880 3162 etiam
914 3105 971 3164 SS.
1003 3107 1116 3163 Patres
1147 3105 1307 3163 humanam
1341 3115 1479 3163 naturam
1502 3113 1533 3161 et

346 3211 489 3288 ἐνέργειαν
505 3213 626 3271 Christi
644 3213 767 3272 Domini
784 3213 944 3272 deificatas
958 3232 1028 3270 esse
1045 3214 1167 3284 docent,
1184 3214 1323 3289 quoniam
1342 3231 1409 3270 cum
1427 3213 1533 3270 Verbo

352 3319 455 3376 (livino
477 3322 636 3396 copulatae
662 3331 735 3380 sunt
761 3331 792 3378 et
824 3321 890 3396 ejus
906 3321 1047 3397 propriae
1069 3320 1179 3378 sactae.
1220 3324 1260 3378 Et
1277 3322 1394 3396 quidem
1412 3329 1533 3389 natura,

351 3428 422 3502 quia
438 3446 494 3503 per
511 3447 556 3498 se,
573 3439 614 3498 ct,
631 3440 666 3486 ut
682 3430 857 3506 loquuntur,
869 3428 1039 3486 formaliter
1051 3431 1164 3487 affecta
1180 3438 1229 3486 est
1241 3428 1333 3486 divini
1349 3428 1448 3486 Verbi
1463 3446 1533 3503 pro·

349 3535 495 3610 prietate,
515 3537 562 3610 (h.
579 3557 606 3597 c.
624 3538 734 3596 naturai
750 3535 881 3612 ipsamet
896 3536 1006 3607 (livini,
1018 3538 1123 3596 Verbo
1133 3538 1395 3608 subsistentiata),
1413 3535 1471 3611 qui
1488 3545 1535 3593 est

347 3643 378 3700 iu
397 3645 515 3714 Verbo,
533 3655 564 3704 et
580 3646 646 3721 ejus
663 3647 813 3723 peculiari
829 3647 915 3706 modo
936 3646 1132 3718 subsistendi,
1150 3647 1239 3724 quasi
1256 3645 1374 3714 furora,
1392 3644 1535 3703 termina·

463 3951 488 4028 ¹)
504 3950 549 4012 cf.
578 3950 611 4011 J.
633 3951 799 4011 Damaso.
831 3955 880 4011 De
899 3953 1020 4030 forth.
1041 3955 1060 4014 l.
1082 3956 1112 4012 3.
1130 3973 1153 4014 o.
1173 3954 1221 4012 15.
1255 3948 1293 4013 T.
1313 3949 1341 4012 1.
1357 3973 1387 4030 p.
1405 3947 1480 4013 232.
1497 3950 1535 4012 Α.

353 4035 524 4100 235.D.E.
542 4077 584 4085 -
603 4041 686 4121 ²)Of.
704 4041 885 4102 Athenas.
905 4042 953 4101 Or.
970 4047 1000 4104 4.
1018 4051 1093 4107 cont.
1111 4042 1225 4107 Arion.
1239 4063 1269 4100 n.
1287 4044 1337 4102 36.
1355 4039 1433 4120 Opp.
1451 4037 1490 4100 T.
1509 4042 1536 4099 1.

351 4151 382 4208 p.
417 4126 493 4190 645.
514 4129 654 4210 cyrill.
687 4132 790 4191 Alex.
823 4134 871 4191 De
902 4136 1021 4194 Inearn.
1054 4132 1132 4213 Opp.
1166 4128 1206 4194 T.
1240 4131 1269 4192 1.
1299 4133 1336 4190 Ρ.
1356 4130 1384 4190 1.
1415 4151 1445 4210 p.
1463 4128 1538 4192 692.

354 4221 467 4280 Basil.
502 4221 787 4281 HominSfflm.
819 4242 918 4298 ρεπεν.
935 4244 961 4285 a.
981 4228 1015 4283 2:
1037 4221 1116 4302 Opp.
1135 4220 1260 4300 T.t..p.
1278 4218 1354 4282 596.
1387 4219 1535 4299 Gregor.

353 4311 434 4370 Naz.
455 4312 508 4369 Or.
526 4315 576 4373 36.
595 4310 675 4392 Opp.
693 4309 732 4372 T.
753 4311 781 4373 1.
798 4333 824 4377 c.
840 4310 907 4374 524
922 4314 957 4376 D.
989 4348 1031 4359 -
1064 4309 1090 4398 3)
1109 4313 1154 4372 uf.
1172 4313 1246 4372 Leo
1262 4312 1303 4375 Μ.
1321 4310 1422 4392 quiin
1436 4311 1537 4384 Epist.

353 4405 405 4460 10.
423 4421 449 4462 c.
466 4404 495 4459 4.
514 4400 594 4481 Opp.
611 4425 641 4482 p.
661 4400 726 4462 244
743 4405 799 4462 ait:
824 4404 898 4480 Apis
911 4411 1031 4478 emaque
1045 4410 1157 4462 natura
1181 4423 1248 4462 cum
1272 4401 1396 4461 alterins
1412 4421 1539 4460 comanu-

352 4490 455 4559 ne'one,
475 4497 660 4564 puncianum
677 4493 899 4571 eotGrcgor.
922 4496 1026 4573 Nyso.
1046 4495 1133 4554 Oont.
1144 4495 1274 4553 Ennom.
1297 4495 1426 4552 Eunoen.
1444 4492 1495 4550 Or.
1510 4494 1538 4547 4.

354 4579 382 4640 Ο
386 4603 439 4659 pp.
457 4579 497 4642 T.
515 4581 546 4642 2.
564 4606 594 4662 p.
612 4581 688 4644 589.
706 4587 769 4642 Per
785 4604 947 4660 compapeu.
973 4592 1000 4643 et
1021 4605 1130 4645 nemum
1152 4586 1355 4662 (naturarum)
1374 4581 1541 4641 communia

353 4671 435 4744 fiunt
454 4680 594 4748 utruque,
623 4675 757 4734 Domino
779 4675 902 4734 serviles
924 4675 1029 4734 vibices
1046 4682 1227 4746 acconense,
1249 4681 1376 4734 ciserno
1392 4671 1541 4730 dominico

353 4765 474 4914 Ιιοηῖοέἕ
492 4765 678 4913 S,cplore'ficmto
710 4765 742 4824 J.
773 4767 938 4827 Damaso.
964 4768 1013 4825 De
1044 4766 1093 4837 fid.
1116 4767 1193 4826 orth.
1225 4768 1244 4826 l.
1268 4769 1297 4825 3.
1321 4784 1346 4823 o.
1371 4765 1421 4824 15.
1448 4759 1486 4823 Τ.
1512 4761 1540 4826 l.

353 4876 387 4934 p.
516 4877 531 4913 ·.
