3775 5625
1458 423 1520 496 151

263 608 418 664 Deus
448 593 580 663 lateat,
612 610 680 653 eum
712 602 823 653 natura
844 593 1044 668 parvulorum
1068 594 1168 652 aDeu
1200 593 1325 672 integra
1355 594 1439 655 lacta
1470 596 1521 669 sit,

263 716 326 775 ι)
338 724 418 766 eus
434 705 517 764 nulla
532 704 652 763 ratione
670 720 765 763 eausa
779 702 902 779 peccati
918 702 979 764 dici
994 712 1098 778 potest
1113 700 1149 776 ¹).

434 809 467 876 4.
490 813 710 901 Si'peceatum
731 811 888 891 originale
910 829 967 887 per
989 811 1224 889 generationem
1241 811 1418 873 traheretur
1435 833 1453 874 a
1469 833 1521 891 pa·

268 924 488 990 remulus:
520 923 632 982 malum
657 923 767 983 saltem
784 931 870 980 esset
886 919 1080 999 conjugium,
1103 921 1211 998 quippe
1229 922 1308 998 quod
1325 933 1411 983 esset
1428 943 1523 988 causa

236 1100 238 1110 ¹
272 1032 466 1117 peceati3
483 1050 575 1109 quum
591 1040 694 1092 tamen
711 1030 834 1107 nuptiae
851 1048 869 1089 a
884 1030 952 1088 Deo
969 1029 1146 1099 institutae,
1173 1030 1308 1109 adeoque
1325 1032 1355 1094 in
1373 1051 1408 1091 se
1424 1033 1522 1094 bonae

278 1146 442 1215 sinv).
475 1175 518 1186 —
548 1142 595 1201 Ad
618 1141 698 1202 haue
722 1139 927 1215 objectionem
944 1139 1068 1218 Pelagii
1090 1139 1250 1216 respondit
1280 1142 1523 1220 Augustinus

281 1252 446 1316 luobus
461 1251 562 1321 libris,
579 1268 654 1328 quos
671 1249 834 1327 inscripsit
850 1249 889 1308 de
905 1248 1028 1327 nuptiis
1044 1254 1078 1308 et
1098 1252 1368 1327 concupiscentia.
1396 1251 1523 1313 Summa

287 1361 493 1425 solutionis
508 1359 585 1420 haec
607 1369 675 1429 est,
701 1378 760 1418 non
778 1377 849 1418 esse
865 1377 929 1435 per
945 1377 984 1422 se.
1003 1377 1041 1418 ex
1063 1358 1220 1437 conjugio,
1242 1359 1321 1435 quod
1342 1361 1446 1436 proles
1469 1379 1522 1422 na·

292 1480 437 1535 icatur
453 1488 523 1535 cum
539 1480 679 1547 peceato,
696 1469 750 1529 aed
766 1488 833 1545 per
850 1468 1042 1530 accidens.
1067 1469 1133 1526 llon
1152 1469 1231 1527 enirn
1248 1469 1316 1528 ideo
1333 1471 1437 1545 proles
1455 1488 1524 1531 eum

294 1590 457 1658 peccato
490 1579 649 1648 nascitur,
681 1578 752 1655 quia
777 1596 816 1637 ex
840 1578 1055 1652 conjunctione
1078 1577 1139 1636 viri
1155 1587 1186 1638 et
1202 1578 1353 1637 foeminae
1371 1580 1522 1650 nascitur,

298 1690 409 1766 ruod
425 1699 475 1750 eat
489 1689 647 1765 proprium
664 1687 812 1765 conjugii,
829 1688 885 1746 sed
902 1687 973 1764 quia
990 1688 1105 1749 accidit
1126 1697 1256 1749 naturae
1273 1707 1329 1765 par
1346 1689 1522 1767 conjugium

301 1798 560 1878 propagandae,
577 1806 612 1857 ut
627 1815 645 1856 a
660 1796 758 1873 primo
775 1806 905 1873 parente
922 1806 1069 1873 corrupta
1086 1815 1122 1856 ac
1138 1797 1248 1858 vitiata
1264 1797 1314 1856 sit.
1333 1797 1435 1873 Quare
1452 1816 1523 1859 oon·

302 1905 419 1985 juges
451 1909 522 1967 dum
545 1907 626 1966 filios
652 1907 801 1986 gignunt,
834 1915 977 1966 naturam
994 1906 1115 1983 quidem
1131 1907 1271 1968 vitiatam
1289 1925 1325 1968 ae
1344 1916 1522 1984 corruptam

234 2059 235 2100 p
304 2026 518 2095 propagant,
549 2016 604 2078 sed
626 2015 693 2091 ejus
710 2015 922 2092 corruptionis
944 2016 1033 2092 eulpa
1049 2034 1108 2073 non
1127 2016 1266 2108 adipson
1283 2016 1387 2086 modo,
1409 2016 1464 2075 sed
1486 2016 1523 2075 ad

234 2107 241 2176 f·
303 2124 460 2196 primum
476 2125 627 2185 hominem
644 2124 779 2201 pertinet
790 2120 831 2196 8).
854 2124 914 2183 Ubi
931 2124 1011 2185 enim
1029 2125 1140 2184 malurn
1157 2124 1188 2183 vi
1205 2125 1337 2191 actionis
1350 2124 1448 2201 ipsius
1465 2143 1524 2185 non

234 2223 236 2298 l
304 2234 540 2312 consequitur,
557 2233 657 2304 homo,
675 2236 711 2293 oh
730 2236 841 2293 malum
858 2234 933 2294 illud
951 2232 1090 2294 cumbae
1104 2233 1310 2309 conjunctum,
1327 2253 1395 2296 cum
1407 2234 1525 2309 justam

234 2317 238 2372 1
303 2334 423 2406 tabet
448 2344 532 2419 juris
556 2345 605 2402 sui
622 2342 828 2421 prosequendi
843 2361 970 2404 eausam
980 2388 989 2423 ,
1015 2344 1265 2420 quemadmodum
1281 2344 1312 2403 in
1327 2352 1401 2404 'aetu
1418 2343 1524 2404 matri·

303 2453 456 2514 moniali
470 2453 724 2531 propagationem
743 2453 871 2531 generis
887 2452 1020 2534 humani,
1036 2453 1146 2513 honum
1164 2462 1304 2525 naturas,
1322 2454 1360 2512 al)
1377 2452 1526 2527 ejusmodi

303 2562 453 2623 actione
471 2562 630 2622 abstinere
646 2561 727 2621 haud
743 2571 878 2621 tenetur.

435 2685 467 2751 5.
484 2691 586 2767 Saepe
603 2690 654 2767 qui
670 2690 784 2771 gignit,
801 2709 819 2750 a
835 2701 965 2768 peccato
976 2691 1167 2766 justificatus
1185 2700 1249 2762 est3
1276 2709 1335 2768 quo
1356 2700 1447 2768 paeto
1464 2689 1524 2770 igi·

234 2765 236 2804 *
303 2799 381 2856 ltu·
399 2799 516 2876 trajicit
531 2811 692 2877 peccatum
708 2800 739 2859 in
756 2800 861 2871 filium,
879 2802 958 2879 quod
975 2801 1041 2878 ipse
1059 2819 1118 2862 non
1139 2796 1292 2875 habet⁴)t
1311 2835 1352 2846 —
1368 2800 1415 2860 nd
1432 2818 1525 2879 argu·

302 2919 467 2971 mentum
483 2909 541 2970 hoe
558 2911 728 2987 respondet
748 2911 828 2971 idem
853 2907 1151 2991 Augustinus⁵),
1168 2911 1197 2970 id
1215 2911 1322 2971 eodern
1338 2910 1428 2970 modo
1444 2913 1525 2985 lieri,

303 3028 391 3086 tuo
406 3040 444 3081 ex
460 3020 542 3080 dulci
558 3019 638 3080 oliva
654 3038 778 3080 amarus
795 3022 934 3082 nascitur
953 3023 1105 3091 oleaster,
1129 3039 1223 3098 quare
1241 3029 1342 3081 autern
1359 3021 1389 3079 id
1406 3022 1470 3102 fiat,
1488 3021 1524 3080 ad

304 3130 479 3197 mysteria
498 3132 548 3189 vel
580 3140 710 3190 naturae
734 3132 785 3190 vel
801 3131 965 3210 religionis
981 3131 1150 3207 pertinere.
1176 3131 1315 3190 Generat
1332 3131 1412 3189 enirn
1433 3130 1524 3190 horno

247 3318 249 3323 Ι
304 3226 392 3297 sibi
415 3239 546 3298 similem
570 3239 602 3297 in
624 3239 744 3315 specie,
772 3258 830 3298 non
847 3240 878 3298 in
895 3240 1061 3310 individuo,
1078 3239 1137 3300 hoe
1154 3249 1214 3316 est,
1233 3239 1439 3302 communicat
1455 3257 1524 3300 curn

304 3335 405 3418 flio,
421 3367 498 3426 qnae
515 3348 870 3410 totinaturaehumanae
881 3349 1144 3418 communiasunt,
1162 3367 1220 3407 non
1232 3367 1278 3422 ea,
1295 3349 1450 3426 quaesibi
1471 3367 1523 3409 ac·

305 3452 465 3528 anteivit,
483 3475 619 3535 quaeque
636 3458 696 3517 sibi
712 3468 746 3518 ut
762 3459 817 3518 tali
832 3478 986 3535 personae
1003 3459 1197 3519 conveniunt.
1229 3460 1301 3517 Jarn
1317 3457 1416 3537 igitur
1432 3458 1524 3518 homo

300 3550 530 3637 insinuatus,
563 3585 630 3627 cnm
652 3568 746 3627 lilium
768 3569 889 3648 gignit,
922 3587 982 3628 non
1001 3569 1207 3630 communicat
1224 3587 1291 3628 eum
1309 3571 1345 3627 eo
1358 3567 1523 3643 justitiam,

304 3678 408 3736 tuas
424 3686 472 3736 est
488 3677 633 3738 accidens
650 3670 824 3754 personale,
843 3679 897 3738 sed
914 3688 1065 3750 naturam,
1083 3679 1182 3756 qualis
1199 3678 1295 3738 estin
1313 3697 1347 3737 se
1364 3687 1435 3755 post
1450 3694 1522 3753 pec·

241 3768 243 3773 ¹
281 3854 284 3874 Ι
306 3787 444 3854 ratum,
462 3804 499 3845 ea
514 3805 590 3845 vero
608 3798 756 3864 corrupta
773 3798 804 3848 et
819 3788 929 3849 vitiata
947 3785 1044 3862 est‘).

433 3909 465 3974 6.
482 3914 519 3972 Si
548 3925 712 3991 peceatum
735 3916 890 3996 originale
913 3917 950 3977 ad
967 3926 1109 3976 naturam
1133 3917 1295 3976 humanam
1311 3917 1465 3994 pertinet,
1492 3926 1524 3976 et

306 4004 400 4078 ideo
419 4041 475 4099 per·
497 4027 732 4103 generationem
749 4027 988 4096 transfunditur,
1006 4036 1092 4086 certe
1110 4028 1251 4086 naturale
1268 4026 1375 4086 vitium
1393 4037 1458 4098 est3
1475 4036 1521 4086 at·

313 4179 547 4206 M
616 4188 618 4193 ·

437 4299 464 4380 ¹)
485 4295 532 4361 Of.
549 4298 744 4379 Angustia.
764 4299 821 4378 Op
843 4299 916 4374 imp.
935 4306 1011 4360 conl.
1033 4299 1153 4361 Julian.
1172 4303 1192 4360 l.
1207 4287 1239 4375 5.
1256 4321 1282 4365 e,
1300 4302 1349 4361 62.
1368 4301 1407 4363 T.
1426 4277 1522 4362 lOsc.

322 4369 426 4449 1282.
455 4389 590 4450 Wiest.
619 4390 723 4455 Instit.
746 4392 832 4449 tlreol.
856 4392 894 4452 Τ.
917 4387 949 4453 5.
967 4389 1014 4452 ed.
1034 4391 1163 4470 Ingolst.
1191 4388 1288 4453 1139.
1305 4412 1335 4470 p.
1355 4387 1419 4452 i99
1437 4411 1461 4454 s,
1480 4426 1522 4434 -
1632 4397 1634 4401 ’

325 4461 349 4538 ¹)
371 4469 503 4560 Pelag.
522 4500 569 4560 ap.
587 4479 790 4561 Angustia:
813 4485 864 4541 De
879 4487 963 4559 nupt.
986 4489 1014 4540 et
1033 4501 1156 4558 concup.
1175 4485 1194 4542 l.
1212 4480 1242 4544 2.
1260 4503 1285 4546 c.
1302 4485 1352 4542 26.
1369 4497 1399 4542 n.
1415 4484 1465 4542 40.
1483 4481 1521 4540 T.

325 4548 379 4619 10.
407 4587 431 4633 e.
455 4569 532 4634 321.
558 4607 599 4616 —
625 4573 652 4654 ³)
676 4571 721 4635 Of.
744 4572 951 4633 Bellarmin
967 4572 987 4634 l.
1004 4593 1030 4634 c.
1047 4594 1076 4633 n.
1095 4577 1122 4636 7.
1138 4594 1208 4654 pag.
1228 4569 1302 4635 130.
1336 4610 1377 4619 -
1412 4577 1442 4645 ⁴)
1459 4571 1521 4632 Pe·

324 4640 447 4742 hgdtp.
462 4662 650 4741 Augustin.
667 4666 715 4723 De
726 4684 807 4739 pecc.
823 4683 896 4728 mer.
913 4672 941 4724 et
956 4665 1074 4726 remiss.
1092 4667 1111 4726 l.
1128 4668 1157 4724 3.
1176 4685 1200 4728 c.
1226 4669 1255 4727 8.
1278 4685 1309 4724 n.
1332 4667 1382 4736 16,
1405 4664 1444 4725 Τ.
1469 4660 1521 4724 10.

323 4731 398 4809 ⁰78
417 4772 443 4835 ᾳ,
460 4791 505 4801 -
522 4753 549 4835 ⁶)
567 4757 713 4830 Denupt.
732 4762 897 4833 elconeup.
915 4758 934 4817 l.
954 4758 983 4827 1,
1000 4776 1023 4818 c.
1048 4757 1097 4817 19.
1119 4777 1148 4818 n.
1173 4759 1222 4817 21.
1246 4753 1326 4839 Opp.
1349 4756 1388 4823 Τ.
1416 4749 1468 4818 10.
1497 4774 1521 4817 c.

319 4813 397 4894 291·
416 4855 462 4909 et.
479 4846 558 4908 als.
575 4881 620 4893 —
637 4842 663 4928 ⁶)
681 4844 726 4909 Ol.
743 4845 885 4908 Bellarm.
902 4847 923 4908 l.
940 4866 1013 4910 an.
1032 4850 1082 4908 10.
1100 4867 1131 4926 p.
1151 4843 1225 4909 130.
