3775 5625
355 397 418 466 148

352 569 389 626 ad
406 568 556 627 rationem
574 566 694 643 peoeati
715 577 867 644 quatenus
888 577 937 625 est
958 565 1039 625 aetio
1062 567 1163 638 mala,
1185 566 1290 643 utiquo
1321 566 1475 643 pertiuet;

352 677 504 736 rationem
521 687 623 736 autem
641 676 782 753 peeoati,
800 685 950 753 quatenus
968 685 1090 735 constat
1106 684 1194 735 reatu
1212 687 1243 735 et
1260 677 1382 736 maeula
1399 693 1504 736 manen

352 804 541 864 nequaquam
572 787 715 864 pertinet,
742 786 801 845 nisi
817 786 937 845 ratione
970 804 1083 845 oausae
1115 804 1209 854 suae;
1241 785 1307 844 sive
1341 786 1423 844 euim
1455 785 1504 844 vel

351 896 416 954 sive
434 898 520 966 nolit,
552 897 604 973 qui
634 896 785 957 actionem
803 898 912 954 malam
935 896 1091 955 voluntate
1114 896 1212 954 libera
1233 894 1447 971 perpetravit,
1472 913 1504 954 re

350 1015 413 1064 tum
445 1015 476 1065 et
507 1007 672 1074 maculam,
705 1024 760 1063 seu
784 1006 904 1081 eulpam
927 1006 1079 1064 actualem
1102 1014 1133 1063 et
1154 1003 1342 1063 habitualem
1365 1002 1504 1064 contrahi

350 1123 381 1173 et
402 1116 472 1175 hino
494 1135 552 1175 non
580 1125 696 1175 tantum
718 1133 774 1191 per
800 1114 950 1190 seipsum
968 1114 1143 1173 abhomine
1161 1114 1415 1190 (personaliter),
1433 1113 1489 1174 sed

348 1243 403 1300 per
435 1225 526 1283 alium
553 1225 750 1297 (moraliter)
773 1224 958 1285 commereri
973 1232 1086 1301 potest.
1125 1223 1224 1281 Porro
1241 1222 1272 1281 in
1288 1222 1460 1283 infantibus
1481 1241 1504 1282 n

348 1334 500 1394 actionem
517 1336 639 1403 malam,
656 1353 712 1393 seu
727 1343 889 1410 peceatum
915 1334 1035 1393 aetuale
1052 1351 1087 1393 ae
1104 1334 1280 1409 personale,
1297 1333 1350 1391 sed
1368 1342 1495 1392 reatum

348 1445 498 1503 matulam
522 1463 576 1502 seu
604 1445 798 1504 aversionem
824 1453 1056 1520 permanentem
1073 1444 1232 1524 dumtaxat
1246 1442 1387 1518 ponimus
1398 1463 1409 1513 ;
1431 1459 1504 1520 aep

346 1553 404 1612 hoo
421 1571 480 1611 non
497 1554 669 1629 requiritur
685 1554 826 1612 voluntas
843 1553 980 1630 propria,
997 1562 1031 1611 ut
1047 1562 1208 1629 peceatum
1226 1551 1376 1630 originale
1395 1569 1504 1628 apare

346 1663 427 1721 tibus
444 1662 580 1732 trahant,
597 1664 652 1721 sed
669 1663 786 1723 suffieit
798 1663 913 1732 aliena3
930 1663 975 1721 ita
991 1672 1025 1721 ut
1041 1681 1119 1740 ergo
1136 1661 1218 1720 notio
1235 1661 1358 1737 pernati
1374 1661 1504 1740 original

346 1791 401 1831 seu
417 1772 622 1832 haereditarii
638 1792 743 1833 seeum
760 1774 828 1849 ipsa
844 1773 1076 1849 haudquaquam
1093 1781 1219 1850 pugnet.
1260 1771 1297 1829 Si
1311 1789 1388 1830 vero
1405 1770 1504 1830 ulterir

345 1881 514 1959 quaeritur,
533 1884 680 1960 quomodo
705 1883 735 1940 id
752 1882 822 1940 lieri
838 1882 948 1958 possit,
965 1882 1087 1939 utillud
1104 1898 1230 1939 manens
1246 1890 1418 1966 peecatum,
1436 1879 1504 1940 oxi

345 1991 517 2050 obedientia
549 2001 801 2069 protoparentum
835 1991 1008 2062 dimanans,
1026 2010 1085 2050 non
1105 2008 1200 2067 penes
1216 1990 1273 2048 hos
1288 1989 1490 2060 remanserit,

345 2100 407 2159 alia
419 2111 581 2177 parentum
596 2069 773 2160 ndstrorum
787 2112 926 2178 peoeata,
944 2102 999 2160 sed
1017 2109 1048 2159 et
1066 2101 1102 2159 ad
1117 2101 1255 2177 ipsorum
1271 2109 1417 2176 posteros
1434 2109 1504 2158 tran

345 2209 510 2270 fundatur:
527 2212 749 2287 respondemus
766 2230 836 2271 eum
848 2212 882 2275 S.
898 2211 1116 2289 Augustino
1130 2215 1171 2283 ¹),
1188 2211 1218 2269 id
1234 2210 1302 2269 ideo
1320 2210 1437 2269 laetum
1454 2225 1504 2268 esa

317 2295 320 2300 .
345 2320 415 2396 quia
431 2329 630 2397 praeceptum
648 2322 683 2380 de
702 2339 760 2379 nou
778 2322 964 2381 comedendo
981 2321 1085 2381 fruetu
1103 2320 1224 2379 arboris
1241 2319 1391 2379 scientiae
1416 2317 1490 2377 honi

345 2429 417 2486 mali
440 2431 567 2498 Adamo,
586 2438 735 2507 quatenus
753 2440 822 2489 erat
838 2439 929 2506 eaput
947 2431 1080 2488 omnium
1096 2448 1154 2489 uon
1173 2438 1290 2489 tantum
1307 2428 1462 2497 naturale,
1479 2445 1504 2486 st

344 2547 375 2596 et
401 2542 532 2612 morale,
566 2558 584 2598 a
613 2541 682 2598 Deo
708 2540 929 2610 coustitutum,
945 2540 1099 2616 totiusque
1117 2540 1245 2617 generis
1261 2538 1384 2598 humani
1401 2535 1504 2616 gerelr

344 2666 528 2724 personam,
553 2648 722 2724 injunctum
750 2647 822 2718 fuit,
840 2649 916 2708 adeo
933 2656 977 2720 ut,
994 2648 1077 2724 sieut
1094 2646 1272 2706 observatio
1290 2646 1422 2706 mandati
1433 2644 1504 2740 divi:

344 2758 380 2817 ad
412 2776 518 2817 omnes
546 2758 613 2834 ejus
639 2768 783 2835 posteros
806 2758 1027 2835 pertinuisset,
1059 2757 1195 2835 ipsisque
1219 2757 1417 2817 sanctitatem
1441 2764 1472 2817 et
1480 2754 1504 2831 jt

343 2869 459 2928 stitiam
491 2870 734 2946 promeruisset,
765 2871 809 2929 ita
832 2870 923 2928 etiam
947 2869 984 2928 ad
1007 2886 1111 2926 omnes
1133 2868 1305 2944 pertineret
1321 2864 1504 2943 praeceptii

341 2981 401 3038 lius
419 2982 645 3059 transgressio.
680 2980 874 3057 Quapropter
899 2979 979 3038 idem
996 2980 1090 3037 Pater
1107 2978 1144 3036 ad
1162 2977 1374 3055 quaestionem
1395 2975 1504 3067 Julian

343 3087 421 3149 Nou
428 3093 624 3170 percutiate,
640 3093 696 3167 qui
705 3093 866 3170 nascitur,
878 3106 946 3148 aon
955 3098 1068 3166 peceat
1083 3087 1151 3167 rae,
1167 3090 1224 3166 put
1236 3089 1361 3163 genuit,
1378 3104 1446 3146 nou
1458 3102 1504 3162 pe

343 3209 397 3260 cat
411 3202 484 3275 iste,
503 3203 560 3279 qui
576 3203 731 3262 coadidit:
744 3219 805 3279 per
821 3217 902 3278 quoa
918 3202 1021 3259 rimas
1038 3201 1124 3259 iuter
1140 3206 1187 3258 tot
1198 3199 1366 3273 praesidia
1381 3197 1504 3255 iuuaret

343 3312 419 3381 tiae,
433 3319 601 3387 peceatum
614 3311 711 3387 fingis
726 3302 935 3386 inpressum?
959 3309 1139 3384 respondet:
1170 3303 1259 3378 Quia
1279 3307 1410 3384 quaerit
1426 3309 1504 3365 tates

343 3427 404 3478 tem
420 3422 548 3500 rimam,
566 3439 639 3481 eum
653 3421 771 3480 tabeat
785 3419 1022 3496 apertissimam
1028 3410 1194 3494 januam?
1219 3414 1291 3474 Per
1306 3433 1408 3475 unum
1425 3415 1504 3476 tau

343 3547 428 3608 uem,
444 3533 493 3591 ait
500 3530 688 3608 Apostolus,
704 3549 767 3606 per
780 3530 1029 3589 inobedientiam
1040 3519 1316 3587 uuiuslrominia?
1334 3521 1423 3597 Quia
1438 3542 1504 3603 aaa

344 3641 389 3699 rit
405 3635 569 3715 amptius?
600 3643 678 3717 puta
702 3642 833 3716 quaerit
846 3635 1013 3715 apertius?
1036 3640 1114 3713 quid
1128 3639 1260 3714 quaerit
1274 3636 1504 3707 inculcatiua']

449 3751 482 3808 2.
500 3750 601 3809 Porro
617 3769 676 3810 aec
692 3750 873 3824 benignitas
888 3747 953 3807 Det
969 3749 1131 3825 coneedit,
1153 3752 1192 3806 ut
1201 3765 1263 3825 per
1279 3749 1379 3806 uutuo
1394 3747 1504 3804 lromtn

340 3863 511 3935 peecatum
526 3862 679 3918 uniuersa
694 3862 859 3918 domiuum
873 3864 998 3918 natura
1015 3862 1247 3935 corrumpatur
1264 3862 1362 3936 atque
1379 3854 1504 3933 ἄφνω

346 3972 410 4039 tur,
427 3946 486 4027 uec
501 3973 665 4046 sapientia
678 3975 820 4048 patitur,
838 3973 876 4028 ut
884 3981 973 4046 'apua
989 3966 1053 4026 Det
1069 3967 1109 4026 ad
1126 3970 1219 4025 tuitio
1233 3966 1504 4043 praestantiam

295 4154 297 4160 Ι
344 4080 539 4138 instructum
567 4078 788 4155 facultatibus
792 4120 804 4155 ,
839 4078 878 4136 od
902 4096 1038 4137 aurosam
1059 4076 1256 4135 leuissimum
1271 4079 1306 4134 ta
1322 4073 1424 4134 attam
1436 4071 1504 4153 praa

345 4186 538 4246 deteriorem
569 4189 785 4248 conditionem
817 4189 1141 4263 transformaretur,
1182 4204 1241 4244 aea
1269 4186 1429 4263 justitia,
1468 4196 1504 4261 pt

345 4313 600 4377 unumquemque
613 4318 675 4375 pro
691 4302 797 4376 ipatus
810 4299 915 4374 faetta
931 4296 1098 4372 tractabit,
1118 4295 1275 4370 admittit,
1293 4300 1332 4353 ut
1346 4294 1504 4354 innocent

345 4406 383 4463 od
406 4405 548 4466 attenuat
559 4414 730 4486 peccatam
751 4412 799 4467 aa
816 4412 1013 4485 puniantur,
1031 4412 1070 4465 ut
1084 4409 1165 4484 tpsta
1182 4404 1340 4482 peccandi
1356 4405 1504 4464 necuere

453 4569 479 4649 ¹)
495 4571 546 4628 De
566 4578 677 4647 peceat.
694 4590 766 4633 mer.
784 4578 812 4630 et
831 4569 950 4630 remiss.
972 4571 991 4631 t.
1008 4571 1037 4630 3.
1054 4589 1078 4630 o.
1098 4571 1124 4630 7.
1142 4587 1172 4628 a.
1190 4571 1238 4628 14.
1264 4569 1302 4628 Τ.
1322 4564 1375 4631 10.
1393 4587 1417 4627 o.
1435 4562 1484 4628 78.

347 4656 384 4716 al.
404 4657 449 4718 Of.
465 4658 644 4726 Bellarm,
658 4665 709 4721 De
725 4662 830 4725 omiss.
849 4668 928 4737 prat.
952 4667 979 4718 et
994 4666 1061 4720 stat.
1079 4678 1159 4736 pero.
1176 4660 1195 4723 t.
1211 4660 1241 4719 4.
1258 4680 1284 4724 e.
1301 4662 1350 4720 10.
1367 4659 1454 4718 4-6
1467 4650 1504 4714 di

346 4755 409 4824 put.
427 4749 473 4814 ed.
488 4750 582 4829 Prag.
601 4749 697 4817 1721.
715 4755 753 4818 Τ.
769 4750 801 4817 4.
817 4773 848 4832 p.
867 4749 941 4814 129.
967 4786 1007 4795 -
1033 4752 1060 4827 ²)
1077 4752 1127 4809 De
1142 4755 1224 4824 nupt.
1242 4756 1270 4810 ot
1286 4768 1410 4829 concup.
1426 4749 1445 4810 l.
1460 4749 1486 4807 2.

347 4842 398 4902 28.
414 4859 444 4902 a.
460 4844 509 4904 47.
526 4842 565 4904 Τ.
583 4841 635 4907 10.
652 4864 676 4907 o.
694 4840 759 4907 325
776 4865 801 4907 s.
