3775 5625
1484 462 1546 529 121

353 626 457 693 sancti
478 646 517 690 ac
538 622 635 707 justi,
658 623 728 687 Deo
756 620 865 695 amici,
895 623 1028 707 ejusque
1055 624 1194 708 adoptivi
1224 622 1294 699 lilii,
1324 646 1362 688 ac
1392 626 1549 690 haeredes

353 736 437 802 vitae
459 747 626 809 aeternae,
652 734 691 797 ad
711 752 811 817 opera
831 733 915 796 bona
936 733 1190 817 supernaturalis
1211 734 1333 800 ordinis
1354 734 1551 820 perficienda

353 843 432 930 apti,
456 844 633 928 perfectam
649 839 709 906 Dei
725 839 962 905 similitudinem
978 861 1055 925 prae
1077 862 1112 906 se
1129 841 1284 917 serentes,
1308 864 1393 909 nunc
1415 842 1516 908 libera
1532 865 1551 908 a

352 954 422 1019 Deo
441 950 612 1017 aversione
633 962 807 1015 evaserunt
822 962 1013 1035 peccatores
1030 970 1068 1014 ac
1084 950 1207 1036 injusti,
1231 950 1290 1015 Dei
1306 953 1419 1017 hostes
1441 965 1474 1017 et
1493 952 1550 1016 ini·

353 1060 447 1136 mici,
471 1080 595 1145 poenae
612 1071 762 1124 aeternae
780 1059 927 1133 obnoxii,
944 1072 1038 1145 atque
1055 1062 1094 1123 ad
1110 1060 1195 1125 bona
1210 1081 1310 1146 opera
1324 1061 1490 1135 inhabiles,
1507 1061 1548 1125 si·

353 1168 564 1234 militudinem
580 1167 800 1233 sollicitatoris
817 1167 867 1232 sui
882 1167 914 1232 iu
931 1190 968 1233 se
985 1181 1160 1256 gestantes.

463 1285 492 1342 t.
517 1275 692 1362 Deperdito
710 1290 815 1342 autem
840 1277 1019 1343 sanctitatis
1036 1290 1129 1363 atque
1140 1278 1286 1363 justitiae
1307 1277 1473 1366 originalia
1497 1299 1548 1343 or·

353 1398 521 1461 uamento,
537 1387 729 1473 sequebatur
744 1407 869 1471 quoque
880 1388 1009 1470 jactura
1024 1386 1220 1472 reliquorum
1242 1389 1416 1462 donorum,
1436 1388 1550 1473 quibus

353 1494 491 1582 praediti
509 1508 601 1560 erant
617 1506 880 1580 protoparentes,
904 1496 1033 1559 adeum
1049 1496 1195 1570 modum,
1219 1517 1282 1582 quo
1300 1497 1444 1583 sequitur
1459 1497 1548 1560 inun-

354 1604 440 1669 datio
472 1602 651 1677 flumiuum,
679 1602 833 1688 disruptis
855 1603 1051 1690 aggeribus,
1079 1604 1193 1689 quibus
1227 1624 1381 1692 ¹aquarum
1412 1605 1550 1691 impetus

355 1710 589 1779 continebatur.
613 1710 798 1776 Amiserunt
813 1710 896 1775 enim
912 1723 980 1775 tum
996 1712 1229 1777 intellectus
1254 1725 1317 1777 tum
1334 1714 1550 1779 voluntatis

353 1818 629 1907 iutegritatem
652 1839 695 1883 ac
718 1818 1019 1903 praestantiam,
1043 1841 1105 1905 qua
1120 1820 1268 1885 instructi
1290 1834 1395 1896 erant,
1419 1836 1452 1887 et
1475 1825 1549 1887 loco

354 1931 449 2015 bujus
482 1927 642 1994 successit
664 1927 890 1993 intellectus
916 1929 1162 2004 obfuscatio,
1186 1930 1410 1995 voluntatis
1441 1932 1548 1996 infir-

355 2038 468 2104 mitas
491 2049 585 2122 atque
610 2036 936 2122 coucupiscentia
959 2038 1130 2104 rebellis.
1161 2040 1303 2117 Quantae
1334 2044 1485 2105 tenebrae
1517 2041 1549 2104 in

355 2150 461 2213 locum
493 2144 613 2230 prioris
639 2143 813 2229 sapientiae
843 2144 1081 2221 successerint,
1110 2148 1273 2211 declarant
1303 2160 1550 2233 protoparentes

355 2254 416 2341 ipsi
432 2276 510 2321 sese
526 2255 774 2328 abscondendo,
791 2252 1030 2330 existimantes,
1047 2256 1254 2340 perspicaces
1270 2256 1340 2332 Dei,
1358 2258 1464 2321 omnia
1480 2281 1549 2324 cer·

357 2363 479 2440 nentis,
505 2365 618 2429 ocellos
642 2384 678 2429 sc
700 2364 809 2427 fallere
825 2384 924 2449 posse
935 2368 972 2444 ¹).
1003 2365 1137 2429 Accedit
1161 2365 1286 2450 peccati
1302 2367 1502 2442 extenuatio,
1519 2381 1552 2433 et

358 2475 467 2561 culpae
485 2472 680 2538 commissae
696 2472 875 2538 excusatio.
898 2474 1041 2538 Adamus
1066 2474 1189 2559 culpam
1206 2474 1360 2539 transfert
1382 2475 1414 2539 iu
1438 2477 1550 2553 Evam,

357 2584 421 2649 llva
442 2582 476 2647 iu
499 2594 691 2667 serpentem.
715 2584 860 2661 Mulier,
886 2581 930 2647 ait
943 2582 1012 2657 ille,
1037 2605 1134 2663 quom
1156 2590 1271 2647 dedisti
1300 2588 1380 2647 mibi
1408 2592 1549 2667 sociam,

359 2696 536 2757 wtmibi
551 2700 590 2753 de
604 2695 712 2773 liquo,
736 2703 769 2755 et
787 2698 919 2755 concedi.
950 2693 1039 2756 Haec
1061 2703 1166 2756 autem
1188 2694 1380 2777 respondet:
1406 2694 1552 2774 Serpens

361 2808 479 2883 decepit
508 2823 571 2878 nae,
600 2815 635 2866 et
662 2808 784 2866 comedi
798 2802 835 2881 ²).
882 2802 934 2866 Ex
960 2822 1021 2886 qua
1047 2801 1272 2879 excusatione,
1311 2804 1349 2867 ab
1386 2800 1550 2890 agnitione

361 2913 467 2998 culpae
492 2923 586 2996 atque
609 2909 806 2996 poenitentia
820 2910 944 2995 peccati
962 2911 1126 2976 commissi
1143 2933 1281 2997 prorsus
1305 2912 1422 2988 aliena,
1445 2912 1553 2998 prouti

359 3032 452 3085 etex
480 3018 552 3105 ipsa
569 3021 638 3104 jam
671 3040 690 3084 a
717 3019 799 3085 facie
823 3018 884 3085 Dei
907 3020 1140 3097 occultatione,
1166 3021 1260 3086 simul
1282 3022 1455 3087 voluntatis
1479 3043 1552 3107 per·

354 3130 493 3196 versitas
510 3128 679 3216 colligitur.
704 3168 747 3178 -
766 3130 857 3207 Quod
867 3150 945 3194 vero
964 3132 1009 3207 =ad
1026 3131 1319 3216 concupiscentiam
1342 3131 1554 3195 inordinatam

349 3239 482 3304 attinet:
507 3236 641 3303 effectus
665 3238 811 3322 ejusdem
827 3237 980 3303 continuo
998 3259 1034 3303 se
1050 3240 1230 3324 prodebant
1245 3261 1264 3303 a
1281 3239 1457 3304 commisso
1480 3259 1553 3322 pec·

343 3360 435 3412 cato.
478 3345 572 3411 Prius
597 3345 682 3410 enim
710 3367 804 3432 quam
829 3358 1019 3431 peccarent,
1043 3348 1082 3411 de
1108 3348 1209 3412 Adam
1234 3359 1267 3411 et
1296 3348 1366 3411 Eva
1398 3346 1554 3432 seriptum

336 3467 417 3522 est:
447 3468 643 3520 eratautem
658 3469 795 3537 uterque
810 3465 932 3532 nudus,
957 3469 993 3520 et
1014 3478 1092 3520 non
1113 3461 1449 3537 erubescebant³).
1475 3458 1554 3521 Post

329 3574 525 3639 Peccatum
539 3584 617 3628 vero
627 3565 666 3629 de
682 3563 798 3630 iisdem
807 3563 939 3655 legitur:
957 3568 1095 3645 Aperta·
1111 3572 1325 3630 suntoculi
1341 3573 1552 3648 amtorem,

326 3682 514 3755 cumque
530 3680 829 3756 cognovissent,
855 3697 898 3738 aa
920 3684 1161 3751 attenuatos,
1185 3686 1429 3739 consuerunt
1447 3678 1556 3750 folia

326 3777 477 3864 fieus,
496 3795 536 3846 et
547 3786 735 3859 fecerunt
749 3789 1090 3863 sittpera'zomota
1104 3787 1141 3864 ⁴).
1174 3783 1446 3862 Quemadmodum
1469 3781 1555 3846 euim

326 3891 520 3964 ¹umoribus
550 3890 657 3956 verbis
680 3891 825 3976 perfecta
840 3891 1001 3977 subjectio
1028 3891 1246 3958 sensualitatis
1269 3892 1308 3956 ad
1330 3891 1489 3956 rationem
1510 3889 1552 3955 si·

326 4001 542 4075 {nidenan
566 3999 610 4065 ita
631 3999 740 4066 verbis
760 3999 998 4086 posterioribus
1020 4014 1131 4086 aperte
1147 4014 1255 4066 motus
1277 4013 1391 4065 contra
1405 4001 1549 4064 volunta-

326 4097 392 4172 is
410 4108 581 4175 arbitrium
596 4122 828 4197 exsurgentes,
851 4108 883 4174 in
901 4109 1015 4197 quibus
1031 4109 1127 4196 primi
1142 4109 1290 4176 bomines
1307 4110 1555 4185 erubescebant,

326 4237 638 4266 χ*-

466 4322 489 4399 1)
508 4320 585 4382 Gen.
603 4319 635 4392 2,
652 4319 682 4384 8.
700 4321 746 4384 Of.
762 4321 1012 4401 Augustinus,
1027 4323 1076 4382 De
1094 4321 1168 4385 Gen.
1186 4327 1227 4383 ad
1239 4323 1295 4388 litt.
1313 4325 1332 4384 l.
1350 4325 1400 4382 14.
1418 4343 1443 4385 e.
1456 4325 1507 4382 34.
1523 4343 1554 4385 n.

326 4401 392 4464 16
394 4458 406 4472 .
424 4411 505 4492 Opp.
523 4413 561 4474 T.
579 4409 609 4474 3.
626 4413 664 4475 Ρ.
684 4411 712 4477 l.
729 4434 753 4475 c.
770 4409 847 4475 291.
864 4410 924 4487 Qui
939 4413 996 4472 ait:
1021 4411 1075 4474 sa
1095 4432 1164 4490 erqo
1185 4413 1287 4494 affecti
1306 4420 1391 4488 sunt,
1407 4419 1442 4473 at
1461 4415 1557 4473 solent

326 4497 445 4571 wat
460 4502 597 4562 bominac
613 4506 669 4562 aab
685 4502 781 4562 oculis
797 4502 967 4582 bominum
989 4509 1018 4563 et
1035 4503 1107 4564 talis
1122 4504 1241 4584 affectio
1262 4507 1299 4564 de
1318 4502 1438 4579 peceati
1452 4522 1556 4578 poena

326 4595 632 4662 trasmittere
651 4596 738 4664 uelle,
764 4613 851 4669 quem
873 4596 964 4654 latere
986 4593 1068 4654 nibil
1081 4601 1196 4669 potest,
1218 4602 1247 4654 et
1265 4613 1386 4656 carnem
1407 4595 1556 4674 occultare

330 4674 391 4731 αὖ
416 4700 454 4754 eo,
472 4684 526 4758 qui
542 4691 587 4742 est
600 4684 754 4759 inspector
771 4684 885 4746 cordia.
902 4685 1031 4746 mehir.
1048 4705 1074 4750 e.
1092 4689 1143 4751 24.
1160 4687 1198 4748 Τ.
1216 4683 1246 4748 6.
1264 4707 1288 4748 c.
1311 4680 1386 4748 205.
1404 4684 1554 4747 Delibat.

334 4769 429 4827 orb.
447 4774 466 4834 t
494 4777 524 4836 3.
547 4793 572 4834 e.
594 4777 644 4838 18.
661 4795 691 4836 a.
709 4777 759 4835 51.
778 4775 815 4837 T.
826 4773 886 4840 1.c.
904 4770 971 4836 630
988 4797 1011 4836 s.
1029 4810 1071 4822 --
1089 4779 1118 4853 ²)
1135 4777 1212 4840 Gen.
1230 4773 1261 4851 3,
1279 4773 1320 4842 12
1337 4797 1361 4842 s.
1380 4811 1421 4822 -
1439 4774 1465 4859 8)
1476 4773 1553 4840 Gen.

338 4845 383 4925 2,
411 4855 460 4934 25,
477 4900 519 4915 -ν
539 4863 565 4950 4)
584 4863 663 4928 Gen.
679 4862 710 4940 3,
729 4861 758 4933 7.
