3775 5625
1463 429 1528 498 dii

341 611 393 662 cst
407 602 441 661 in
456 602 602 679 precibus
619 602 747 671 nostris,
764 611 959 661 sustentatur
975 611 1006 661 ot
1021 603 1188 662 roboratur
1203 621 1259 679 por
1276 602 1533 663 intercessionem

340 714 465 772 asterni
481 714 675 781 Sacerdotis,
693 712 820 782 Christi,
837 713 987 790 unigeniti
1004 712 1063 771 Dei
1079 713 1149 771 Filii
1163 711 1198 789 ¹).

452 823 560 882 ditos
577 822 713 892 excitat,
739 832 772 879 ut
788 840 844 898 per
861 821 961 881 omnia
984 822 1129 891 Christo,
1153 822 1244 898 capiti
1256 810 1393 889 nostro,
1411 822 1533 881 consor·

340 951 473 1001 uremur,
491 940 582 1008 atque
599 932 719 990 nonnisi
735 950 811 990 vera
827 933 906 989 bona
921 940 1073 1007 petamus,
1091 932 1231 1009 quoniam
1249 949 1341 991 secus
1359 948 1426 990 cum
1445 930 1533 988 curi·

342 1050 392 1100 sto
410 1041 488 1100 uniti
505 1041 583 1100 haud
600 1059 736 1110 oramus,
752 1049 857 1116 utpote
875 1051 983 1101 contra
1000 1041 1067 1114 ejus
1083 1041 1270 1099 voluntatem
1288 1048 1423 1100 orantes.

344 1276 371 1357 5.
390 1271 460 1343 80.
477 1271 696 1342 christus
713 1270 974 1342 Ecclesiam
992 1271 1135 1359 rcgtt,
1157 1274 1297 1357 atquc
1319 1270 1535 1358 singulos

512 1384 790 1451 adsalutem
810 1379 971 1469 dirigit
992 1398 1078 1452 sen
1096 1380 1370 1451 sanctificat.

448 1584 590 1668 Adparet
606 1596 711 1647 autem
737 1583 884 1648 Christus
907 1604 1017 1648 coram
1037 1585 1131 1647 Patre
1148 1582 1297 1658 coelesti,
1319 1582 1389 1667 ipse
1406 1582 1458 1667 qui
1476 1603 1534 1666 pro

340 1694 446 1757 salute
463 1705 574 1757 nostra
595 1691 627 1755 in
650 1713 746 1756 cruce
770 1713 844 1756 sese
866 1691 1096 1766 immolaverat,
1119 1703 1153 1755 ut
1174 1690 1354 1756 Ecclesiam
1371 1710 1461 1755 suam
1476 1712 1535 1776 per

340 1800 499 1885 Spiritum
523 1805 557 1868 S.
574 1814 746 1866 conservet
773 1823 811 1866 ac
827 1804 1002 1887 gubernet,
1027 1814 1120 1886 atque
1143 1822 1200 1885 per
1221 1802 1357 1864 eundem
1383 1804 1416 1864 S.
1434 1799 1533 1884 Spiri-

339 1922 421 1985 tum,
437 1910 561 1995 gratiae
578 1911 776 1997 largitorem,
795 1912 943 1999 singulos
960 1910 1106 1974 homines
1123 1908 1302 1974 sanctificet
1319 1930 1356 1973 ac
1368 1908 1536 1994 justificet,

341 2018 363 2083 i.
383 2041 411 2084 e.
429 2018 545 2103 impios
561 2040 599 2084 ac
616 2020 798 2085 incredulos
815 2023 854 2085 ad
871 2020 1033 2085 saniorem
1044 2032 1181 2084 mentem
1194 2031 1335 2093 revocet,
1349 2032 1442 2105 atque
1459 2018 1534 2083 fide·

338 2130 390 2193 les
407 2140 441 2191 et
457 2129 528 2213 pios
545 2129 577 2192 in
593 2129 656 2193 lide
673 2151 710 2193 ac
721 2130 847 2214 justitia
863 2142 996 2215 accepta
1012 2141 1198 2203 conservet,
1222 2148 1342 2213 eosque
1359 2141 1434 2213 post
1450 2150 1534 2193 mor·

337 2250 406 2302 tem
422 2237 506 2301 vitae
523 2251 671 2303 aeternae
689 2239 861 2324 participes
894 2240 1015 2304 reddat.
1053 2238 1181 2302 Etenim
1203 2237 1350 2302 Christus
1367 2237 1535 2312 Dominus,

338 2368 439 2433 quum
471 2368 645 2432 persuum
670 2350 852 2425 adventum,
877 2349 896 2413 i.
921 2370 949 2413 e.
974 2370 1032 2433 por
1055 2348 1233 2412 doctrinam
1255 2347 1423 2433 Evangelii
1439 2348 1534 2412 nobis

337 2458 468 2521 allatam
490 2471 584 2544 atque
607 2458 800 2524 sacrificium
818 2458 932 2523 mortis
950 2479 1038 2533 suae,
1054 2459 1189 2522 salntem
1202 2457 1326 2542 quidem
1339 2456 1432 2521 nobis
1449 2479 1535 2522 com·

337 2580 508 2652 parasset,
540 2581 679 2633 attamen
711 2568 742 2631 in
775 2568 911 2656 singuiis
933 2588 1130 2654 nequaquam
1154 2578 1429 2639 corusummasset;
1464 2567 1536 2652 quia

336 2678 438 2751 haec,
468 2690 566 2762 prout
585 2700 626 2743 ex
648 2700 711 2742 uua
727 2691 816 2763 parte
833 2679 893 2743 Dei
909 2700 990 2763 opus
1007 2690 1073 2751 est,
1096 2699 1138 2741 ex
1161 2678 1260 2741 altera
1281 2687 1371 2760 parte
1394 2675 1537 2740 simulet

336 2799 498 2863 nostrum,
516 2800 609 2874 atque
626 2800 690 2852 tam
708 2788 1029 2853 communicationem
1040 2785 1162 2875 gratiae
1180 2786 1315 2860 divinae,
1332 2806 1425 2871 quam
1442 2785 1537 2869 hujus

335 2897 631 2982 apprehensionem
663 2899 849 2964 necessario
882 2898 1029 2984 requirit:
1055 2898 1124 2981 ipse
1139 2896 1335 2969 Ecclesiam,
1359 2916 1454 2981 quam
1480 2916 1532 2959 ea-

339 3019 479 3091 propter
495 3007 646 3082 lundavit,
663 3030 720 3092 per
737 3008 891 3093 Spiritum
908 3012 941 3071 S.
959 3020 1131 3072 corrservat
1148 3028 1185 3070 ac
1201 3005 1377 3093 gubernat,
1394 3017 1487 3090 atque
1503 3004 1536 3067 in

340 3136 382 3180 ea
397 3127 433 3178 et
447 3136 505 3198 per
522 3137 607 3191 eam,
630 3116 725 3181 nobis
748 3116 888 3200 Spiritus
909 3121 942 3180 S.
960 3116 1097 3204 gratiam
1114 3116 1295 3203 largiendo,
1313 3135 1395 3198 opus
1411 3116 1534 3178 redem-

338 3223 443 3290 tionis
459 3246 552 3289 suum
568 3227 732 3291 continuat
748 3248 786 3291 ac
801 3226 935 3312 perlicit.
960 3228 994 3290 ln
1013 3249 1074 3311 quo
1093 3225 1221 3300 Christi,
1237 3225 1337 3312 Regis
1354 3222 1474 3297 nostri,
1491 3221 1535 3287 ef·

337 3333 485 3399 ficientia
499 3337 542 3405 εἰς
554 3331 592 3395 τὰ
606 3331 697 3412 κάτω,
716 3340 781 3420 uodo
798 3347 897 3419 stateo,
915 3337 1073 3402 consistit.
1114 3337 1202 3415 Quae
1223 3335 1326 3420 itaque
1344 3334 1460 3418 duplex
1476 3345 1537 3406 est,

338 3466 442 3531 quum
472 3458 539 3510 tum
571 3448 609 3510 ad
641 3447 821 3511 Ecclesiam
852 3447 971 3531 ipsam,
1004 3460 1069 3511 tum
1094 3448 1131 3510 ad
1153 3444 1300 3532 singulos
1320 3443 1468 3507 homines
1486 3463 1537 3506 re-

336 3556 475 3620 feratur.

452 3665 562 3742 Quoad
592 3665 772 3731 Ecclesiam
805 3688 864 3731 sua
895 3665 1083 3731 adsistentis
1100 3663 1247 3730 Christus
1264 3661 1380 3737 efficit,
1413 3675 1447 3726 ut
1468 3661 1540 3746 ipsa

339 3788 504 3860 tamquam
536 3798 655 3859 corpus
687 3779 756 3861 ejus
775 3777 925 3841 continuo
950 3775 991 3840 sit
1012 3786 1143 3862 vegeta,
1174 3787 1335 3859 tamquam
1359 3771 1538 3837 aedificium

339 3883 422 3958 sibi,
454 3883 549 3966 lapidi
572 3886 726 3971 angulari,
750 3898 986 3971 superstructa,
1019 3885 1061 3948 sit
1081 3883 1174 3948 firma
1190 3896 1221 3947 et
1237 3883 1442 3955 inconcussa,
1462 3895 1537 3945 tam-

340 4015 439 4080 quam
456 4015 592 4081 regnum
609 4016 702 4059 suum
719 3998 869 4060 tenebras
887 3995 1010 4060 erroris
1036 3994 1187 4081 abigens,
1209 3991 1353 4056 veritatis
1370 3991 1537 4055 intemera-

341 4115 396 4166 tae
414 4103 484 4166 luce
501 4124 560 4185 per
578 4103 684 4167 omnia
701 4105 883 4189 splendeat,
907 4125 966 4167 seu
982 4116 1191 4188 utnusquam
1213 4100 1352 4173 desinat,
1375 4111 1429 4164 aut
1445 4121 1464 4165 a
1480 4121 1540 4164 sua

343 4210 531 4299 integritate
555 4211 696 4287 deficiat,
719 4215 776 4276 sed
801 4213 948 4277 omnibus
977 4212 1089 4277 diebus
1112 4211 1268 4296 usquead
1291 4209 1537 4274 consummatio·

346 4342 418 4384 nem
452 4321 572 4386 saeculi
605 4335 668 4386 stet
699 4321 868 4386 incolumis
905 4335 938 4385 et
969 4324 1065 4386 salva.
1122 4319 1298 4403 Praecipue
1336 4331 1441 4382 autem
1472 4318 1539 4405 agit

348 4429 495 4494 Christus
516 4429 548 4493 in
571 4452 640 4495 eam
660 4430 827 4497 Ecclesiae
845 4445 984 4515 partem,
1008 4451 1087 4516 quae
1109 4428 1210 4513 ipsius
1234 4429 1471 4492 fundamentum
1488 4440 1540 4491 est

351 4535 481 4612 visibile,
498 4552 531 4602 et
547 4561 566 4602 a
582 4542 673 4625 cnjus
696 4540 854 4605 soliditate
878 4561 916 4603 ac
936 4538 1085 4603 firmitate
1108 4539 1226 4622 pendet
1247 4536 1349 4619 ipsius
1372 4535 1537 4601 Ecclesiae

352 4693 563 4704 ᾕ--ύ

349 4863 387 4937 23
436 4783 482 4936 2¹}
501 4776 531 4842 1.
548 4779 641 4844 Joau.
664 4775 702 4856 5,
728 4777 779 4842 14.
812 4779 918 4840 Matth.
948 4774 1006 4850 18,
1028 4773 1081 4845 20.
1114 4775 1206 4843 Joan.
1231 4773 1288 4851 14,
1317 4771 1539 4847 13—14.16‚
