3775 5625
1463 407 1531 499 tto

344 603 420 663 esse
435 594 562 663 vocauo
586 601 619 661 et
634 587 749 662 electio
766 594 927 671 absoluta,
949 593 978 661 si
994 617 1012 660 a
1027 586 1120 662 bonis
1138 576 1288 682 operibus
1305 586 1356 663 est
1371 582 1461 684 'quasi
1477 621 1529 665 su·

344 727 474 792 spensa,
490 719 522 771 et
537 727 594 792 per
614 707 693 771 haec
710 708 835 771 demum
851 706 884 769 in
901 717 1022 771 certam
1038 719 1071 771 et
1085 707 1263 772 absolutam
1279 706 1421 773 transit*

450 818 491 881 B.
512 817 600 880 idem
626 816 743 880 docent
762 836 862 900 porro
882 818 1025 881 Patres
1047 815 1214 881 Ecclesiae
1236 816 1391 903 antiquae.
1432 818 1487 883 Sic
1504 819 1532 881 J.

346 926 672 1010 chrysostomus,
704 937 924 990 commentans
950 924 1041 989 illud:
1079 927 1192 989 Venite
1213 929 1369 990 benedicti
1391 936 1449 991 eta.
1472 926 1531 991 ait:

348 1035 474 1110 Onanti
489 1041 638 1113 nonoris,
657 1042 800 1117 quantae
816 1037 1027 1097 beatitudinis
1041 1035 1163 1097 veria?
1184 1037 1263 1097 Non
1278 1039 1365 1111 dicit,
1382 1042 1530 1117 accipite,

345 1146 408 1206 sed
419 1147 623 1206 haereditate
634 1147 812 1225 possidete,
831 1151 928 1225 qnasi
940 1150 1114 1224 paternam
1130 1151 1162 1206 et
1175 1152 1334 1218 vestrum,
1349 1149 1427 1221 jnm
1442 1146 1533 1207 votis

346 1255 424 1315 oiim
440 1256 590 1316 debitam.
614 1256 797 1335 Antequam
819 1260 902 1315 enim
928 1259 1057 1331 essetis,
1075 1260 1190 1335 inquit,
1208 1259 1288 1316 naec
1302 1256 1394 1316 vobis
1407 1262 1532 1334 parata

347 1371 458 1443 erant,
485 1370 578 1446 qaia
601 1365 792 1439 sciebam,
817 1384 886 1424 vos
912 1363 1020 1424 tates
1050 1383 1152 1423 esse
1188 1365 1402 1443 saturos¹).
1453 1364 1531 1427 Am-

347 1470 521 1559 brosius:
538 1475 674 1536 Adatatt
687 1473 903 1553 (Obrimas).-
919 1471 1071 1546 „Onitae
1083 1480 1240 1553 paratam
1256 1481 1350 1554 est‘,·
1366 1481 1406 1535 at
1419 1481 1532 1536 osten-

348 1586 461 1661 deret,
495 1584 634 1645 Patrem
665 1603 791 1665 qaoque
810 1603 888 1645 non
904 1584 1167 1663 petitionibus
1187 1586 1350 1663 deferre
1379 1585 1531 1662 sotere,

347 1695 419 1756 sed
432 1699 601 1771 meritis,
620 1698 698 1775 qnia
719 1693 808 1754 Dens
820 1712 1042 1773 personarum
1059 1700 1210 1772 acceptor
1226 1713 1293 1755 non
1309 1700 1366 1756 est.
1393 1694 1487 1756 Unde
1503 1701 1536 1755 et

348 1802 531 1884 Apamam
555 1807 619 1863 ait:
644 1799 759 1874 „Quos
775 1808 968 1881 praescivit,
986 1804 1327 1882 etpraedestinavit“;
1341 1819 1420 1864 non
1434 1810 1534 1865 enim

349 1919 441 1973 ante
452 1913 794 1991 praedestinavit,
812 1932 925 1992 qnam
937 1917 1185 1992 praesciret,·
1200 1914 1272 1973 sed
1285 1933 1450 1993 quoram
1465 1934 1532 1973 me·

350 2027 436 2081 rita
463 2025 704 2100 praescivit,
731 2023 871 2081 lteram
893 2026 1074 2101 praemia
1093 2023 1459 2101 praedestinasset).
1492 2020 1535 2083 Et

347 2129 429 2194 haec
456 2148 581 2214 quoquo
604 2139 656 2192 est
670 2126 805 2191 aliorum
819 2129 963 2203 Petrum,
984 2127 1037 2213 qui
1058 2141 1130 2192 aute
1144 2128 1359 2215 Augustinum
1375 2129 1534 2204 vixerunt,

347 2235 516 2302 sententia.
557 2236 648 2315 Quod
675 2236 793 2301 diserte
820 2237 935 2301 fatetur
964 2240 997 2301 S.
1018 2239 1207 2322 Prosper,
1231 2238 1283 2323 qui
1299 2240 1337 2302 ab
1352 2238 1534 2325 Augustino

350 2347 483 2411 edoceri
499 2346 594 2432 cupit,
612 2367 670 2410 cur
685 2346 882 2412 asentientia
896 2347 1184 2431 praedecessorum
1201 2347 1305 2433 quoad
1320 2346 1534 2432 praedestina·

349 2455 470 2519 tionem
486 2457 526 2521 ad
541 2454 678 2541 gloriam
694 2476 735 2520 ex
750 2455 907 2540 praevisis
922 2453 1046 2519 meritis
1061 2455 1237 2520 recesserit
1247 2456 1283 2536 ³).
1313 2458 1417 2536 Quare
1435 2468 1467 2521 et
1481 2457 1534 2522 ad·

348 2564 486 2629 versarii
517 2562 712 2648 antiquiores
743 2567 855 2629 Patres
887 2564 1007 2649 passim
1023 2564 1216 2651 relinquunt,
1234 2577 1267 2629 et
1282 2564 1536 2630 controversiam

348 2672 459 2759 potius
490 2694 534 2738 ex
564 2694 675 2739 eorum
696 2677 825 2739 Patrum
850 2675 974 2760 judicio
992 2674 1199 2739 dirimendam
1216 2697 1289 2740 esse
1305 2687 1461 2750 statuunt,
1484 2674 1536 2761 qui

349 2794 425 2870 post
455 2794 601 2848 exortam
631 2784 779 2850 haeresin
801 2786 1049 2872 Pelagiauorum
1071 2784 1230 2861 vixerunt,
1253 2806 1291 2850 ac
1314 2784 1485 2870 prasertim
1502 2786 1535 2848 S.

349 2892 575 2979 Augustini,
601 2893 652 2978 qui
674 2893 706 2956 in
727 2895 787 2958 hac
803 2915 899 2958 causa
915 2907 1025 2979 partes
1041 2893 1139 2957 totius
1154 2894 1320 2958 Ecclesiae
1337 2893 1534 2958 sustinuerit.

350 3002 472 3064 Verum
491 3000 565 3065 licet
581 3022 674 3065 nemo
691 3001 747 3077 sit,
768 3002 821 3087 qui
836 3003 975 3077 nesciat,
1006 3023 1155 3088 magnam
1177 3022 1250 3066 esse
1268 3006 1301 3067 S.
1317 3001 1489 3089 Augustini
1504 3001 1536 3064 in

344 3109 502 3174 Ecclesia
522 3109 758 3186 auctoritatem,
782 3113 913 3197 ejusque
935 3132 1035 3196 opera
1050 3111 1273 3196 probationem
1288 3109 1455 3176 Ecclesiae
1471 3131 1535 3175 mc·

347 3217 472 3283 ruisse:
489 3231 594 3284 tamen
610 3232 782 3305 propterea
804 3221 930 3286 minime
953 3242 1065 3286 omnes
1083 3243 1121 3286 ac
1137 3221 1282 3307 singulae
1306 3219 1482 3285 sententiae
1498 3220 1537 3284 ab

346 3326 532 3415 ¹Augustino
549 3331 702 3412 prolatae,
719 3343 793 3394 sunt
809 3332 847 3394 ab
863 3329 1011 3395 Ecclesia
1028 3331 1231 3415 approbatae.
1271 3328 1539 3417 Distinguendum

351 3435 458 3521 itaque
475 3447 526 3500 est
541 3436 624 3501 inter
640 3438 724 3502 illam
741 3438 919 3504 docuinam
935 3439 1119 3527 Augustini,
1135 3438 1168 3503 in
1184 3459 1244 3524 qua
1259 3439 1330 3523 ipse
1346 3438 1384 3502 ab
1402 3436 1539 3522 antiquis

352 3544 502 3609 Patribus
517 3546 601 3609 haud
617 3546 779 3623 dissentit,
802 3569 943 3635 quaeque
961 3548 1079 3613 diserte
1096 3547 1287 3612 assensione
1301 3545 1468 3612 Ecclesiae
1485 3566 1538 3632 ap·

351 3654 487 3739 probata
508 3667 568 3730 est,
584 3656 776 3742 atque-inter
793 3657 841 3734 ea,
857 3678 936 3745 quae
952 3657 1022 3743 ipse
1038 3679 1080 3721 ex
1096 3678 1155 3722 sua
1171 3655 1496 3743 sententiaprotulit,
1508 3667 1541 3720 et

354 3784 434 3851 quae
449 3763 598 3831 Ecclesia
614 3777 774 3853 tamquam
789 3767 820 3832 in
837 3768 942 3834 medio
964 3767 1069 3853 posita
1089 3767 1190 3833 libero
1208 3765 1406 3853 posteritatis
1417 3764 1540 3851 judicio

354 3872 564 3961 disceptanda
595 3875 736 3963 reliquit,
758 3893 818 3943 nec
837 3877 907 3964 ipsc
927 3876 1126 3965 Augustinus
1146 3898 1284 3964 unquam
1303 3875 1403 3940 voluit
1426 3874 1541 3939 eodem

447 4151 474 4227 ¹)
485 4151 574 4211 Hom.
586 4149 676 4212 teta
691 4152 796 4212 Mattit.
813 4174 843 4214 n.
860 4157 889 4219 2.
906 4151 986 4234 Opp.
1003 4153 1041 4216 Τ.
1060 4148 1089 4214 i.
1108 4176 1137 4235 p.
1156 4149 1231 4215 760.
1244 4186 1285 4198 -
1299 4145 1327 4232 2)
1343 4152 1391 4212 De
1399 4148 1458 4227 fid.
1473 4150 1539 4220 to,

355 4244 418 4304 ai.
428 4261 459 4300 a.
470 4242 521 4302 83.
532 4237 614 4320 Opp.
625 4239 733 4304 mae.
745 4238 821 4307 565.
833 4280 875 4290 -
889 4246 915 4323 ⁸)
926 4244 1073 4322 Intiipp.
1083 4245 1137 4304 Au
1143 4243 1279 4323 gustin.
1297 4243 1406 4304 tata.
1422 4237 1541 4319 &Opp.

355 4330 395 4396 Τ.
411 4328 443 4397 2.
461 4352 486 4393 c.
504 4327 579 4392 824.
612 4333 697 4392 Ittoa
721 4333 810 4396 etiam
825 4336 956 4410 qualiter
972 4334 1123 4406 diluatur,
1145 4326 1341 4410 quaesamus,
1358 4334 1410 4401 ait,
1423 4329 1540 4406 potien-

357 4430 404 4483 ter
419 4419 630 4497 insipientiam
644 4431 779 4484 nostram
788 4425 934 4504 ferendo,
957 4428 1153 4499 demonstres,
1176 4427 1257 4501 qaod
1272 4421 1443 4483 retractatis
1458 4419 1542 4499 prio·

356 4531 425 4574 ram
445 4515 481 4572 de
496 4514 553 4571 itae
568 4531 601 4572 rc
617 4513 824 4591 opinionibus,
844 4534 939 4594 poene
963 4516 1094 4577 omnium
1110 4535 1173 4590 por
1188 4513 1341 4574 invenitur
1356 4521 1384 4573 et
1398 4532 1461 4571 ana
1477 4530 1542 4570 sen·

357 4603 458 4677 tentia
474 4623 534 4679 qao
544 4604 738 4678 propositam
754 4613 782 4666 et
790 4605 1097 4682 praedestinationem
1106 4605 1177 4677 Dei,
1195 4607 1357 4666 secandum
1368 4600 1542 4678 praescien-

357 4695 432 4756 tiam
447 4702 628 4769 receperam,
644 4702 678 4754 ut
691 4699 728 4756 ab
742 4700 798 4757 ttoc
814 4698 898 4757 Dens
914 4697 993 4756 aiios
1008 4716 1083 4757 oasa
1098 4697 1236 4772 honoris,
1254 4695 1333 4755 aiios
1349 4690 1545 4776 contumeliae

350 4787 473 4865 fecerit,
490 4784 564 4862 qnia
572 4784 667 4861 finem
681 4787 919 4867 uniuscnjusque
933 4787 1132 4865 praeviderit,
1154 4793 1182 4845 et
1195 4789 1250 4848 sab
1266 4786 1336 4865 ipso
1348 4783 1467 4861 pretias
1488 4783 1543 4843 od-

349 4878 481 4961 jatooio,
495 4875 530 4936 in
545 4895 606 4954 aaa
615 4877 746 4958 futuras
761 4887 839 4942 esset
851 4881 1005 4942 voluntate
1020 4885 1048 4939 et
1062 4877 1189 4956 arnone,
1203 4875 1391 4955 praescierit.

1285 4982 1329 5055 34
