3775 5625
342 408 409 476 352

344 579 460 637 Omnia
476 597 552 652 erpo
570 578 656 638 dorca
672 583 823 651 terrena,
847 578 945 652 inquit
973 578 1222 656 Augustinus,
1246 579 1421 636 contemsit
1437 578 1517 635 horor

339 688 456 760 faetus
471 687 634 746 Dominus
649 684 816 759 Christus,
835 681 874 743 rit
888 687 1122 745 contemnendo
1138 690 1345 746 monstraret
1346 706 1362 761 ;
1380 691 1414 745 et
1426 689 1518 744 omnir

343 802 474 856 terrena
491 799 650 855 resanuit
663 794 766 871 mala,
784 813 868 873 qnae
884 796 1102 854 soottnoenda
1115 794 1359 873 praecipiebat:
1381 800 1420 854 ut
1432 812 1519 873 nepae

341 910 376 964 io
395 904 464 965 illio
486 910 702 985 quaereretur
720 903 887 981 felicitas,
920 923 1023 984 oeque
1054 910 1089 963 irs
1119 908 1194 964 istis
1224 903 1409 981 infelicitas
1437 908 1517 962 dme-

343 1016 481 1089 retur1).

434 1124 484 1182 Sit
499 1124 607 1199 paucis
624 1124 720 1181 Jesus
738 1122 825 1181 nobis
842 1126 947 1183 omnia
963 1122 993 1181 in
1012 1123 1161 1183 omnibus.
1178 1125 1269 1182 Hunc
1287 1133 1428 1182 nostrum
1440 1123 1515 1181 Creo·

342 1242 442 1291 torem
474 1252 510 1293 ac
542 1234 759 1292 Redemtorem
783 1252 821 1291 ex
843 1243 908 1291 tota
932 1233 1050 1303 anima,
1074 1243 1105 1291 et
1128 1234 1202 1292 totis
1220 1234 1340 1291 viribus
1359 1233 1516 1310 diligamur,

341 1342 422 1399 hunc
440 1342 600 1401 doctorem
618 1342 795 1411 audiamus,
819 1341 908 1416 hujus
925 1343 1097 1417 exemplum
1120 1342 1296 1410 imitemur,
1318 1342 1400 1399 hunc
1415 1342 1516 1417 Regem

342 1469 522 1527 sequamur,
553 1451 585 1508 in
618 1451 675 1509 hoc
708 1460 816 1508 nostro
838 1451 1011 1509 mediatore
1034 1450 1175 1510 fiduciam
1202 1452 1393 1511 collocemus
1410 1450 1517 1525 ejusque

343 1561 487 1619 auxilium
504 1560 715 1635 imploremus,
733 1570 824 1637 atque
841 1559 921 1620 hunc
932 1559 1070 1633 judicem
1088 1561 1265 1619 timeamus!

342 1826 377 1919 ξ.
396 1826 461 1899 η.
485 1826 704 1898 Christus
725 1826 956 1898 Dominus
979 1844 1066 1915 pro
1096 1827 1313 1898 omnibus
1340 1824 1519 1897 homini·
1559 1847 1561 1926 t

343 1941 435 2010 bus
467 1940 682 2010 mortuus
714 1940 801 2009 est.
832 1978 875 1987 -
907 1936 1156 2019 objectum
1188 1934 1519 2051 sotistootionls
1559 1933 1561 1942 '

714 2046 891 2119 Christi
906 2050 1171 2136 personale.

450 2258 497 2313 Ex
514 2256 564 2323 iis,
582 2274 658 2332 quac
676 2254 734 2315 buc
749 2267 847 2331 'usquc
865 2256 901 2314 de
919 2265 1018 2315 morte
1031 2256 1149 2314 Christi
1167 2255 1404 2332 disputavimus,
1415 2255 1518 2314 dubium

343 2384 413 2422 esse
445 2365 571 2442 nequit,
604 2384 660 2441 pro
686 2365 794 2442 quibus
818 2365 962 2424 Christus
988 2366 1139 2423 Dominus
1164 2365 1258 2423 vitam
1286 2383 1374 2423 suam
1397 2366 1427 2423 in
1445 2380 1518 2424 cruce

341 2475 429 2532 Patri
445 2474 601 2534 obtulerit.
907 2470 908 2474 ¹

446 2584 572 2642 luterim
595 2594 697 2642 tamen
715 2584 780 2658 jam
802 2585 928 2643 saeculo
953 2584 1008 2647 Vl.
1027 2584 1147 2660 quidam
1165 2584 1356 2642 exstiterunt
1376 2582 1486 2643 indocti
1497 2589 1521 2639 el

342 2693 467 2751 obscuri
484 2687 650 2761 homines?
666 2693 716 2768 qui
733 2711 771 2750 ex
789 2693 822 2750 S.
840 2692 1009 2770 Augustini
1025 2692 1112 2750 libris
1130 2694 1208 2751 male
1225 2693 1399 2752 intellectis
1416 2700 1520 2750 senteu-

342 2803 415 2861 tiam
437 2802 580 2860 hausisse
600 2801 762 2871 videntur,
794 2803 894 2860 Deum
919 2802 1041 2860 nonnisi
1065 2802 1316 2878 praedestinatos
1344 2797 1520 2862 salvosiierl

342 2914 438 2980 velle,
457 2921 488 2969 et
503 2912 571 2969 ideo
589 2913 736 2969 duntaxat
752 2930 807 2986 pro
829 2911 876 2968 his
896 2911 1054 2969 Christum
1078 2929 1149 2969 esse
1171 2921 1343 2982 mortuum,
1376 2909 1521 2970 Praedo·

343 3022 549 3081 stinatiani
566 3030 733 3097 propterea
750 3020 824 3079 dicti
835 3019 872 3095 ²).
911 3021 1274 3079 Praedestinatianorurn
1299 3022 1447 3100 dogmata
1470 3037 1521 3077 sse·

343 3133 412 3190 eulo
429 3130 652 3194 lll.renovavit
669 3131 748 3188 God
759 3130 985 3200 eschaleus,
1003 3130 1186 3199 Monachus,
1205 3132 1332 3190 saeculo
1344 3133 1522 3189 XVl.aulen

344 3241 547 3311 Calvinus,
574 3241 623 3316 qui
642 3239 785 3315 adoptato
804 3241 943 3297 absoluto
960 3240 1189 3315 reprobationis
1208 3241 1354 3310 decreto,
1381 3259 1440 3298 uon
1457 3245 1521 3315 pole·

342 3361 392 3409 rat
424 3369 481 3407 non
509 3351 680 3417 adserere,
714 3349 871 3406 Christum
897 3358 1014 3406 tanturn
1040 3369 1095 3424 pro
1121 3350 1232 3408 electis
1249 3369 1322 3408 esse
1341 3343 1523 3421 mortuum³)·

347 3459 483 3516 Eandem
507 3459 692 3517 seutentiam
710 3459 918 3535 propugnavit
935 3457 1026 3515 etiam
1045 3467 1153 3533 postea
1170 3459 1192 3516 J
1200 3459 1406 3528 arsenius,
1424 3459 1470 3536 qui
1484 3457 1522 3514 ds·

345 3566 419 3635 cuit,
437 3566 593 3625 Christum
611 3577 763 3626 mortuum
783 3586 853 3624 esse
871 3586 925 3643 pro
943 3567 1083 3624 omnibus
1100 3567 1287 3645 generibus,
1304 3568 1465 3646 Regibus,
1479 3564 1525 3643 pri·

344 3675 426 3731 vatis
451 3684 530 3743 eto„
555 3695 609 3750 pro
632 3678 766 3754 siugulis
790 3686 891 3734 autem
909 3685 1025 3733 tanturn
1044 3677 1140 3752 quoad
1159 3677 1384 3736 sufficientiam
1403 3677 1490 3754 pretii
1502 3681 1526 3732 st

314 3778 319 3786 “
347 3800 458 3839 causae
478 3786 736 3859 communitatem,
753 3786 913 3844 humanam
931 3786 1054 3845 scilicet
1071 3795 1226 3856 naturam,
1245 3787 1393 3845 omnibus
1411 3802 1528 3847 commu·

347 3909 434 3959 nem,
453 3902 483 3950 et
500 3894 590 3952 etiam
609 3914 664 3971 pro
682 3895 902 3970 temporalibus
921 3895 1043 3954 auxiliis
1062 3897 1284 3963 concedendis,
1305 3897 1361 3955 sed
1380 3916 1440 3956 nou
1457 3904 1486 3955 ut
1498 3892 1528 3951 iit

348 4001 468 4074 gratias
485 4013 622 4060 mereret
638 4023 711 4061 vere
731 4004 939 4073 sufficientes,
963 4005 1071 4080 quibus
1089 4014 1217 4080 possent
1234 4004 1284 4063 hic
1303 4014 1335 4063 et
1354 4025 1438 4065 nunc
1455 4021 1529 4081 oppo-

348 4108 436 4166 sitam
454 4112 735 4186 concupiscentiam
752 4131 903 4187 superarc
921 4122 952 4170 et
969 4123 1128 4171 aeternam
1146 4115 1277 4171 salutem
1298 4116 1452 4192 consequi
1463 4116 1496 4189 ⁴).

454 4215 541 4277 Haeo
573 4228 678 4279 autom
711 4228 823 4279 contra
850 4217 1072 4280 auctoritatem
1097 4221 1130 4282 S.
1148 4217 1358 4302 scripturae,
1380 4215 1529 4285 Ecclesiae

348 4320 527 4384 courtinuam
548 4321 659 4397 fidem,
681 4345 740 4387 nec
764 4345 825 4386 non
849 4324 982 4388 rationis
1000 4347 1096 4389 sarrae
1115 4325 1210 4390 effata
1226 4316 1427 4394 statuuntur.
1464 4328 1528 4390 l'err

458 4560 483 4637 ¹)
499 4561 547 4616 De
571 4564 680 4620 calech.
703 4565 771 4621 rud.
790 4583 814 4620 e.
833 4566 883 4622 22.
909 4584 940 4625 rt.
963 4568 1013 4624 40.
1047 4567 1086 4630 Τ.
1104 4562 1134 4627 6.
1151 4586 1177 4631 e.
1205 4563 1284 4630 288.
1313 4567 1362 4630 Of.
1398 4572 1446 4630 De
1459 4584 1525 4644 spot·

352 4645 424 4705 Chr.
443 4668 467 4706 c.
485 4653 533 4706 11.
550 4670 579 4710 n.
598 4655 645 4709 12.
663 4652 709 4712 lb.
727 4673 751 4712 c.
769 4650 831 4712 251
851 4674 875 4712 a.
909 4691 952 4698 —
974 4656 1000 4736 ²)
1018 4654 1063 4717 Of.
1082 4657 1271 4737 Sigebert.
1292 4659 1477 4722 Gemblao.
1491 4654 1524 4718 sd

352 4757 378 4793 a.
395 4732 469 4798 415.
506 4773 544 4781 —
577 4739 602 4819 ³)
618 4742 719 4799 instit.
737 4745 756 4801 l.
773 4745 802 4801 3.
820 4763 844 4805 c.
862 4748 911 4805 21.
945 4745 1021 4809 Gen.
1049 4744 1280 4829 1569.p.585
1300 4773 1344 4815 ss.
1382 4792 1423 4801 -
1455 4748 1526 4839 ⁴)De

350 4834 427 4901 prol.
447 4829 518 4890 Chr.
534 4831 553 4889 l.
571 4832 601 4893 3.
618 4850 643 4892 c.
663 4835 797 4896 20-21.
