3775 5625
1442 428 1487 495 33

297 613 360 673 est,
393 613 556 680 utrumque
581 602 702 662 nonnisi
727 602 844 680 gradu,
870 620 928 659 non
954 609 1056 660 autem
1080 597 1192 658 natura
1208 599 1374 677 distingui,
1398 599 1489 676 idque

298 733 334 773 eo
359 713 478 782 minus,
503 730 592 789 quum
617 711 699 770 inter
723 729 816 770 sensa
841 710 1015 769 animalium
1039 718 1071 768 et
1086 727 1179 768 seusa
1202 706 1372 778 bominum,
1398 710 1492 768 etiam

298 842 375 901 quae
393 824 431 881 ad
447 840 500 881 res
517 821 691 880 exteriores
716 840 772 880 seu
789 820 952 878 sensuales
982 819 1178 893 referuntur,
1211 818 1377 878 discrimen
1409 818 1492 877 istud

297 934 490 1002 intercedat,
514 932 592 1008 quod
612 930 689 991 baec
707 932 755 989 sni
772 930 996 991 conscientiam
1015 930 1157 990 comitem
1181 929 1330 998 babeant,
1355 927 1415 986 non
1440 945 1492 987 au·

298 1043 445 1112 tamilla,
462 1041 660 1100 manifestum
677 1040 907 1109 documentum,
931 1040 1062 1098 animam
1079 1039 1261 1098 rationalem
1277 1037 1421 1114 suijuris
1437 1044 1494 1097 seu

299 1153 349 1211 sui
367 1152 535 1221 dominam,
558 1133 790 1227 haudquaquam
809 1159 909 1209 autem
933 1150 1065 1208 animam
1082 1149 1243 1208 animalem
1260 1166 1348 1218 esse,
1373 1158 1404 1207 et
1425 1148 1494 1207 ideo

300 1263 394 1321 etiam
411 1280 469 1320 non
486 1261 517 1320 in
535 1279 569 1319 se
587 1278 642 1319 seu
659 1279 714 1336 per
731 1278 785 1329 se,
804 1260 905 1318 sedin
923 1268 955 1317 et
971 1277 1039 1317 eum
1057 1277 1189 1335 corpore
1205 1258 1370 1317 exsistere.

409 1367 441 1432 5.
464 1372 601 1441 Verum,
626 1370 711 1443 ajunt
723 1374 770 1442 ¹),
795 1370 825 1427 in
852 1369 914 1427 88.
930 1369 1063 1440 Litteris
1085 1369 1164 1445 ipsis
1188 1369 1290 1427 anima
1306 1368 1447 1427 animalis
1464 1360 1497 1427 et'

301 1482 422 1541 animus
444 1480 615 1556 spiritualis
638 1480 668 1537 in
690 1478 812 1537 bomine
835 1478 1071 1547 discernuntur,
1088 1478 1208 1555 sibique
1225 1488 1433 1554 opponuntur,
1450 1472 1496 1538 at·

302 1609 361 1668 que
372 1590 430 1649 duo
446 1588 598 1665 principia
616 1588 722 1646 vitalia
739 1606 775 1647 ac
793 1587 919 1646 conscia
935 1596 1125 1647 statuuntur.
1143 1587 1199 1647 Sic
1216 1587 1284 1663 ipse
1302 1588 1497 1648 Salvator:

302 1696 504 1777 Spiritus,
524 1697 581 1767 ait,
598 1699 726 1773 quium
746 1705 926 1773 promtus
951 1704 1016 1774 eat,
1045 1714 1137 1756 caro
1153 1705 1260 1756 autem
1275 1698 1499 1771 infirma²ta

303 1811 338 1870 8.
366 1810 525 1891 Paullus:
546 1806 648 1868 Oaro
664 1808 903 1884 concupisci
913 1815 927 1866 t
940 1811 1129 1866 adversus
1145 1809 1206 1883 api
1216 1804 1357 1866 ritum:
1374 1808 1499 1883 spiri·

304 1929 367 1980 tus
383 1927 509 1979 autent
534 1922 727 1978 aduersus
753 1933 903 1976 carnem
917 1912 956 1991 ⁸).
980 1919 1021 1973 llt
1036 1915 1163 1973 iterum:
1187 1912 1349 1992 Spiritu
1364 1918 1500 1975 amau-¹

304 2034 401 2099 late,
427 2036 461 2088 et
482 2028 692 2087 desideria
718 2028 855 2086 earnis
878 2043 947 2085 non
960 2025 1145 2101 perficietis.
1164 2058 1206 2069 -
1223 2023 1409 2098 Manifesta
1425 2026 1503 2086 sunt

303 2148 412 2199 autem
429 2155 546 2214 opera
562 2137 697 2196 carnia
705 2180 717 2215 ,
743 2153 827 2212 quae
842 2143 918 2195 aunt
932 2135 1128 2214 fornicatio,
1156 2136 1372 2214 immunditia,
1390 2134 1501 2211 impu-l

304 2250 431 2327 divitia,
459 2247 610 2326 luauria,
637 2249 801 2305 idolorum
826 2247 981 2322 servitus,
1008 2245 1176 2323 veneficia,
1199 2246 1401 2324 inimicitiae,
1420 2239 1502 2304 con2

305 2359 476 2436 tentiones,
505 2358 752 2430 aemulationes,
780 2357 863 2432 irae,
894 2356 1004 2433 tiarae,
1044 2356 1278 2429 dissensiones,
1305 2362 1424 2434 scama,
1443 2357 1502 2415 aa*i

303 2469 529 2545 messanam,
548 2474 581 2525 et
594 2465 647 2525 Itis
663 2467 793 2524 similia.
804 2498 848 2508 -—
863 2462 1036 2524 Fruatur
1051 2471 1157 2523 autem
1173 2466 1232 2540 api
1238 2465 1274 2523 ri
1280 2472 1342 2524 tus
1357 2473 1406 2524 eat
1421 2464 1503 2523 clia*

305 2579 403 2655 ritas,
418 2577 588 2654 pendium,
604 2593 688 2654 poa,
703 2576 876 2654 patientia,
895 2576 1090 2653 benipnitaa,
1102 2576 1241 2653 bonitas,
1257 2576 1501 2653 tonpanimitae,

304 2689 532 2762 mansuetudo,
557 2682 649 2762 Mes,
675 2685 843 2760 moderna,
872 2685 1085 2762 continentia,
1104 2685 1238 2743 castitas
1248 2684 1288 2760 ⁴).
1312 2684 1395 2742 Alibi
1410 2687 1503 2742 verat

306 2794 418 2871 lpitur
442 2811 500 2869 epo
526 2794 595 2869 ipse
620 2801 745 2852 mente
769 2794 905 2852 servio
932 2794 1011 2868 lepi
1033 2791 1124 2852 Dei:
1150 2811 1269 2852 carne
1293 2801 1401 2854 autem
1424 2795 1505 2869 legi

303 2904 509 2982 peccarit).
534 2907 575 2962 Et
599 2921 729 2963 rursus:
757 2901 804 2963 Ut
817 2903 1013 2980 justificatio
1038 2878 1228 2980 impteretur
1252 2906 1288 2962 in
1311 2905 1418 2983 nobie,
1446 2906 1504 2980 qui

304 3031 375 3073 noa
399 3018 609 3072 secundam
634 3029 788 3072 carnem
813 3015 1031 3091 ambulamus,
1060 3017 1116 3071 aed
1140 3002 1351 3072 secundum
1380 3014 1503 3089 apiri-

305 3131 394 3184 tum.
421 3118 488 3194 Qui
511 3123 596 3181 enim
620 3126 827 3181 secundant
854 3130 1115 3201 carnemsunt,
1143 3140 1227 3198 quae
1250 3124 1389 3182 carnia
1413 3130 1502 3200 sunt,

305 3233 448 3308 rapiunt.
477 3228 544 3304 Qui
568 3249 647 3291 uero
673 3236 885 3291 secundum
907 3234 1089 3306 spiritum
1115 3241 1206 3302 sunt,
1231 3233 1505 3309 quaerpi'ritus

307 3343 569 3420 incusantium.
587 3339 680 3416 ,Nam
693 3344 868 3417 prudentia
895 3343 1018 3420 carnis,
1046 3359 1135 3400 mors
1157 3349 1222 3401 est:
1244 3344 1420 3419 prudentia
1436 3359 1502 3400 aa·

306 3459 367 3510 tem
384 3451 534 3529 spiritua,
554 3452 621 3509 rita
637 3459 669 3510 et
680 3469 760 3525 pua.
789 3447 949 3523 Quoniam
965 3452 1164 3527 rapientia
1188 3453 1326 3510 carnis
1345 3451 1505 3509 inimica

305 3558 479 3620 estDeo:
508 3562 589 3635 lepi
613 3562 713 3619 enim
737 3561 1099 3637 noneatsubjecta:
1117 3555 1500 3638 aee'eninpatestlt.

305 3672 407 3746 lltque
433 3669 467 3729 8.
484 3670 642 3728 Petrus:
672 3667 882 3749 Obariaeinti,
901 3671 1014 3747 inquit,
1040 3674 1173 3731 obsecro
1189 3690 1249 3732 vos
1265 3664 1426 3749 tamquam
1442 3675 1503 3730 ad-

305 3796 419 3858 uenas,
438 3787 471 3839 et
482 3780 688 3859 pereurinoa,
707 3782 869 3840 abstinere
885 3798 944 3840 coa
967 3800 988 3839 a
1013 3781 1241 3842 carnalibus
1264 3783 1501 3861 desideriis,

305 3907 408 3966 quae
428 3890 603 3949 militant
625 3895 818 3949 adoerius
849 3892 1014 3950 animam
1029 3889 1065 3966 ²).
1089 3893 1123 3949 ln
1141 3890 1250 3969 quibus
1267 3891 1502 3952 loaisomnibus

305 3999 395 4060 carni
418 3999 544 4075 propria
561 3999 814 4074 concupiscentia
831 3999 1037 4072 adscribitur,
1066 4003 1216 4060 voluntati
1233 4002 1362 4079 spiritus
1379 4011 1502 4063 contra·

305 4109 369 4178 ria3
393 4126 481 4168 mera
507 4118 609 4168 autam
635 4110 765 4169 materia
792 4111 1015 4186 concupiscere
1032 4130 1091 4170 non
1108 4121 1225 4188 potest,
1251 4105 1349 4189 neque
1372 4111 1502 4188 spiritus

305 4235 412 4277 secum
429 4217 496 4294 ipso
514 4236 664 4296 pugnare.
691 4217 885 4294 Quapropter
911 4220 946 4283 8.
971 4222 1113 4280 Paulus
1134 4221 1262 4281 disertis
1279 4221 1384 4280 verbis
1401 4221 1506 4294 docet,

306 4326 589 4402 concupiscentiam
605 4327 636 4386 in
654 4346 758 4401 carne,
775 4347 834 4387 non
851 4329 881 4387 in
899 4325 1010 4406 spiritu
1026 4330 1170 4394 haerere.
1186 4329 1265 4391 Non
1280 4321 1360 4407 erpo
1375 4330 1501 4408 reqnct,

304 4435 420 4511 inquit,
450 4445 618 4512 peecatum
643 4439 685 4496 in
710 4446 841 4498 uestro
872 4440 1038 4499 mortali
1069 4457 1251 4519 corpore,
1278 4438 1504 4501 ut'obediatia

303 4550 633 4566 ψ

416 4599 442 4681 ι)
460 4598 505 4661 cf.
521 4596 690 4682 garriat,
706 4601 727 4662 1.
745 4621 769 4660 ο.
787 4622 819 4680 p.
838 4595 902 4663 139
920 4622 959 4662 ss.
980 4639 1020 4648 -
1039 4604 1065 4684 ν)
1082 4604 1191 4665 nata.
1208 4561 1502 4686 aquamanus.

307 4729 349 4738 -
367 4693 395 4766 r)
415 4689 483 4752 aar.
500 4686 530 4763 5,
549 4687 600 4752 17.
620 4690 663 4752 cf.
680 4693 768 4752 aaa
787 4689 816 4767 a,
833 4689 885 4754 22.
904 4729 949 4736 -
968 4695 994 4775 4)
1010 4695 1058 4760 n.
1076 4691 1107 4766 5,
1126 4692 1178 4757 re.
1198 4692 1339 4757 19-21.
1357 4691 1502 4756 22-23.

305 4777 395 4956 :⁵23
411 4779 547 4937 lliorlqreg,
561 4777 681 4950 Ξ51181ἶ
701 4781 729 4860 l,
749 4780 800 4845 14.
820 4781 917 4846 18.-
931 4783 1051 4862 ⁶)Rom.
1070 4783 1099 4861 8,
1117 4783 1217 4853 4-7.
1235 4785 1281 4846 (tf.
1302 4784 1437 4862 l.loe.2,
1448 4783 1501 4851 14.

1262 4984 1283 5050 3
