3775 5625
353 393 419 461 236

460 561 495 624 0.
520 562 640 626 Eadem
664 582 788 646 quoque
806 580 934 645 semper
950 558 1051 648 viguit
1067 560 1192 645 publiea
1206 560 1374 626 Ecclesiae
1391 559 1524 627 doetrha

349 694 387 737 ac
404 672 494 737 fides.
511 674 582 736 Hoc
597 670 815 735 vetustissima
838 670 1034 754 Symbola,
1059 690 1138 755 quae
1154 682 1226 734 ante
1242 670 1417 736 Nicaenam
1433 673 1538 756 Syno-

349 783 422 844 ‹lum
444 802 503 865 per
521 779 686 843 Ecclesias
707 780 918 852 habebantur,
939 780 1002 842 hoe
1030 779 1216 863 Symbolum
1236 779 1414 845 Nicaenum
1433 779 1554 864 ipsum

348 903 380 955 et
396 889 597 956 definitiones
613 910 651 953 ac
668 890 820 973 Symbola
835 888 1068 973 insequentium
1085 890 1288 973 synodorum
1305 889 1479 954 declarant.
1502 892 1561 972 1,,

348 999 495 1063 omnibus
518 999 601 1063 euim
625 996 786 1083 symbolis
807 998 856 1061 his
878 997 1020 1062 occurrit
1041 998 1208 1062 articulus:
1233 1002 1274 1061 In
1295 1001 1416 1062 Jesum
1435 1002 1560 1076 aare,

348 1115 559 1188 stum—‚aui
574 1120 790 1187 conceptus
805 1119 855 1170 est
869 1118 907 1171 de
923 1108 1054 1187 Spiritu
1070 1109 1249 1190 S-,aatus
1264 1131 1315 1171 ea
1330 1110 1468 1171 Maria
1485 1112 1553 1211 ΡἸ

343 1240 510 1299 passus,
528 1230 706 1280 mortuus
721 1230 756 1280 et
771 1225 950 1297 sepultus
965 1232 1030 1284 est.
1048 1222 1110 1282 hut
1124 1239 1220 1281 vero:
1237 1219 1285 1281 m
1299 1222 1335 1280 in
1351 1239 1454 1281 unum
1465 1219 1550 1296 Do,

346 1334 468 1391 atinum
483 1329 598 1389 Jesum
626 1327 805 1403 Christum,
824 1328 950 1389 Filium
966 1331 1028 1390 Dei
1043 1334 1254 1409 uniyenitum,
1273 1364 1316 1374 -
1333 1333 1391 1407 aui
1404 1349 1546 1407 prame,

346 1458 406 1499 uos
422 1438 581 1516 homines,
598 1446 630 1497 et
643 1447 778 1514 propter
800 1448 944 1498 nostram
967 1443 1103 1499 salutem
1119 1443 1281 1499 descendit
1295 1444 1335 1498 de
1350 1442 1458 1500 coelis.
1492 1449 1548 1511 Et

346 1552 587 1608 incarnatus
609 1557 670 1607 est
690 1552 729 1605 de
744 1545 875 1624 Spiritu
891 1545 928 1608 S.
946 1566 995 1607 ea
1012 1547 1145 1608 Maria
1170 1549 1351 1627 Viryine,
1369 1558 1409 1609 et
1426 1548 1545 1615 bomo

344 1658 484 1731 factus
504 1667 571 1717 est.
598 1655 684 1731 Quae
701 1674 868 1737 exponens
895 1659 918 1718 S
925 1656 1076 1739 ynodus
1094 1653 1504 1740 constantinopolitan
1520 1675 1545 1716 a

346 1764 368 1827 1.
385 1761 416 1825 in
434 1765 572 1841 epistola
593 1764 761 1843 Synodion
781 1772 824 1825 ad
842 1766 1019 1827 Damasum
1040 1778 1071 1828 et
1086 1768 1171 1829 alios
1194 1766 1377 1829 Occidentis
1392 1767 1545 1845 Episco-

342 1895 416 1956 pus,
433 1872 555 1936 Romae
573 1885 802 1960 congregatos,
819 1874 875 1936 ait:
892 1876 965 1937 Nos
979 1886 1149 1953 praeterea
1164 1881 1344 1938 doctrinam
1359 1880 1548 1938 dominium

346 1985 591 2045 Incarnationis
607 1988 765 2061 inteqram
780 1996 813 2046 et
824 1987 1004 2061 perfectam
1020 1995 1180 2045 tenemus:
1203 2004 1306 2061 neque
1330 1990 1368 2045 di
1373 1999 1548 2063 spensa·

347 2095 492 2153 tionem
509 2086 707 2171 (οἰκονομίαν)
725 2098 863 2153 carnis
883 2094 1052 2172 Christi,
1073 2095 1136 2154 aei
1151 2098 1305 2155 animae
1321 2100 1383 2154 cel
1396 2089 1515 2155 menti
1535 2095 1551 2135 ³

346 2210 564 2279 camertem,
588 2205 651 2259 cei
670 2203 945 2278 imperfectam
966 2205 1204 2263 asserimus:
1236 2209 1293 2262 sed
1329 2202 1553 2280 amandasti

351 2311 488 2370 Verbum
502 2309 566 2367 Dei
582 2319 656 2369 ante
673 2316 803 2370 saecula
820 2314 926 2371 anania
944 2314 1140 2390 perfectum,
1166 2321 1198 2373 ct
1215 2314 1439 2385 perfectum
1458 2312 1514 2371 bt!
1527 2322 1557 2342 ”

345 2423 481 2479 minem
502 2422 536 2477 in
552 2422 738 2478 siccissimis
758 2424 869 2478 diebus
897 2441 959 2498 pra
984 2431 1107 2481 ¹nostra
1136 2427 1241 2482 salute
1269 2423 1398 2494 factum
1416 2425 1492 2481 οοοοί
1504 2411 1560 2492 3

346 2525 523 2609 Synodus
546 2535 650 2587 antem
673 2524 880 2589 oecumenica
897 2538 1023 2611 quarta,
1049 2527 1390 2592 Chalcedonensis
1412 2515 1564 2592 scitae*

246 2681 248 2686 ι
345 2634 453 2697 habet:
471 2632 650 2712 Sequentes
666 2634 732 2695 δ’δ’.
750 2636 883 2715 Patres,
902 2656 1002 2697 unum
1027 2644 1222 2714 eundemque
1248 2640 1397 2713 confiteri
1410 2635 1567 2700 niutan

344 2756 377 2805 et
390 2745 564 2805 Dominum
580 2754 727 2804 nostrum
743 2745 858 2806 Jesam
877 2745 1042 2807 Christum
1049 2791 1061 2826 ,
1080 2758 1298 2809 consonanter
1315 2767 1423 2809 amnes
1436 2752 1568 2808 date*

345 2875 428 2933 ntus,
451 2860 610 2915 eandem
639 2857 863 2930 perfectum
899 2861 939 2915 in
975 2860 1147 2937 deitate,
1182 2869 1220 2919 et
1247 2854 1572 2936 perfectuum

344 2967 606 3041 humanitate,
634 2965 753 3024 Deum
777 2984 910 3024 cerum
933 2975 970 3026 et
994 2967 1185 3026 bominem
1202 2986 1349 3038 aarum,
1376 2964 1575 3027 eander!

344 3095 390 3133 eae
405 3075 533 3132 anima
550 3076 747 3132 rationali
763 3084 801 3133 et
815 3093 1001 3153 corpore,
1020 3076 1403 3137 consubstantialem
1418 3059 1576 3137 Patri

344 3188 556 3243 secundum
573 3186 775 3260 deitatem,
795 3185 1175 3245 consubstantialem
1191 3189 1311 3245 nabis
1328 3186 1576 3247 serenandi

344 3296 644 3368 humanitatem,
668 3312 739 3363 per·
763 3296 891 3352 anania
922 3297 1038 3353 nobis
1069 3296 1242 3354 similem
1273 3299 1574 3373 abandoned·

344 3403 478 3476 cato²).
503 3398 646 3463 Animam
669 3399 836 3462 humanam
860 3399 1021 3464 Christum
1043 3400 1210 3471 habuisse,
1234 3414 1403 3485 praeterea
1426 3384 1572 3466 tebni·

344 3523 409 3573 tum
426 3508 522 3572 estin
540 3508 654 3571 Corte.
672 3508 778 3572 Alex.
797 3528 823 3571 a.
842 3508 951 3589 362³)
969 3521 1000 3573 et
1017 3510 1131 3574 Cone.
1148 3511 1250 3574 Rom.
1267 3531 1295 3574 a.
1312 3510 1433 3589 3i3.⁴).

451 3637 490 3696 D.
517 3635 659 3697 Tandem
676 3635 707 3697 id
724 3657 837 3699 munus
854 3637 1062 3701 redemtionis
1080 3637 1198 3702 Christi
1215 3637 1402 3702 necessario
1423 3644 1565 3723 postu}

343 3746 395 3809 lat.
420 3743 544 3807 Etenim
569 3766 662 3829 quum
680 3744 826 3807 Christus
844 3745 972 3809 nonnisi
988 3746 1030 3809 sit
1046 3767 1104 3830 pro
1121 3766 1243 3833 genere
1259 3747 1416 3821 humano,
1431 3756 1461 3810 et
1472 3766 1496 3831 g}
1507 3750 1561 3798 ὓ

345 3875 404 3917 nus
419 3855 590 3917 humanum
608 3874 668 3936 pro
686 3852 829 3927 Christo,
851 3876 911 3918 suo
929 3854 1033 3939 capite
1050 3878 1088 3920 ac
1105 3856 1287 3919 Salvatore:
1312 3855 1457 3921 Christus
1471 3861 1556 3917 οὒ
1578 3890 1580 3897 .

344 3975 425 4036 ster,
443 3983 565 4048 nosque
582 3962 701 4026 Christi
718 3982 808 4035 esse,
835 3976 866 4026 et
881 3964 951 4048 ipse
968 3977 1152 4048 propterea,
1180 3966 1444 4050 quemadmodum
1457 3951 1552 4027 indi

343 4073 382 4135 ab
399 4085 528 4136 aeterno
556 4071 587 4135 in
605 4072 707 4135 forma
730 4072 788 4135 llei
805 4072 941 4147 exstitit,
960 4072 1052 4137 simul
1070 4073 1101 4136 in
1119 4085 1265 4157 tempore
1281 4074 1418 4138 sormam
1432 4055 1544 4136 nomi·

344 4181 393 4246 nis
410 4202 573 4246 assumere
591 4194 622 4244 et
638 4180 745 4244 habitu
768 4195 801 4245 ut
818 4184 913 4246 homo
935 4183 1070 4247 inveniri
1093 4182 1208 4246 debuit.
1234 4181 1270 4246 Si
1286 4182 1372 4246 enim
1389 4179 1536 4248 christus

343 4313 383 4355 ex
400 4291 493 4355 nobis
526 4313 588 4354 non
622 4290 851 4363 suamevisset‚
869 4304 900 4355 et
917 4291 966 4355 sic
983 4293 1020 4354 ad
1037 4312 1140 4377 gertus
1172 4291 1344 4354 humanum
1377 4295 1526 4374 tamquam
1568 4380 1572 4391 .

454 4527 476 4604 ¹)
494 4529 626 4600 blansi,
651 4530 725 4588 Oott.
751 4530 841 4590 C'anc.
868 4532 905 4588 Τ.
924 4528 955 4591 3.
974 4552 999 4593 ο.
1017 4526 1094 4591 586.
1113 4564 1156 4574 -
1174 4525 1201 4613 ²)
1217 4529 1329 4590 Cone.
1355 4513 1498 4589 obstari·

343 4625 399 4677 act.
418 4621 446 4677 5.
464 4618 564 4693 Defia.
581 4619 627 4680 Ib.
645 4621 683 4679 Τ.
703 4618 732 4679 7.
751 4642 775 4680 ο.
795 4618 868 4683 115.
888 4620 934 4681 cf.
952 4622 1059 4680 Oonc.
1077 4620 1365 4700 Constantinop.
1382 4618 1417 4679 [l.
1430 4608 1490 4677 cli·
1542 4644 1550 4677 .-
1573 4610 1580 4663 .‘

343 4708 390 4770 Ib.
408 4709 445 4768 Τ.
463 4706 494 4771 9.
513 4731 537 4767 ο.
556 4707 631 4772 363.
650 4711 760 4771 Cone.
777 4713 853 4770 Nic.
872 4712 914 4774 H.
931 4712 1031 4787 Dassa.
1042 4711 1101 4788 fid.
1117 4711 1164 4771 Ib.
1181 4712 1219 4771 T.
1240 4709 1292 4774 13.
1311 4732 1338 4776 c.
1355 4705 1485 4772 libb*
1536 4754 1542 4793 g

344 4800 370 4879 ³)
387 4799 431 4860 ct.
448 4800 547 4876 Epist.
567 4801 681 4877 Synod.
699 4802 745 4866 Ib.
764 4804 801 4862 T.
820 4800 851 4862 3.
869 4824 894 4863 c.
912 4799 1074 4886 351.-⁴)
1087 4788 1480 4871 Aaatt.2.9.10.1b.e.tlit
1533 4860 1541 4885 .;
