3775 5625
1470 435 1539 509 533
1598 487 1601 496 »

349 606 488 688 manvia
515 605 651 688 gratuita
668 604 727 678 sit,
753 623 811 666 non
830 625 867 667 ex
886 605 1026 668 absoluto
1044 607 1188 680 decreto,
1210 608 1264 669 sed
1282 610 1337 669 sub
1362 609 1536 671 conditione

348 720 418 779 fidei
444 728 562 778 tantum
586 719 654 777 fieri
680 719 822 777 adstruit.
864 718 1059 796 Quapropter
1085 740 1122 777 ex
1144 719 1248 778 verbis
1272 722 1412 797 Apostoli
1436 722 1538 797 potius

348 829 538 891 contrarium
557 828 710 903 conjicere
727 828 811 896 licet,
829 828 992 899 videlicet,
1009 830 1320 906 praedestinationem
1339 829 1375 888 ad
1393 832 1537 910 gratiam,
1583 872 1590 888 ,

348 948 380 997 et
395 939 463 998 ideo
481 955 518 996 eo
535 938 635 1018 magis
651 938 965 1014 praedestinationem
984 939 1020 996 ad
1039 939 1171 1017 gloriam
1190 957 1247 996 nun
1267 958 1337 996 esse
1355 940 1537 1011 absolutam,

348 1050 403 1108 sed
418 1048 656 1124 hypotheticam,
673 1048 837 1117 sententia,
855 1065 944 1123 quam
956 1048 1083 1106 disertis
1100 1048 1205 1107 verbis
1223 1049 1260 1106 ab
1277 1050 1424 1124 Apostolo
1441 1051 1537 1108 Paulo

348 1158 492 1235 superius
508 1158 538 1215 in
556 1159 662 1216 eadem
679 1157 809 1233 epistola
827 1158 1012 1216 enuntiatam
1031 1176 1125 1234 snpra
1141 1158 1272 1216 vidimus
1282 1159 1319 1234 ¹).

454 1269 558 1343 Neque
575 1269 671 1326 verba
687 1269 826 1326 Lucae:
853 1265 1091 1343 Credideruut,
1110 1274 1269 1347 quotquot
1283 1275 1381 1327 erunt
1391 1287 1537 1347 proeor-

349 1378 455 1436 dinati
487 1376 533 1434 ad
559 1376 705 1451 eitam).
745 1378 821 1434 Nam
844 1376 949 1435 verbis
972 1377 1044 1435 istis
1065 1377 1269 1456 Evangelista
1295 1387 1410 1436 tantum
1434 1379 1537 1438 dicere

347 1488 428 1560 vult,
462 1503 566 1544 omnes
590 1486 679 1544 fidem
702 1486 881 1556 admisisse,
906 1487 956 1563 qui
979 1496 1068 1545 erant
1085 1505 1102 1544 a
1119 1488 1186 1544 Deo
1204 1487 1441 1563 praedestinati,
1465 1506 1537 1565 quo·

347 1597 428 1656 niam
445 1593 606 1672 praesciti,
630 1594 667 1653 ad
689 1595 777 1653 fidem
796 1613 831 1654 ac
843 1595 1098 1669 justificationem
1125 1613 1181 1653 seu
1198 1595 1329 1654 filiorum
1347 1596 1538 1672 adoptionem

346 1704 572 1782 recipiendam,
605 1720 693 1779 quam
719 1704 895 1763 baereditas
916 1706 998 1763 vitae
1016 1714 1163 1763 aeternae
1180 1704 1339 1785 sequitur‚‘
1368 1680 1401 1761 si
1418 1705 1539 1764 seilicet

347 1816 438 1873 bomo
462 1815 492 1871 in
513 1813 566 1872 illa
582 1832 678 1890 usque
697 1815 732 1873 ad
750 1814 839 1873 finem
857 1814 1073 1891 permanserit.
1114 1815 1179 1871 Non
1206 1832 1276 1871 esse
1294 1823 1393 1872 autem
1412 1814 1460 1874 hic
1477 1815 1539 1874 loci

348 1925 388 1983 de
404 1924 546 1983 absoluta
568 1923 849 1999 praedestinatione
873 1925 910 1981 ad
927 1924 1059 2002 gloriam
1077 1941 1268 1993 sermonem,
1284 1922 1347 1996 jam
1366 1924 1436 1982 inde
1454 1926 1537 1984 clare

346 2032 567 2111 cognoscitur;
600 2032 741 2107 quoniam
774 2050 865 2091 secus
898 2052 935 2089 ex
956 2032 1062 2091 verbis
1085 2032 1145 2089 illis
1170 2040 1368 2108 sequeretur,
1401 2042 1447 2092 tot
1468 2052 1539 2093 esse

345 2140 606 2219 praedestinatus,
624 2150 772 2217 quotquot
789 2141 879 2199 fidem
895 2140 1088 2201 admiserint.
1111 2174 1152 2184 —
1169 2142 1284 2200 liudem
1302 2159 1432 2216 prorsus
1451 2144 1538 2201 modo

344 2250 549 2330 intelligenda
565 2260 637 2308 sunt
652 2251 750 2309 verba
765 2250 868 2309 Pauli:
902 2245 1001 2308 Siout
1015 2250 1105 2324 eliqit
1119 2268 1180 2308 uos
1196 2254 1230 2307 in
1246 2254 1316 2327 ipso
1335 2257 1411 2310 aute
1427 2253 1539 2310 rumuli

345 2365 626 2438 constitutionem,
660 2366 698 2419 ut
726 2378 873 2419 essemus
897 2364 1019 2431 saneti,
1043 2364 1076 2418 et
1089 2358 1292 2418 iruueoeuloti·
1314 2365 1349 2419 in
1365 2343 1539 2438 conspeetu

345 2472 420 2545 ey'us
435 2472 468 2529 in
484 2474 663 2529 enaritate:
685 2473 741 2548 qui
758 2469 1020 2546 praedestinavit
1039 2487 1099 2528 uos
1119 2471 1153 2538 io
1170 2470 1375 2546 adoptionem
1389 2467 1536 2547 filiorum

341 2598 405 2659 per
426 2576 544 2637 Jesum
570 2577 736 2639 Obristum
752 2583 786 2637 in
801 2582 924 2657 ipsum,
947 2578 1126 2637 sectandum
1145 2583 1400 2656 propositionem
1416 2580 1536 2639 volun-

345 2692 426 2747 tatis
441 2706 525 2747 eune
532 2685 567 2766 ³).

455 2792 485 2858 3.
504 2798 566 2858 Sed
584 2817 682 2876 neque
698 2798 789 2868 illud,
811 2797 950 2876 quemvis
968 2796 1135 2874 sapientem
1154 2797 1239 2874 prius
1263 2798 1423 2856 intendere
1446 2799 1536 2857 linem

346 2927 437 2985 quam
461 2909 569 2968 media.
608 2910 730 2967 Etenim
757 2909 786 2967 id
809 2908 928 2984 quidem
947 2908 1044 2984 quoad
1062 2907 1152 2964 finem
1170 2907 1341 2965 absolutum
1359 2909 1456 2976 valet,
1484 2927 1536 2965 ne·

346 3037 497 3096 quaquam
521 3036 595 3075 vero
622 3019 720 3094 quoad
742 3018 833 3075 linem
856 3016 1099 3092 hypotheticum,
1133 3035 1220 3092 quem
1239 3016 1298 3074 alio
1318 3017 1423 3085 modo,
1447 3035 1536 3093 quam

346 3127 553 3187 conditionate
576 3127 655 3184 velle
678 3127 790 3185 rationi
812 3144 848 3185 ac
866 3124 1035 3202 sapientiae
1058 3133 1220 3202 repugnat.
1249 3127 1390 3200 'losuper
1412 3125 1536 3184 hicnon

346 3248 408 3295 tam
431 3237 467 3295 de
490 3225 550 3294 line
568 3254 604 3295 ac
622 3237 729 3294 mediis
747 3237 783 3294 ad
800 3236 884 3293 illum
907 3233 1154 3310 consequendum
1182 3233 1350 3312 eligendis,
1372 3253 1459 3310 quam
1484 3253 1535 3310 po·

346 3346 409 3404 tius
440 3345 476 3403 de
509 3346 651 3405 mercede
683 3344 802 3403 meritis
829 3343 1017 3423 assignanda
1043 3343 1157 3421 agitur.
1196 3345 1243 3400 De
1269 3343 1410 3403 mercede
1434 3353 1534 3402 autem

346 3455 446 3513 danda
460 3455 547 3529 prins
565 3455 726 3532 cogitare,
750 3471 839 3531 quam
856 3453 966 3511 merita
991 3452 1091 3518 scire,
1125 3470 1183 3510 non
1207 3451 1536 3527 sapientiam,'verum

345 3563 479 3640 partium
497 3563 639 3631 studium,
657 3582 673 3620 a
689 3565 756 3620 Deo
774 3562 893 3620 omnino
911 3563 1054 3630 alienum,
1071 3561 1185 3638 arguit.

476 3828 502 3908 ς.
521 3821 615 3893 122.
632 3825 783 3892 natur
799 3820 1149 3906 reprobationis
1166 3823 1417 3891 decretum.

454 4025 563 4104 Quoad
578 4023 836 4108 reprobationem
853 4023 975 4109 pariter
992 4022 1173 4111 dogmatice
1196 4033 1319 4086 certum
1337 4033 1401 4094 est,
1427 4022 1536 4085 decre·

347 4147 413 4199 tum
436 4135 499 4198 hoc
520 4153 634 4196 revera
656 4132 732 4197 dari.
772 4133 807 4195 ln
829 4133 1081 4218 quomobiscum
1104 4152 1216 4196 omnes
1239 4129 1459 4200 consentiunt,
1486 4128 1539 4214 qui

348 4247 479 4309 decreta
494 4243 525 4306 in
541 4243 612 4307 Deo
629 4240 801 4306 universim
819 4241 995 4305 admittunt.

454 4354 814 4414 Praedestinatiani
847 4363 964 4422 autem,
987 4363 1018 4412 et
1039 4354 1120 4411 inter
1142 4352 1198 4410 bos
1222 4351 1397 4410 nominatim
1415 4350 1536 4408 Calvi·

349 4484 415 4523 nus
437 4475 468 4522 et
492 4467 605 4535 Bene,
630 4464 740 4539 aliique
756 4464 839 4522 illius
858 4465 998 4522 asseclae
1023 4462 1195 4521 absolutam
1213 4462 1459 4537 reprobationem
1479 4478 1537 4516 non

348 4583 466 4633 tantum
494 4573 685 4650 negativam,
708 4574 761 4631 sed
784 4572 945 4648 positivam
971 4572 1190 4640 adstruebant,
1214 4571 1234 4630 i.
1259 4590 1285 4628 e.
1305 4570 1538 4648 contendebant,
1577 4634 1579 4638 y

348 4761 566 4776 m*

461 4866 487 4942 ¹)
505 4861 550 4926 Of.
566 4849 724 4935 Romsll,
741 4861 771 4928 2.
799 4899 841 4910 —-
871 4861 896 4941 ²)
915 4862 982 4924 aot.
1003 4859 1054 4942 13,
1070 4858 1123 4923 48.
1148 4896 1188 4906 -
1212 4861 1239 4936 ³)
1256 4858 1371 4942 Ephes.
1393 4855 1421 4933 1,
1438 4854 1538 4920 4-5.
