3775 5625
352 415 398 500 ld

351 605 533 681 scriptione,
558 605 640 664 sicut
657 615 688 664 et
705 623 743 663 ex
759 604 898 681 reliquis,
916 609 993 681 quae
1017 604 1048 663 in
1072 605 1205 664 historia
1226 613 1492 682 protoparentum
1512 618 1566 668 oc·

351 700 497 782 currunt,
515 715 594 791 quod
611 714 734 775 scilicet
749 714 809 790 ipsi
825 714 1001 791 paradisum
1018 714 1280 794 inhabitaverint,
1298 725 1371 791 post
1388 726 1563 792 peccatum

350 824 435 884 iuter
460 824 546 903 ligna
571 824 709 900 paradisi
726 843 759 881 se
778 824 997 882 absconderint
1009 827 1056 896 ¹),
1079 825 1116 882 de
1134 824 1218 883 foliis
1234 825 1380 884 ficulneis
1397 825 1464 884 sibi
1478 826 1565 903 peri·

350 943 472 993 somata
489 934 526 993 ed
544 933 682 991 membra
709 950 765 990 sua
790 932 963 1010 obtegenda
988 930 1225 1004 consuerint’),
1248 951 1344 1011 porro
1368 953 1386 991 e
1411 934 1566 1010 paradiso

350 1043 445 1118 ejecti
471 1043 600 1111 fuerint,
629 1052 719 1119 atque
737 1041 773 1099 de
791 1042 931 1100 custodia
957 1042 1148 1120 Angelorum
1165 1042 1313 1112 adbibita,
1331 1061 1371 1101 ue
1390 1042 1499 1102 aditus
1517 1043 1566 1103 eis

350 1154 388 1211 ad
404 1153 523 1231 liguum
541 1151 622 1210 vitae
638 1160 760 1227 pateret
771 1155 819 1223 θ),
837 1160 956 1209 certum
973 1159 1021 1209 est
1038 1169 1075 1211 ac
1092 1151 1219 1210 evidens
1230 1156 1272 1224 4).
1301 1154 1363 1211 Ast
1379 1152 1408 1211 si
1427 1153 1565 1212 ulterius

349 1262 387 1321 de
405 1261 469 1321 situ
486 1261 624 1335 ejusdem
642 1260 782 1337 quaestio
801 1268 958 1317 movetur:
984 1261 1175 1318 eruditorum
1199 1261 1334 1337 desuper
1354 1261 1565 1337 conjecturas

347 1372 380 1431 in
398 1371 498 1429 medio
516 1389 588 1428 esse
605 1369 823 1445 relinquendas
841 1386 1021 1438 censemus;
1046 1387 1138 1447 quum
1153 1388 1211 1430 nec
1228 1371 1265 1429 ad
1283 1371 1369 1430 vitae
1386 1372 1564 1432 sanctimo-

350 1482 443 1552 niam,
459 1500 517 1540 nec
535 1482 573 1539 ad
590 1459 794 1538 eruditionem
812 1477 970 1553 opiniones
986 1479 1065 1536 istae
1083 1480 1247 1556 quidquam
1264 1480 1451 1551 eonfereut3
1469 1490 1564 1559 atque

350 1592 421 1670 quia
441 1591 550 1649 inutile
572 1590 697 1647 videtur
718 1606 880 1665 quaerere,
908 1606 944 1647 ac
968 1589 1166 1647 temerarium
1189 1589 1320 1647 delinire
1343 1590 1428 1649 velle
1445 1591 1564 1662 locum,

349 1701 400 1778 qui
417 1710 545 1777 propter
561 1700 752 1757 immutatam
769 1716 826 1772 per
842 1696 986 1755 diluvium
1005 1697 1116 1757 faeiem
1133 1708 1251 1768 terrae,
1264 1707 1299 1757 ut
1309 1698 1377 1772 jam
1395 1698 1479 1758 dixit
1495 1702 1563 1760 Au·

349 1810 548 1891 guntinus,
568 1826 586 1866 a
603 1806 781 1885 cognitione
800 1806 841 1863 sit
857 1806 1084 1864 remotissimus
1094 1810 1135 1879 ⁵).

441 2054 477 2145 ξ.
503 2052 572 2124 18.
597 2048 824 2120 Felicitas
846 2050 1236 2137 protoparentum
1262 2065 1463 2121 summu.

457 2262 559 2341 Quum
570 2260 638 2344 jam
652 2255 745 2343 primi
762 2267 912 2340 parentes
925 2274 1083 2318 summam
1095 2274 1206 2318 rerum
1222 2254 1496 2321 necessariarum
1513 2259 1558 2323 st·

348 2394 409 2459 que
427 2370 524 2436 etiam
545 2368 607 2432 Dei
624 2365 768 2430 notitiam
785 2365 954 2439 habereut,
974 2362 1099 2448 justitia
1120 2376 1152 2427 et
1169 2362 1341 2429 sanctitate
1359 2366 1488 2442 ornati,
1505 2388 1561 2432 vo·

347 2478 458 2547 lmrtati
475 2497 574 2543 sanae
590 2497 629 2541 ac
644 2474 757 2539 lirmm
774 2475 859 2537 nullo
875 2474 1053 2538 reluctante
1069 2484 1159 2536 motu
1177 2472 1482 2559 concupiscentiae,
1500 2497 1562 2542 uec

347 2590 444 2657 morti
467 2589 623 2653 morbove
646 2583 779 2649 obnoxii
800 2595 926 2657 essent,
951 2602 1052 2666 neque
1073 2580 1146 2645 ullis
1164 2581 1328 2647 aerumnis
1346 2583 1562 2651 doloribusve

345 2701 541 2772 laborarent,
559 2708 653 2782 atque
670 2692 777 2759 omnia
793 2692 855 2755 illis
872 2691 1002 2755 omnino
1020 2691 1167 2775 subjecta
1183 2703 1305 2767 essent,
1322 2693 1396 2758 Deo
1415 2695 1558 2760 clemen·

345 2809 472 2876 tissime
490 2805 664 2892 specialem
681 2824 791 2868 curam
814 2822 926 2865 eorum
947 2812 1097 2886 gerente,
1121 2813 1154 2864 et
1174 2799 1268 2885 ipsos
1290 2802 1472 2870 educante:
1507 2825 1556 2871 se·

345 2919 452 3008 quitur
470 2939 582 2982 eorum
598 2912 738 3001 insignis
759 2909 895 2975 felicitas
912 2922 944 2974 et
961 2909 1106 2974 beatitas.
1124 2947 1169 2958 --
1187 2910 1276 2989 Quae
1297 2910 1460 2989 felicitas,
1484 2913 1557 2981 licet

345 3040 485 3103 summa,
501 3040 608 3090 tamen
626 3023 754 3106 expleta
771 3041 809 3083 ac
825 3019 969 3104 perfecta
984 3020 1069 3083 haud
1084 3016 1152 3093 fuit,
1169 3020 1229 3084 sed
1245 3019 1555 3104 amplificationisin

345 3139 415 3213 dies
432 3158 544 3223 capax.
567 3134 660 3214 Quod
671 3133 741 3216 jam
756 3130 830 3193 inde
847 3127 1024 3215 colligitur,
1041 3126 1192 3213 quoniam
1206 3128 1269 3192 hac
1286 3128 1326 3191 de
1343 3148 1450 3195 causa
1467 3142 1555 3195 eram

344 3249 439 3338 primi
459 3258 612 3334 parentes
634 3242 750 3318 creati,
773 3251 891 3305 ettam
915 3236 1080 3321 multiplici
1102 3236 1209 3324 gratia
1231 3234 1263 3298 in
1283 3248 1359 3300 ortu
1376 3258 1442 3303 suo
1461 3258 1552 3304 exor-

344 3358 419 3434 nati,
436 3371 471 3422 ut
487 3354 640 3422 continuo
656 3370 839 3440 progressu
856 3345 1072 3432 perfectiores
1088 3346 1275 3434 evaderent,
1293 3346 1402 3411 donec
1419 3346 1552 3413 inbono

344 3466 551 3537 corroborati
571 3486 609 3530 ac
628 3481 767 3547 prorsus
789 3455 953 3530 maturati,
976 3453 1126 3518 felicitate
1149 3453 1391 3537 supernaturali
1414 3456 1554 3540 posim.

345 3592 396 3674 tur
414 3573 551 3643 coelesti
562 3573 600 3653 ⁶).

342 3708 622 3730 ae

453 3771 481 3858 ¹)
500 3773 577 3835 Gen.
595 3770 625 3848 3,
643 3772 674 3836 8.
691 3807 735 3818 —
755 3769 779 3850 ²)
799 3768 876 3831 Gen.
894 3765 925 3842 3,
943 3765 974 3829 l.
986 3802 1029 3812 -
1044 3763 1067 3845 ³)
1085 3761 1290 3838 Gen.3,23s.
1308 3763 1356 3826 Of.
1367 3765 1451 3830 Gen.
1465 3764 1566 3841 l,28.

348 3907 392 3918 -
411 3868 437 3948 ⁴)
454 3867 500 3929 cf.
526 3864 734 3924 Methodius
759 3860 841 3940 apud
858 3858 1036 3938 Epiphan.
1063 3859 1147 3916 beer.
1165 3858 1214 3916 64.
1232 3876 1263 3917 n.
1280 3858 1331 3918 47.
1367 3856 1452 3939 Opp.
1471 3860 1511 3921 Τ,
1528 3855 1572 3919 l.

344 3984 376 4043 p.
392 3957 459 4023 572
477 3979 501 4018 s.
527 3956 657 4036 Epiph.
675 3955 819 4013 Ancorct.
836 3971 865 4011 n.
883 3952 924 4008 54
939 3969 965 4008 s.
984 3948 1063 4028 Opp.
1081 3947 1120 4008 T.
1138 3944 1169 4008 2.
1186 3942 1266 4026 pot
1280 3967 1306 4010 s.
1323 3949 1386 4026 Ep.
1407 3953 1450 4010 ad
1465 3952 1573 4011 Joon.

345 4051 452 4131 Epire.
469 4048 594 4109 Hieros.
612 4040 781 4125 tapete.
800 4041 1051 4120 Chrysostom.
1071 4042 1162 4099 Hom.
1172 4040 1222 4098 13.
1239 4037 1275 4095 in
1293 4037 1371 4103 Gen.
1382 4060 1415 4102 n.
1426 4043 1458 4104 3.
1477 4040 1576 4120 Opp.

345 4144 383 4205 T.
401 4137 431 4202 4.
448 4161 479 4219 p.
499 4134 574 4199 103.
600 4135 799 4214 Augustin.
816 4135 863 4190 De
880 4131 936 4190 civ.
954 4129 1015 4189 Dei
1032 4131 1050 4191 l.
1069 4132 1118 4190 13.
1137 4148 1162 4189 o.
1179 4130 1229 4189 21.
1255 4127 1294 4189 T.
1313 4124 1344 4191 7.
1362 4149 1389 4192 e.
1408 4126 1489 4194 341,
1512 4132 1585 4192 Do

348 4233 425 4295 Gen.
442 4229 555 4289 aetite
575 4229 594 4289 l.
613 4231 642 4288 8.
661 4248 685 4287 e.
705 4228 732 4285 7.
750 4224 788 4285 T.
806 4220 836 4282 3.
857 4223 893 4283 P.
913 4218 941 4282 l.
960 4241 983 4281 c.
1001 4216 1068 4280 230
1085 4240 1109 4283 s.
1143 4218 1579 4295 Thom.1.q.102.a,1.

347 4324 426 4405 Opp.
445 4322 487 4382 th.
505 4321 543 4381 T.
561 4317 615 4380 20.
632 4339 662 4397 p.
681 4312 748 4377 558
767 4335 791 4373 s.
817 4315 861 4371 Et
876 4310 986 4372 Theol.
1004 4309 1096 4372 schol.
1117 4329 1232 4373 omnes.
1250 4310 1288 4373 Iu
1306 4308 1425 4376 concil.
1444 4333 1579 4374 oscum.

346 4416 401 4477 VI.
420 4412 574 4473 CPteuo
591 4409 634 4470 ΙΙ.
654 4414 711 4466 oct.
733 4402 783 4466 13.
803 4401 991 4482 approbatur
1007 4401 1106 4480 Epist.
1124 4398 1346 4479 Sophronii,
1363 4402 1397 4462 in
1414 4424 1477 4485 qua
1493 4402 1580 4464 Oriae

346 4504 483 4586 genistae
501 4501 682 4561 damnentur
700 4516 801 4568 exeo,
819 4493 898 4574 quod
914 4499 1037 4570 praeter
1053 4490 1579 4570 pluresalioserroresetiemcon·

347 4606 395 4656 tra
410 4602 568 4673 paternam
585 4599 616 4651 et
633 4586 831 4668 apostolicam
848 4583 1053 4642 Traditionem
1070 4581 1205 4659 paradisi
1216 4581 1444 4661 plantationem
1454 4586 1571 4665 proje·

348 4687 454 4747 corint.
472 4682 605 4762 Menai,
625 4680 702 4742 Oott.
721 4677 813 4738 C'onc.
830 4675 868 4734 T.
887 4669 938 4733 10.
957 4692 981 4730 c.
999 4667 1075 4732 545.
1094 4670 1162 4732 coll.
1180 4658 1238 4733 oct.
1250 4675 1280 4732 1.
1291 4692 1317 4734 c.
1327 4669 1568 4756 494.-³)ef.

347 4775 517 4836 Iuvenin.
534 4775 613 4833 Inest.
631 4771 717 4830 theol.
735 4768 773 4828 T.
792 4763 821 4826 3.
840 4763 916 4824 diss.
932 4764 962 4822 3.
979 4782 1008 4840 p.
1027 4759 1102 4823 333.
1116 4796 1157 4806 —
1174 4759 1199 4842 ⁸)
1219 4761 1313 4823 Hanc
1328 4765 1448 4826 foljoem
1463 4758 1565 4824 homi.

348 4869 394 4930 nis
409 4865 497 4954 primi
513 4862 715 4926 conditionem
732 4856 866 4941 pulchre,
883 4871 966 4912 more
984 4871 1048 4934 suo,
1064 4853 1106 4912 ita
1123 4851 1272 4916 describit
1287 4873 1424 4936 manus
1436 4857 1559 4934 Augu·
