3775 5625
1442 446 1508 513 239

320 605 412 669 sicet
425 614 493 671 ista
509 610 679 670 salutatio.
712 607 761 670 Et
776 614 824 669 ait
838 610 983 685 Armatus
999 615 1047 669 ei:
1063 612 1115 671 Ne
1132 616 1247 672 bracas
1263 612 1393 689 Maria,
1417 620 1509 675 inoe-

321 718 399 777 itia
414 724 499 778 euim
513 724 659 796 qratiam
676 720 766 797 apud
780 718 903 778 Deurn:
927 740 999 778 ecce
1020 725 1194 798 concipies,
1217 728 1248 781 et
1264 728 1379 800 paries
1391 724 1507 801 fitium,

320 827 351 880 rt
370 829 506 887 vocabis
527 848 644 888 nomen
665 831 739 903 eJ'us
762 825 888 887 desum.
937 829 1001 889 Hic
1022 835 1086 889 erit
1105 850 1255 905 mappas,
1274 839 1306 890 et
1322 832 1429 893 bitias
1445 834 1509 893 At-

320 934 441 996 tissim
456 939 639 1013 vocabitur,
658 944 691 997 et
705 938 797 997 dabit
810 938 859 996 itti
873 938 1037 998 Dominus
1052 940 1143 999 Deus
1158 941 1266 998 sedem
1282 941 1392 1001 Dauid
1402 948 1510 1019 patris

320 1040 410 1118 das:
434 1053 467 1106 et
486 1047 635 1121 reyuobit
654 1051 686 1105 in
710 1048 802 1105 domo
822 1045 930 1105 Jacob
947 1052 981 1105 in
998 1054 1183 1106 aeternum:
1205 1056 1237 1107 et
1252 1055 1341 1124 repat
1357 1053 1429 1125 ejus
1445 1072 1510 1111 riou

320 1156 387 1211 erit
395 1158 483 1233 fiais.
521 1156 618 1215 Dicit
633 1162 741 1215 autem
757 1154 874 1214 Maria
892 1157 937 1214 ad
951 1156 1126 1231 Aupetum:
1152 1155 1320 1229 Quomodo
1336 1161 1393 1236 fiet
1407 1161 1508 1235 istud,

320 1270 503 1324 insoniam
528 1271 652 1324 virum
682 1285 758 1325 noa
785 1261 1004 1339 copao'sco?
1047 1265 1096 1324 Et
1120 1269 1321 1345 respondeus
1349 1268 1508 1344 Aaqetus,

320 1372 408 1433 tica
427 1380 475 1431 ei:
499 1372 687 1452 Spiritus
708 1373 745 1435 S.
767 1381 1029 1453 superveniet
1047 1381 1088 1434 ia
1111 1382 1157 1451 te,
1181 1385 1218 1436 et
1236 1382 1365 1436 virtus
1381 1378 1510 1436 Altis-

326 1484 407 1541 irni
430 1485 684 1545 obumbrabit
704 1485 784 1546 tibi.
824 1485 966 1564 Ideoque
988 1491 1020 1544 et
1042 1488 1130 1564 quod
1144 1493 1300 1547 arescetur
1317 1507 1360 1547 ea
1377 1492 1407 1545 te
1423 1484 1510 1545 Saa-

320 1594 418 1669 taeuu,
442 1595 612 1653 vocabitur
634 1592 745 1652 Filius
767 1593 828 1652 Dei
842 1596 879 1669 ¹).
926 1591 1148 1654 Matthaeus
1174 1604 1278 1655 autem
1295 1593 1402 1657 habet:
1429 1595 1510 1655 Oura

320 1707 406 1759 sset
431 1702 631 1779 desponsata
654 1708 759 1761 mater
776 1706 848 1777 ejus
865 1701 982 1762 Maria
1007 1702 1145 1781 loseph,
1170 1711 1342 1784 antequam
1365 1710 1510 1764 conveni·

320 1815 403 1887 snt,
421 1815 555 1869 inuenta
576 1816 627 1870 est
649 1815 686 1870 iu
702 1817 816 1871 utero
833 1814 981 1871 babeas
998 1814 1040 1871 de
1057 1810 1220 1891 Spiritu
1237 1811 1284 1874 S..
1303 1812 1428 1893 Josepb
1446 1834 1510 1873 au-

320 1937 375 1975 ·m
401 1925 455 1979 vir
471 1923 556 1997 ejas2
576 1939 648 1980 cum
665 1924 887 1996 essetJ'ustus‚
910 1927 942 1980 et
961 1921 1064 1982 nollet
1079 1942 1150 1981 eam
1168 1925 1343 2009 traducere
1360 1920 1510 2007 (ignomi-

320 2022 361 2086 ἰθ
391 2025 537 2101 afficere,
557 2026 590 2089 in
607 2029 662 2111 jus
680 2029 833 2106 trahere),
855 2031 958 2090 coluit
972 2032 1098 2091 occutte
1115 2034 1274 2092 dimittere
1291 2053 1371 2093 earn.
1420 2032 1512 2092 Haec

320 2143 429 2197 utem
447 2157 484 2198 eo
503 2145 676 2216 copitaate,
694 2160 767 2199 ecce
782 2140 927 2216 Aapebus
942 2142 1076 2201 Domini
1097 2147 1253 2219 apparuit
1276 2148 1311 2202 iu
1326 2147 1453 2201 soranis
1469 2147 1509 2216 ei,

320 2246 445 2306 icens:
471 2245 597 2327 Josepb
616 2250 665 2327 fili
686 2247 808 2308 David:
833 2251 901 2309 noti
922 2256 1034 2309 ttinere
1055 2257 1204 2328 accipere
1220 2250 1369 2310 Mariam
1392 2254 1511 2326 coasu-

320 2369 380 2414 ειη
405 2363 516 2417 tuom:
538 2358 628 2436 quod
645 2364 728 2417 eaim
749 2363 784 2417 ia
805 2379 843 2417 ea
865 2364 978 2419 uotum
995 2366 1061 2435 est,
1085 2361 1127 2419 de
1151 2358 1311 2438 Spiritu
1333 2358 1369 2420 S.
1402 2363 1511 2436 est2).

320 2456 353 2519 :t
370 2459 529 2526 inferius:
551 2465 600 2525 Et
617 2486 683 2528 uon
700 2470 915 2543 copnoscebat
929 2488 1014 2544 canc,
1038 2470 1139 2527 donec
1151 2474 1280 2547 peperit
1294 2469 1399 2547 fitium
1414 2489 1511 2530 suum

320 2574 584 2649 cimmeriorum:
602 2581 635 2635 et
648 2582 776 2635 vocavit
790 2597 906 2636 nornen
922 2580 996 2652 ejus
1013 2575 1130 2635 desum
1138 2577 1175 2653 ³).
1198 2574 1318 2652 Quibus
1335 2574 1416 2639 iocis
1433 2596 1511 2641 sane

320 2669 394 2741 tibi!
412 2692 522 2764 potest
539 2702 613 2745 esse
630 2682 781 2765 apertius.
1027 2758 1029 2761 y

427 2793 468 2855 B.
485 2792 572 2856 Haec
594 2804 644 2855 est
668 2800 792 2878 quoqne
810 2792 967 2856 unanimis
986 2795 1045 2856 SS.
1063 2793 1218 2857 Petrum
1236 2805 1299 2856 tam
1317 2794 1512 2858 Graecorum

320 2908 417 2973 {uam
453 2899 639 2964 Latinorum
667 2902 822 2965 doctrina.
870 2901 1047 2965 Nommtlos
1075 2901 1126 2964 hic
1153 2902 1307 2966 duntaxat
1332 2905 1511 2986 adpeltasse

320 3001 471 3083 *ufficiet
495 3010 673 3095 etquidem
697 3013 791 3086 tales,
813 3011 864 3098 qui
888 3023 987 3098 agunt
1009 3012 1047 3074 de
1068 3011 1178 3074 illaesa
1203 3013 1237 3075 B.
1263 3012 1403 3099 Virginis
1433 3012 1511 3075 inte·

320 3109 437 3186 [ritate
453 3118 487 3182 in
503 3132 605 3202 partu,
623 3143 717 3205 quum
734 3123 803 3204 ejus
819 3120 1065 3184 intemeritatem
1082 3119 1114 3182 in
1131 3133 1289 3203 cottceptu
1306 3142 1399 3184 nemo
1411 3121 1443 3184 in
1457 3123 1510 3184 du-

320 3213 405 3289 ’illm
422 3249 542 3292 vocare
561 3251 657 3293 ansus
675 3229 727 3294 sit.
765 3230 820 3294 Sic
836 3229 1079 3302 Ambrosius,
1100 3230 1150 3292 tel
1168 3230 1274 3312 potius
1294 3230 1513 3294 Concilium

320 3319 629 3413 lediotanense,
663 3341 818 3402 adversus
850 3339 1053 3402 boviniannm
1087 3339 1290 3412 celebratum,
1322 3338 1352 3400 in
1376 3343 1513 3419 epistota

320 3426 495 3511 ioaoouo
516 3451 555 3511 ad
574 3448 724 3512 Siricimn
739 3452 774 3513 P.
792 3449 913 3522 scribit,
936 3450 974 3511 de
991 3449 1042 3511 via
1058 3447 1280 3532 perversitatis
1298 3468 1382 3521 esse,
1400 3447 1451 3531 qui
1469 3448 1512 3510 di-

321 3557 404 3626 ant,
435 3560 599 3635 Virpiaem
623 3568 822 3641 concepisse,
846 3563 907 3619 sed
925 3582 992 3620 nou
1007 3544 1161 3636 oiryiuem
1174 3562 1401 3636 penerosse⁴);
1447 3560 1513 3621 An·

320 3664 525 3745 mutiensj
545 3677 574 3729 si
594 3671 726 3730 Obristo
743 3677 898 3731 noscente
914 3678 1073 3750 corrupta
1092 3674 1219 3748 fuisset
1238 3676 1356 3729 matris
1378 3675 1514 3744 oirpim'-

320 3775 382 3841 ⁰⁸>
406 3785 510 3838 totam
527 3779 712 3839 Ecclesiam
727 3781 820 3857 falso
838 3783 995 3858 confiteri,
1013 3799 1085 3839 eum
1100 3785 1214 3838 notram
1231 3780 1270 3837 de
1292 3780 1422 3852 Virpine
1437 3779 1514 3840 Mo-

320 3869 430 3958 '5⁰⁵);
480 3886 556 3949 Leo
573 3886 625 3959 M„
647 3888 688 3948 B.
711 3890 873 3964 Virpinem
886 3890 991 3967 fitium
1013 3908 1110 3948 sumu
1127 3889 1222 3948 sabea
1244 3894 1426 3964 cirpiaitote
1443 3890 1514 3947 edi-

320 3977 651 4018 χ*-

320 4127 323 4136 *
432 4059 466 4125 ¹)
484 4053 557 4112 Luc.
577 4051 606 4123 1,
624 4049 767 4114 26-υ35.
787 4053 832 4112 Cf.
851 4051 882 4124 3,
899 4051 953 4113 23.
987 4089 1027 4098 -
1064 4050 1277 4130 ²)Matth.1,
1307 4049 1447 4112 18-20.
1474 4089 1513 4095 -

320 4124 346 4193 '3
364 4131 480 4207 Matth.
502 4143 530 4214 1,
549 4140 602 4204 25.
621 4143 665 4204 Of.
687 4142 718 4222 l,
739 4141 791 4204 16.
824 4179 867 4188 -—
891 4142 916 4224 ⁴)
933 4144 1033 4217 Epist.
1051 4147 1103 4220 42,
1123 4165 1152 4202 u.
1171 4147 1265 4201 4-5.
1285 4141 1364 4222 Opp.
1384 4139 1422 4203 T.
1441 4141 1471 4203 2.
1489 4164 1512 4200 c.

320 4205 399 4288 337.
419 4233 591 4294 Galland.
608 4238 647 4294 B.
666 4238 735 4295 PP.
753 4236 790 4294 T.
810 4233 840 4296 7.
857 4257 887 4313 p.
905 4232 980 4295 542.
1002 4235 1046 4293 Cf.
1064 4235 1166 4294 Iustit.
1190 4234 1271 4309 Virp.
1290 4254 1315 4291 c.
1333 4237 1362 4295 8.
1382 4232 1462 4313 Opp.
1474 4235 1511 4291 Τ.

320 4295 349 4367 2·
370 4336 396 4378 ⁰·
411 4321 479 4386 262
498 4328 575 4382 s.De
590 4326 641 4383 oio
652 4326 863 4399 perversitatis
876 4329 1053 4399 produntur
1070 4326 1184 4384 dicere:
1205 4325 1316 4400 Virpo
1333 4345 1439 4383 conce
1442 4324 1509 4398 pit,

320 4405 937 4490 ςε(ἶηοηυίνρο96ηοτσιυὶί.-Ηαεο
955 4417 1142 4492 estoir90‚
1167 4416 1307 4490 quaein
1322 4423 1514 4474 uterocou-

320 4498 437 4576 2epit,
455 4506 581 4583 sirpo,
609 4529 696 4582 quae
708 4507 1008 4584 peperitfitium.
1028 4544 1068 4552 -
1088 4504 1114 4592 ⁵)
1130 4506 1291 4567 Eucbirid.
1310 4528 1333 4566 c.
1351 4511 1400 4566 34.
1418 4527 1447 4563 u.
1466 4509 1515 4565 10.

346 4599 407 4666 PP.
425 4599 465 4658 Τ.
484 4594 515 4657 6.
532 4619 556 4656 c.
574 4595 650 4659 210.
669 4597 736 4666 Quo
752 4599 781 4656 si
796 4591 843 4657 oet
857 4606 995 4657 nascente
1011 4605 1252 4671 corrumperetur
1268 4600 1332 4675 ejus
1349 4597 1515 4671 impribus,

320 4679 381 4734 ²⁰⁷2
396 4691 472 4762 jam
493 4688 544 4746 itte
564 4692 599 4747 do
614 4689 732 4765 cirpiae
747 4698 936 4758 nasceretur,
955 4709 1077 4765 cumque
1087 4690 1188 4767 falso,
1213 4692 1294 4764 quod
1309 4688 1396 4757 absit,
1412 4695 1516 4747 uatum

320 4751 354 4907 ξ
376 4770 660 4933 ῑὲίνὲίποζίέἱῖανὶα
674 4788 735 4839 tota
751 4780 936 4864 confiteretur
952 4780 1098 4840 Ecclesia.
1117 4779 1161 4839 Of.
1178 4781 1280 4856 Epist.
1299 4783 1366 4840 137.
1384 4799 1414 4842 a.
1432 4782 1516 4866 135

320 4889 323 4896 ⁴
357 4898 366 4910 ·
423 4916 430 4931 .
469 4890 518 4937 ,e
612 4891 636 4934 s.
