<?xml version="1.0" encoding="UTF-8"?>
<!DOCTYPE html PUBLIC "-//W3C//DTD XHTML 1.0 Transitional//EN"
    "http://www.w3.org/TR/xhtml1/DTD/xhtml1-transitional.dtd">
<html xmlns="http://www.w3.org/1999/xhtml" xml:lang="en" lang="en">
 <head>
  <title>
</title>
<meta http-equiv="Content-Type" content="text/html;charset=utf-8" />
  <meta name='ocr-system' content='tesseract 3.04.00' />
  <meta name='ocr-capabilities' content='ocr_page ocr_carea ocr_par ocr_line ocrx_word'/>
</head>
<body>
  <div class='ocr_page' id='page_1' title='image "./theologiadogmat00schwgoog/theologiadogmat00schwgoog_0560.png"; bbox 0 0 3775 5625; ppageno 0'>
   <div class='ocr_carea' id='block_1_1' title="bbox 338 386 1539 1307">
    <p class='ocr_par' dir='ltr' id='par_1_1' title="bbox 338 386 413 468">
     <span class='ocr_line' id='line_1_1' title="bbox 338 386 413 468; baseline 0 0"><span class='ocrx_word' id='word_1_1' title='bbox 338 386 413 468; x_wconf 76' lang='lat' dir='ltr'><strong>tu</strong></span> 
     </span>
    </p>

    <p class='ocr_par' dir='ltr' id='par_1_2' title="bbox 346 545 1539 1307">
     <span class='ocr_line' id='line_1_2' title="bbox 346 545 1536 652; baseline 0 -21"><span class='ocrx_word' id='word_1_2' title='bbox 346 565 457 652; x_wconf 79' lang='lat' dir='ltr'><strong>pellot3</strong></span> <span class='ocrx_word' id='word_1_3' title='bbox 475 562 560 652; x_wconf 86' lang='lat' dir='ltr'><strong>qnod</strong></span> <span class='ocrx_word' id='word_1_4' title='bbox 574 562 682 631; x_wconf 81' lang='lat' dir='ltr'><strong>secere</strong></span> <span class='ocrx_word' id='word_1_5' title='bbox 699 585 763 629; x_wconf 91' lang='lat' dir='ltr'><strong>non</strong></span> <span class='ocrx_word' id='word_1_6' title='bbox 773 545 950 650; x_wconf 72' lang='lat' dir='ltr'><strong>,potuisset</strong></span> <span class='ocrx_word' id='word_1_7' title='bbox 965 555 994 628; x_wconf 88' lang='lat' dir='ltr'><strong>si</strong></span> <span class='ocrx_word' id='word_1_8' title='bbox 1010 584 1112 649; x_wconf 84' lang='lat' dir='ltr'><strong>opero</strong></span> <span class='ocrx_word' id='word_1_9' title='bbox 1128 546 1234 630; x_wconf 82' lang='lat' dir='ltr'><strong>omnis</strong></span> <span class='ocrx_word' id='word_1_10' title='bbox 1254 549 1373 631; x_wconf 79' lang='lat' dir='ltr'><strong>sordes</strong></span> <span class='ocrx_word' id='word_1_11' title='bbox 1389 573 1424 630; x_wconf 89' lang='lat' dir='ltr'><strong>et</strong></span> <span class='ocrx_word' id='word_1_12' title='bbox 1440 545 1536 652; x_wconf 84' lang='lat' dir='ltr'><strong>inqui·</strong></span> 
     </span>
     <span class='ocr_line' id='line_1_3' title="bbox 347 671 1539 760; baseline -0.002 -21"><span class='ocrx_word' id='word_1_13' title='bbox 347 686 496 740; x_wconf 79' lang='lat' dir='ltr'><strong>nomento</strong></span> <span class='ocrx_word' id='word_1_14' title='bbox 519 695 593 740; x_wconf 88' lang='lat' dir='ltr'><strong>csse</strong></span> <span class='ocrx_word' id='word_1_15' title='bbox 614 672 773 740; x_wconf 84' lang='lat' dir='ltr'><strong>scivisset.</strong></span> <span class='ocrx_word' id='word_1_16' title='bbox 812 676 914 760; x_wconf 75' lang='lat' dir='ltr'><strong>Atque</strong></span> <span class='ocrx_word' id='word_1_17' title='bbox 938 671 1121 739; x_wconf 85' lang='lat' dir='ltr'><strong>Christus</strong></span> <span class='ocrx_word' id='word_1_18' title='bbox 1143 672 1315 738; x_wconf 83' lang='lat' dir='ltr'><strong>Dominus:</strong></span> <span class='ocrx_word' id='word_1_19' title='bbox 1350 673 1412 737; x_wconf 77' lang='lat' dir='ltr'><strong>Sia</strong></span> <span class='ocrx_word' id='word_1_20' title='bbox 1436 677 1539 738; x_wconf 82' lang='lat' dir='ltr'><strong>luceat</strong></span> 
     </span>
     <span class='ocr_line' id='line_1_4' title="bbox 348 786 1535 868; baseline -0.001 -20"><span class='ocrx_word' id='word_1_21' title='bbox 348 787 424 849; x_wconf 74' lang='lat' dir='ltr'><strong>iure</strong></span> <span class='ocrx_word' id='word_1_22' title='bbox 439 792 574 849; x_wconf 86' lang='lat' dir='ltr'><strong>oeetra</strong></span> <span class='ocrx_word' id='word_1_23' title='bbox 590 787 913 848; x_wconf 77' lang='lat' dir='ltr'><strong>eoramttamiuitue:</strong></span> <span class='ocrx_word' id='word_1_24' title='bbox 937 792 977 847; x_wconf 87' lang='lat' dir='ltr'><strong>at</strong></span> <span class='ocrx_word' id='word_1_25' title='bbox 989 786 1121 847; x_wconf 82' lang='lat' dir='ltr'><strong>uideant</strong></span> <span class='ocrx_word' id='word_1_26' title='bbox 1135 806 1254 868; x_wconf 82' lang='lat' dir='ltr'><strong>opera</strong></span> <span class='ocrx_word' id='word_1_27' title='bbox 1269 792 1412 848; x_wconf 77' lang='lat' dir='ltr'><strong>aestro</strong></span> <span class='ocrx_word' id='word_1_28' title='bbox 1429 788 1535 867; x_wconf 79' lang='lat' dir='ltr'><strong>boue,</strong></span> 
     </span>
     <span class='ocr_line' id='line_1_5' title="bbox 348 895 1535 980; baseline -0.002 -22"><span class='ocrx_word' id='word_1_29' title='bbox 348 903 383 959; x_wconf 89' lang='lat' dir='ltr'><strong>et</strong></span> <span class='ocrx_word' id='word_1_30' title='bbox 394 898 580 977; x_wconf 72' lang='lat' dir='ltr'><strong>qtorifieeat</strong></span> <span class='ocrx_word' id='word_1_31' title='bbox 592 898 731 959; x_wconf 83' lang='lat' dir='ltr'><strong>Patrem</strong></span> <span class='ocrx_word' id='word_1_32' title='bbox 747 901 904 974; x_wconf 76' lang='lat' dir='ltr'><strong>oestrum,</strong></span> <span class='ocrx_word' id='word_1_33' title='bbox 922 900 977 977; x_wconf 78' lang='lat' dir='ltr'><strong>qui</strong></span> <span class='ocrx_word' id='word_1_34' title='bbox 991 900 1025 957; x_wconf 84' lang='lat' dir='ltr'><strong>ia</strong></span> <span class='ocrx_word' id='word_1_35' title='bbox 1036 896 1136 957; x_wconf 84' lang='lat' dir='ltr'><strong>coelio</strong></span> <span class='ocrx_word' id='word_1_36' title='bbox 1149 898 1242 973; x_wconf 62' lang='grc' dir='ltr'><strong>θεῖ’).</strong></span> <span class='ocrx_word' id='word_1_37' title='bbox 1259 895 1364 980; x_wconf 81' lang='lat' dir='ltr'><strong>Atque</strong></span> <span class='ocrx_word' id='word_1_38' title='bbox 1379 895 1535 960; x_wconf 85' lang='lat' dir='ltr'><strong>Petrus:</strong></span> 
     </span>
     <span class='ocr_line' id='line_1_6' title="bbox 351 1004 1534 1089; baseline -0.003 -21"><span class='ocrx_word' id='word_1_39' title='bbox 351 1004 417 1079; x_wconf 77' lang='lat' dir='ltr'><strong>Qut</strong></span> <span class='ocrx_word' id='word_1_40' title='bbox 442 1011 533 1069; x_wconf 89' lang='lat' dir='ltr'><strong>timet</strong></span> <span class='ocrx_word' id='word_1_41' title='bbox 555 1028 642 1089; x_wconf 87' lang='lat' dir='ltr'><strong>eum,</strong></span> <span class='ocrx_word' id='word_1_42' title='bbox 675 1014 709 1068; x_wconf 89' lang='lat' dir='ltr'><strong>et</strong></span> <span class='ocrx_word' id='word_1_43' title='bbox 728 1013 886 1087; x_wconf 77' lang='lat' dir='ltr'><strong>operatur</strong></span> <span class='ocrx_word' id='word_1_44' title='bbox 898 1010 1133 1085; x_wconf 76' lang='lat' dir='ltr'><strong>justitiam,</strong></span> <span class='ocrx_word' id='word_1_45' title='bbox 1158 1014 1354 1087; x_wconf 78' lang='lat' dir='ltr'><strong>acceptus</strong></span> <span class='ocrx_word' id='word_1_46' title='bbox 1376 1014 1433 1068; x_wconf 80' lang='lat' dir='ltr'><strong>eet</strong></span> <span class='ocrx_word' id='word_1_47' title='bbox 1447 1007 1534 1084; x_wconf 70' lang='lat' dir='ltr'><strong>utu).</strong></span> 
     </span>
     <span class='ocr_line' id='line_1_7' title="bbox 347 1113 1534 1201; baseline 0 -23"><span class='ocrx_word' id='word_1_48' title='bbox 347 1113 471 1178; x_wconf 82' lang='lat' dir='ltr'><strong>Dentur</strong></span> <span class='ocrx_word' id='word_1_49' title='bbox 486 1114 590 1201; x_wconf 84' lang='lat' dir='ltr'><strong>imque</strong></span> <span class='ocrx_word' id='word_1_50' title='bbox 609 1134 708 1200; x_wconf 81' lang='lat' dir='ltr'><strong>opere</strong></span> <span class='ocrx_word' id='word_1_51' title='bbox 719 1115 891 1199; x_wconf 83' lang='lat' dir='ltr'><strong>justarum,</strong></span> <span class='ocrx_word' id='word_1_52' title='bbox 908 1133 988 1198; x_wconf 86' lang='lat' dir='ltr'><strong>quae</strong></span> <span class='ocrx_word' id='word_1_53' title='bbox 1003 1114 1088 1179; x_wconf 88' lang='lat' dir='ltr'><strong>bone</strong></span> <span class='ocrx_word' id='word_1_54' title='bbox 1103 1135 1142 1180; x_wconf 87' lang='lat' dir='ltr'><strong>ac</strong></span> <span class='ocrx_word' id='word_1_55' title='bbox 1152 1115 1250 1199; x_wconf 85' lang='lat' dir='ltr'><strong>justa,</strong></span> <span class='ocrx_word' id='word_1_56' title='bbox 1267 1125 1300 1187; x_wconf 83' lang='lat' dir='ltr'><strong>et</strong></span> <span class='ocrx_word' id='word_1_57' title='bbox 1316 1113 1391 1179; x_wconf 89' lang='lat' dir='ltr'><strong>ideo</strong></span> <span class='ocrx_word' id='word_1_58' title='bbox 1402 1113 1475 1179; x_wconf 90' lang='lat' dir='ltr'><strong>Deo</strong></span> <span class='ocrx_word' id='word_1_59' title='bbox 1491 1133 1534 1178; x_wconf 85' lang='lat' dir='ltr'><strong>aa·</strong></span> 
     </span>
     <span class='ocr_line' id='line_1_8' title="bbox 350 1234 541 1307; baseline 0.005 -20"><span class='ocrx_word' id='word_1_60' title='bbox 350 1234 443 1307; x_wconf 83' lang='lat' dir='ltr'><strong>cepte</strong></span> <span class='ocrx_word' id='word_1_61' title='bbox 458 1235 541 1288; x_wconf 85' lang='lat' dir='ltr'><strong>sunt.</strong></span> 
     </span>
    </p>
   </div>
   <div class='ocr_carea' id='block_1_2' title="bbox 333 1348 1553 2638">
    <p class='ocr_par' dir='ltr' id='par_1_3' title="bbox 333 1348 1553 2638">
     <span class='ocr_line' id='line_1_9' title="bbox 452 1348 1534 1435; baseline 0.002 -24"><span class='ocrx_word' id='word_1_62' title='bbox 452 1351 492 1413; x_wconf 88' lang='lat' dir='ltr'><strong>B.</strong></span> <span class='ocrx_word' id='word_1_63' title='bbox 508 1350 561 1414; x_wconf 83' lang='lat' dir='ltr'><strong>Ex</strong></span> <span class='ocrx_word' id='word_1_64' title='bbox 576 1348 750 1414; x_wconf 81' lang='lat' dir='ltr'>innumeris</span> <span class='ocrx_word' id='word_1_65' title='bbox 767 1352 827 1413; x_wconf 82' lang='lat' dir='ltr'><strong>SS.</strong></span> <span class='ocrx_word' id='word_1_66' title='bbox 843 1350 1002 1414; x_wconf 86' lang='lat' dir='ltr'><strong>Petrum</strong></span> <span class='ocrx_word' id='word_1_67' title='bbox 1028 1348 1219 1414; x_wconf 77' lang='lat' dir='ltr'><strong>testimoniis</strong></span> <span class='ocrx_word' id='word_1_68' title='bbox 1241 1361 1367 1414; x_wconf 80' lang='lat' dir='ltr'><strong>tantum</strong></span> <span class='ocrx_word' id='word_1_69' title='bbox 1384 1351 1534 1435; x_wconf 80' lang='lat' dir='ltr'><strong>quaedam</strong></span> 
     </span>
     <span class='ocr_line' id='line_1_10' title="bbox 345 1455 1533 1544; baseline -0.001 -20"><span class='ocrx_word' id='word_1_70' title='bbox 345 1477 650 1524; x_wconf 82' lang='lat' dir='ltr'><strong>commemoramus.</strong></span> <span class='ocrx_word' id='word_1_71' title='bbox 691 1455 747 1521; x_wconf 82' lang='lat' dir='ltr'><strong>Sic</strong></span> <span class='ocrx_word' id='word_1_72' title='bbox 767 1457 918 1524; x_wconf 82' lang='lat' dir='ltr'><strong>adcurate</strong></span> <span class='ocrx_word' id='word_1_73' title='bbox 937 1455 1021 1522; x_wconf 84' lang='lat' dir='ltr'><strong>inter</strong></span> <span class='ocrx_word' id='word_1_74' title='bbox 1048 1457 1181 1523; x_wconf 83' lang='lat' dir='ltr'><strong>virtutes</strong></span> <span class='ocrx_word' id='word_1_75' title='bbox 1206 1469 1239 1522; x_wconf 88' lang='lat' dir='ltr'><strong>et</strong></span> <span class='ocrx_word' id='word_1_76' title='bbox 1261 1470 1399 1544; x_wconf 80' lang='lat' dir='ltr'><strong>peccata</strong></span> <span class='ocrx_word' id='word_1_77' title='bbox 1431 1457 1533 1523; x_wconf 86' lang='lat' dir='ltr'><strong>distin·</strong></span> 
     </span>
     <span class='ocr_line' id='line_1_11' title="bbox 348 1566 1535 1655; baseline 0 -23"><span class='ocrx_word' id='word_1_78' title='bbox 348 1579 468 1655; x_wconf 74' lang='lat' dir='ltr'><strong>gaunt,</strong></span> <span class='ocrx_word' id='word_1_79' title='bbox 499 1568 583 1654; x_wconf 84' lang='lat' dir='ltr'><strong>qnod</strong></span> <span class='ocrx_word' id='word_1_80' title='bbox 604 1567 712 1632; x_wconf 82' lang='lat' dir='ltr'><strong>secere</strong></span> <span class='ocrx_word' id='word_1_81' title='bbox 739 1587 802 1630; x_wconf 91' lang='lat' dir='ltr'><strong>non</strong></span> <span class='ocrx_word' id='word_1_82' title='bbox 831 1579 981 1652; x_wconf 78' lang='lat' dir='ltr'><strong>possent,</strong></span> <span class='ocrx_word' id='word_1_83' title='bbox 1004 1567 1033 1632; x_wconf 85' lang='lat' dir='ltr'><strong>si</strong></span> <span class='ocrx_word' id='word_1_84' title='bbox 1048 1566 1284 1643; x_wconf 80' lang='lat' dir='ltr'><strong>existimarent,</strong></span> <span class='ocrx_word' id='word_1_85' title='bbox 1306 1566 1418 1632; x_wconf 78' lang='lat' dir='ltr'><strong>amnia</strong></span> <span class='ocrx_word' id='word_1_86' title='bbox 1434 1588 1535 1653; x_wconf 78' lang='lat' dir='ltr'><strong>opera,</strong></span> 
     </span>
     <span class='ocr_line' id='line_1_12' title="bbox 333 1674 1534 1762; baseline 0.006 -27"><span class='ocrx_word' id='word_1_87' title='bbox 333 1676 548 1762; x_wconf 70' lang='lat' dir='ltr'><strong>quantumvis</strong></span> <span class='ocrx_word' id='word_1_88' title='bbox 565 1676 659 1751; x_wconf 76' lang='lat' dir='ltr'><strong>bono,</strong></span> <span class='ocrx_word' id='word_1_89' title='bbox 674 1695 751 1740; x_wconf 85' lang='lat' dir='ltr'><strong>vere</strong></span> <span class='ocrx_word' id='word_1_90' title='bbox 768 1695 842 1741; x_wconf 87' lang='lat' dir='ltr'><strong>esse</strong></span> <span class='ocrx_word' id='word_1_91' title='bbox 857 1687 1001 1761; x_wconf 83' lang='lat' dir='ltr'><strong>peccata,</strong></span> <span class='ocrx_word' id='word_1_92' title='bbox 1017 1687 1052 1740; x_wconf 92' lang='lat' dir='ltr'><strong>nt</strong></span> <span class='ocrx_word' id='word_1_93' title='bbox 1065 1674 1298 1743; x_wconf 82' lang='lat' dir='ltr'><strong>Ambrosius</strong></span> <span class='ocrx_word' id='word_1_94' title='bbox 1308 1675 1345 1756; x_wconf 57' lang='grc'><strong>8).·</strong></span> <span class='ocrx_word' id='word_1_95' title='bbox 1361 1676 1470 1741; x_wconf 87' lang='lat' dir='ltr'><strong>Porro</strong></span> <span class='ocrx_word' id='word_1_96' title='bbox 1485 1679 1534 1742; x_wconf 85' lang='lat' dir='ltr'><strong>do·</strong></span> 
     </span>
     <span class='ocr_line' id='line_1_13' title="bbox 343 1767 1534 1873; baseline -0.001 -23"><span class='ocrx_word' id='word_1_97' title='bbox 343 1796 439 1861; x_wconf 82' lang='lat' dir='ltr'><strong>cent,</strong></span> <span class='ocrx_word' id='word_1_98' title='bbox 460 1804 561 1871; x_wconf 81' lang='lat' dir='ltr'><strong>posse</strong></span> <span class='ocrx_word' id='word_1_99' title='bbox 574 1782 749 1859; x_wconf 87' lang='lat' dir='ltr'><strong>hominem,</strong></span> <span class='ocrx_word' id='word_1_100' title='bbox 770 1783 951 1870; x_wconf 82' lang='lat' dir='ltr'><strong>quiDcum·</strong></span> <span class='ocrx_word' id='word_1_101' title='bbox 963 1767 1086 1873; x_wconf 76' lang='lat' dir='ltr'><strong>diligat,</strong></span> <span class='ocrx_word' id='word_1_102' title='bbox 1107 1784 1250 1871; x_wconf 84' lang='lat' dir='ltr'><strong>quamvis</strong></span> <span class='ocrx_word' id='word_1_103' title='bbox 1271 1784 1376 1872; x_wconf 79' lang='lat' dir='ltr'><strong>longo</strong></span> <span class='ocrx_word' id='word_1_104' title='bbox 1394 1797 1534 1872; x_wconf 84' lang='lat' dir='ltr'><strong>tempore</strong></span> 
     </span>
     <span class='ocr_line' id='line_1_14' title="bbox 345 1890 1534 1981; baseline 0 -23"><span class='ocrx_word' id='word_1_105' title='bbox 345 1891 473 1969; x_wconf 85' lang='lat' dir='ltr'><strong>omnia,</strong></span> <span class='ocrx_word' id='word_1_106' title='bbox 503 1892 598 1958; x_wconf 83' lang='lat' dir='ltr'><strong>etiam</strong></span> <span class='ocrx_word' id='word_1_107' title='bbox 620 1890 816 1980; x_wconf 74' lang='lat' dir='ltr'><strong>quotidiana,</strong></span> <span class='ocrx_word' id='word_1_108' title='bbox 838 1905 972 1977; x_wconf 81' lang='lat' dir='ltr'><strong>peccate</strong></span> <span class='ocrx_word' id='word_1_109' title='bbox 998 1913 1113 1960; x_wconf 84' lang='lat' dir='ltr'><strong>cavere</strong></span> <span class='ocrx_word' id='word_1_110' title='bbox 1130 1905 1282 1979; x_wconf 80' lang='lat' dir='ltr'><strong>nequest,</strong></span> <span class='ocrx_word' id='word_1_111' title='bbox 1299 1894 1419 1960; x_wconf 81' lang='lat' dir='ltr'><strong>saltem</strong></span> <span class='ocrx_word' id='word_1_112' title='bbox 1436 1895 1534 1981; x_wconf 79' lang='lat' dir='ltr'><strong>aliquo</strong></span> 
     </span>
     <span class='ocr_line' id='line_1_15' title="bbox 349 2001 1553 2089; baseline -0.001 -21"><span class='ocrx_word' id='word_1_113' title='bbox 349 2015 494 2089; x_wconf 82' lang='lat' dir='ltr'><strong>tempore</strong></span> <span class='ocrx_word' id='word_1_114' title='bbox 509 2002 554 2067; x_wconf 86' lang='lat' dir='ltr'><strong>ite</strong></span> <span class='ocrx_word' id='word_1_115' title='bbox 569 2002 687 2077; x_wconf 87' lang='lat' dir='ltr'><strong>vivere,</strong></span> <span class='ocrx_word' id='word_1_116' title='bbox 703 2014 737 2067; x_wconf 91' lang='lat' dir='ltr'><strong>ut</strong></span> <span class='ocrx_word' id='word_1_117' title='bbox 753 2003 872 2066; x_wconf 84' lang='lat' dir='ltr'><strong>nullum</strong></span> <span class='ocrx_word' id='word_1_118' title='bbox 886 2014 1065 2088; x_wconf 85' lang='lat' dir='ltr'><strong>peccatum,</strong></span> <span class='ocrx_word' id='word_1_119' title='bbox 1080 2022 1121 2068; x_wconf 87' lang='lat' dir='ltr'><strong>ne</strong></span> <span class='ocrx_word' id='word_1_120' title='bbox 1136 2001 1259 2068; x_wconf 76' lang='lat' dir='ltr'><strong>vernale</strong></span> <span class='ocrx_word' id='word_1_121' title='bbox 1272 2001 1413 2087; x_wconf 87' lang='lat' dir='ltr'><strong>quidem,</strong></span> <span class='ocrx_word' id='word_1_122' title='bbox 1430 2003 1533 2067; x_wconf 82' lang='lat' dir='ltr'><strong>admit·</strong></span> <span class='ocrx_word' id='word_1_123' title='bbox 1548 2051 1553 2060; x_wconf 82' lang='lat'><em>.</em></span> 
     </span>
     <span class='ocr_line' id='line_1_16' title="bbox 350 2110 1534 2201; baseline -0.003 -22"><span class='ocrx_word' id='word_1_124' title='bbox 350 2125 407 2190; x_wconf 82' lang='lat' dir='ltr'><strong>tet,</strong></span> <span class='ocrx_word' id='word_1_125' title='bbox 417 2134 456 2179; x_wconf 85' lang='lat' dir='ltr'><strong>ec</strong></span> <span class='ocrx_word' id='word_1_126' title='bbox 464 2134 523 2198; x_wconf 87' lang='lat' dir='ltr'><strong>per</strong></span> <span class='ocrx_word' id='word_1_127' title='bbox 533 2113 595 2176; x_wconf 88' lang='lat' dir='ltr'><strong>hoc</strong></span> <span class='ocrx_word' id='word_1_128' title='bbox 605 2111 708 2198; x_wconf 81' lang='lat' dir='ltr'><strong>alique</strong></span> <span class='ocrx_word' id='word_1_129' title='bbox 719 2132 818 2200; x_wconf 83' lang='lat' dir='ltr'><strong>opera</strong></span> <span class='ocrx_word' id='word_1_130' title='bbox 827 2112 934 2177; x_wconf 82' lang='lat' dir='ltr'><strong>iacere</strong></span> <span class='ocrx_word' id='word_1_131' title='bbox 952 2113 991 2176; x_wconf 82' lang='lat' dir='ltr'><strong>ab</strong></span> <span class='ocrx_word' id='word_1_132' title='bbox 1008 2111 1095 2177; x_wconf 92' lang='lat' dir='ltr'><strong>omni</strong></span> <span class='ocrx_word' id='word_1_133' title='bbox 1109 2110 1188 2176; x_wconf 89' lang='lat' dir='ltr'><strong>vitio</strong></span> <span class='ocrx_word' id='word_1_134' title='bbox 1204 2131 1284 2197; x_wconf 83' lang='lat' dir='ltr'><strong>pure</strong></span> <span class='ocrx_word' id='word_1_135' title='bbox 1300 2123 1335 2176; x_wconf 88' lang='lat' dir='ltr'><strong>et</strong></span> <span class='ocrx_word' id='word_1_136' title='bbox 1349 2110 1491 2201; x_wconf 79' lang='lat' dir='ltr'><strong>integre,</strong></span> <span class='ocrx_word' id='word_1_137' title='bbox 1505 2126 1534 2176; x_wconf 88' lang='lat' dir='ltr'><strong>nt</strong></span> 
     </span>
     <span class='ocr_line' id='line_1_17' title="bbox 349 2221 1532 2309; baseline -0.001 -21"><span class='ocrx_word' id='word_1_138' title='bbox 349 2222 657 2307; x_wconf 77' lang='lat' dir='ltr'><strong>Hieronymus‘);</strong></span> <span class='ocrx_word' id='word_1_139' title='bbox 684 2234 717 2288; x_wconf 87' lang='lat' dir='ltr'><strong>et</strong></span> <span class='ocrx_word' id='word_1_140' title='bbox 734 2222 879 2309; x_wconf 85' lang='lat' dir='ltr'><strong>quamvis</strong></span> <span class='ocrx_word' id='word_1_141' title='bbox 900 2233 1034 2309; x_wconf 80' lang='lat' dir='ltr'><strong>nequeat</strong></span> <span class='ocrx_word' id='word_1_142' title='bbox 1056 2233 1157 2288; x_wconf 81' lang='lat' dir='ltr'><strong>totam</strong></span> <span class='ocrx_word' id='word_1_143' title='bbox 1188 2221 1378 2286; x_wconf 83' lang='lat' dir='ltr'><strong>charitatem</strong></span> <span class='ocrx_word' id='word_1_144' title='bbox 1400 2222 1532 2308; x_wconf 81' lang='lat' dir='ltr'><strong>assequi,</strong></span> 
     </span>
     <span class='ocr_line' id='line_1_18' title="bbox 348 2329 1531 2419; baseline -0.001 -23"><span class='ocrx_word' id='word_1_145' title='bbox 348 2352 447 2418; x_wconf 86' lang='lat' dir='ltr'><strong>posse</strong></span> <span class='ocrx_word' id='word_1_146' title='bbox 456 2344 562 2396; x_wconf 81' lang='lat' dir='ltr'><strong>tamen</strong></span> <span class='ocrx_word' id='word_1_147' title='bbox 572 2331 689 2395; x_wconf 81' lang='lat' dir='ltr'><strong>nullam</strong></span> <span class='ocrx_word' id='word_1_148' title='bbox 703 2330 793 2416; x_wconf 88' lang='lat' dir='ltr'><strong>sequi</strong></span> <span class='ocrx_word' id='word_1_149' title='bbox 804 2329 1009 2417; x_wconf 75' lang='lat' dir='ltr'><strong>cupiditatem</strong></span> <span class='ocrx_word' id='word_1_150' title='bbox 1022 2344 1054 2395; x_wconf 90' lang='lat' dir='ltr'><strong>et</strong></span> <span class='ocrx_word' id='word_1_151' title='bbox 1065 2352 1128 2395; x_wconf 91' lang='lat' dir='ltr'><strong>non</strong></span> <span class='ocrx_word' id='word_1_152' title='bbox 1139 2350 1285 2416; x_wconf 84' lang='lat' dir='ltr'><strong>peccare,</strong></span> <span class='ocrx_word' id='word_1_153' title='bbox 1302 2341 1338 2394; x_wconf 90' lang='lat' dir='ltr'><strong>nt</strong></span> <span class='ocrx_word' id='word_1_154' title='bbox 1351 2330 1531 2419; x_wconf 78' lang='lat' dir='ltr'><strong>Augusti·</strong></span> 
     </span>
     <span class='ocr_line' id='line_1_19' title="bbox 349 2440 1534 2527; baseline -0.003 -22"><span class='ocrx_word' id='word_1_155' title='bbox 349 2444 467 2522; x_wconf 69' lang='lat' dir='ltr'><strong>nnat).</strong></span> <span class='ocrx_word' id='word_1_156' title='bbox 480 2442 584 2527; x_wconf 76' lang='lat' dir='ltr'><strong>Atque</strong></span> <span class='ocrx_word' id='word_1_157' title='bbox 594 2440 731 2515; x_wconf 81' lang='lat' dir='ltr'><strong>nodum,</strong></span> <span class='ocrx_word' id='word_1_158' title='bbox 739 2445 901 2505; x_wconf 80' lang='lat' dir='ltr'><strong>bonarum</strong></span> <span class='ocrx_word' id='word_1_159' title='bbox 911 2448 1064 2504; x_wconf 80' lang='lat' dir='ltr'><strong>mentium</strong></span> <span class='ocrx_word' id='word_1_160' title='bbox 1075 2463 1148 2503; x_wconf 82' lang='lat' dir='ltr'><strong>esee</strong></span> <span class='ocrx_word' id='word_1_161' title='bbox 1159 2444 1204 2502; x_wconf 83' lang='lat' dir='ltr'><strong>ibi</strong></span> <span class='ocrx_word' id='word_1_162' title='bbox 1212 2448 1311 2503; x_wconf 86' lang='lat' dir='ltr'><strong>etiam</strong></span> <span class='ocrx_word' id='word_1_163' title='bbox 1322 2443 1534 2524; x_wconf 78' lang='lat' dir='ltr'><strong>aliquomodo</strong></span> 
     </span>
     <span class='ocr_line' id='line_1_20' title="bbox 350 2549 1532 2638; baseline 0 -25"><span class='ocrx_word' id='word_1_164' title='bbox 350 2552 561 2634; x_wconf 60' lang='lat' dir='ltr'><strong>mmaeeuae</strong></span> <span class='ocrx_word' id='word_1_165' title='bbox 574 2572 762 2629; x_wconf 71' lang='lat' dir='ltr'><strong>apaoacere,</strong></span> <span class='ocrx_word' id='word_1_166' title='bbox 776 2554 835 2614; x_wconf 80' lang='lat' dir='ltr'><strong>ubi</strong></span> <span class='ocrx_word' id='word_1_167' title='bbox 850 2554 966 2633; x_wconf 80' lang='lat' dir='ltr'><strong>culpa</strong></span> <span class='ocrx_word' id='word_1_168' title='bbox 981 2572 1057 2614; x_wconf 83' lang='lat' dir='ltr'><strong>aaa</strong></span> <span class='ocrx_word' id='word_1_169' title='bbox 1071 2559 1149 2631; x_wconf 79' lang='lat' dir='ltr'><strong>eet,</strong></span> <span class='ocrx_word' id='word_1_170' title='bbox 1166 2562 1202 2614; x_wconf 86' lang='lat' dir='ltr'><strong>nt</strong></span> <span class='ocrx_word' id='word_1_171' title='bbox 1218 2549 1532 2638; x_wconf 63' lang='lat' dir='ltr'><strong>Gregorinst).</strong></span> 
     </span>
    </p>
   </div>
   <div class='ocr_carea' id='block_1_3' title="bbox 457 2676 1533 2763">
    <p class='ocr_par' dir='ltr' id='par_1_4' title="bbox 457 2676 1533 2763">
     <span class='ocr_line' id='line_1_21' title="bbox 457 2676 1533 2763; baseline 0 -23"><span class='ocrx_word' id='word_1_172' title='bbox 457 2678 494 2740; x_wconf 80' lang='grc'><strong>0.</strong></span> <span class='ocrx_word' id='word_1_173' title='bbox 511 2676 548 2741; x_wconf 86' lang='lat' dir='ltr'><strong>si</strong></span> <span class='ocrx_word' id='word_1_174' title='bbox 563 2676 669 2741; x_wconf 85' lang='lat' dir='ltr'><strong>omnia</strong></span> <span class='ocrx_word' id='word_1_175' title='bbox 685 2697 785 2762; x_wconf 81' lang='lat' dir='ltr'><strong>opero</strong></span> <span class='ocrx_word' id='word_1_176' title='bbox 795 2679 960 2762; x_wconf 88' lang='lat' dir='ltr'><strong>justorum</strong></span> <span class='ocrx_word' id='word_1_177' title='bbox 976 2689 1109 2763; x_wconf 82' lang='lat' dir='ltr'><strong>peccate</strong></span> <span class='ocrx_word' id='word_1_178' title='bbox 1126 2689 1249 2743; x_wconf 89' lang='lat' dir='ltr'><strong>essent:</strong></span> <span class='ocrx_word' id='word_1_179' title='bbox 1282 2678 1447 2763; x_wconf 88' lang='lat' dir='ltr'><strong>quomodo</strong></span> <span class='ocrx_word' id='word_1_180' title='bbox 1459 2676 1533 2761; x_wconf 87' lang='lat' dir='ltr'><strong>justi</strong></span> 
     </span>
    </p>
   </div>
   <div class='ocr_carea' id='block_1_4' title="bbox 237 2777 1532 3198">
    <p class='ocr_par' dir='ltr' id='par_1_5' title="bbox 237 2777 1532 3198">
     <span class='ocr_line' id='line_1_22' title="bbox 350 2777 1532 2876; baseline -0.001 -26"><span class='ocrx_word' id='word_1_181' title='bbox 350 2777 502 2871; x_wconf 83' lang='lat' dir='ltr'><strong>operibus</strong></span> <span class='ocrx_word' id='word_1_182' title='bbox 532 2785 626 2851; x_wconf 88' lang='lat' dir='ltr'><strong>honis</strong></span> <span class='ocrx_word' id='word_1_183' title='bbox 657 2785 762 2876; x_wconf 80' lang='lat' dir='ltr'><strong>magis</strong></span> <span class='ocrx_word' id='word_1_184' title='bbox 787 2785 977 2872; x_wconf 84' lang='lat' dir='ltr'><strong>justificari,</strong></span> <span class='ocrx_word' id='word_1_185' title='bbox 1009 2808 1066 2852; x_wconf 86' lang='lat' dir='ltr'><strong>san</strong></span> <span class='ocrx_word' id='word_1_186' title='bbox 1092 2786 1250 2872; x_wconf 86' lang='lat' dir='ltr'><strong>justiores</strong></span> <span class='ocrx_word' id='word_1_187' title='bbox 1271 2785 1359 2852; x_wconf 84' lang='lat' dir='ltr'><strong>effici</strong></span> <span class='ocrx_word' id='word_1_188' title='bbox 1389 2798 1532 2873; x_wconf 79' lang='lat' dir='ltr'><strong>possent3</strong></span> 
     </span>
     <span class='ocr_line' id='line_1_23' title="bbox 350 2895 1531 2982; baseline -0.001 -22"><span class='ocrx_word' id='word_1_189' title='bbox 350 2896 435 2982; x_wconf 88' lang='lat' dir='ltr'><strong>qnod</strong></span> <span class='ocrx_word' id='word_1_190' title='bbox 450 2908 556 2961; x_wconf 84' lang='lat' dir='ltr'><strong>tamen</strong></span> <span class='ocrx_word' id='word_1_191' title='bbox 568 2916 724 2979; x_wconf 82' lang='lat' dir='ltr'><strong>expresse</strong></span> <span class='ocrx_word' id='word_1_192' title='bbox 736 2896 832 2960; x_wconf 86' lang='lat' dir='ltr'><strong>tradit</strong></span> <span class='ocrx_word' id='word_1_193' title='bbox 846 2897 1088 2981; x_wconf 81' lang='lat' dir='ltr'><strong>Apostolus?</strong></span> <span class='ocrx_word' id='word_1_194' title='bbox 1107 2895 1228 2961; x_wconf 85' lang='lat' dir='ltr'><strong>Scribit</strong></span> <span class='ocrx_word' id='word_1_195' title='bbox 1243 2897 1342 2961; x_wconf 86' lang='lat' dir='ltr'><strong>enim:</strong></span> <span class='ocrx_word' id='word_1_196' title='bbox 1362 2898 1462 2961; x_wconf 77' lang='lat' dir='ltr'><strong>Siout</strong></span> <span class='ocrx_word' id='word_1_197' title='bbox 1475 2919 1531 2960; x_wconf 77' lang='lat' dir='ltr'><strong>ee-</strong></span> 
     </span>
     <span class='ocr_line' id='line_1_24' title="bbox 237 3008 1531 3089; baseline 0.003 -24"><span class='ocrx_word' id='word_1_198' title='bbox 237 3060 240 3065; x_wconf 93' lang='grc'>,</span> <span class='ocrx_word' id='word_1_199' title='bbox 348 3010 500 3070; x_wconf 57' lang='lat' dir='ltr'><strong>mimatae</strong></span> <span class='ocrx_word' id='word_1_200' title='bbox 515 3009 661 3069; x_wconf 78' lang='lat' dir='ltr'><strong>mantra</strong></span> <span class='ocrx_word' id='word_1_201' title='bbox 675 3014 786 3068; x_wconf 76' lang='lat' dir='ltr'><strong>aestro</strong></span> <span class='ocrx_word' id='word_1_202' title='bbox 797 3012 922 3068; x_wconf 73' lang='lat' dir='ltr'><strong>servite</strong></span> <span class='ocrx_word' id='word_1_203' title='bbox 938 3008 1173 3086; x_wconf 75' lang='lat' dir='ltr'><strong>immunditiae,</strong></span> <span class='ocrx_word' id='word_1_204' title='bbox 1193 3016 1226 3069; x_wconf 94' lang='lat' dir='ltr'><strong>et</strong></span> <span class='ocrx_word' id='word_1_205' title='bbox 1233 3013 1399 3089; x_wconf 63' lang='lat' dir='ltr'><strong>iniquitati</strong></span> <span class='ocrx_word' id='word_1_206' title='bbox 1415 3011 1461 3069; x_wconf 82' lang='lat' dir='ltr'><strong>ad</strong></span> <span class='ocrx_word' id='word_1_207' title='bbox 1472 3014 1531 3069; x_wconf 82' lang='lat' dir='ltr'><strong>tui·</strong></span> 
     </span>
     <span class='ocr_line' id='line_1_25' title="bbox 349 3118 1530 3198; baseline -0.002 -20"><span class='ocrx_word' id='word_1_208' title='bbox 349 3122 522 3198; x_wconf 76' lang='lat' dir='ltr'><strong>quitatem,</strong></span> <span class='ocrx_word' id='word_1_209' title='bbox 548 3122 597 3178; x_wconf 82' lang='lat' dir='ltr'><strong>tta</strong></span> <span class='ocrx_word' id='word_1_210' title='bbox 620 3136 709 3178; x_wconf 83' lang='lat' dir='ltr'><strong>nune</strong></span> <span class='ocrx_word' id='word_1_211' title='bbox 731 3118 880 3179; x_wconf 64' lang='lat' dir='ltr'><strong>exhibete</strong></span> <span class='ocrx_word' id='word_1_212' title='bbox 894 3118 1040 3178; x_wconf 81' lang='lat' dir='ltr'><strong>membra</strong></span> <span class='ocrx_word' id='word_1_213' title='bbox 1054 3123 1166 3178; x_wconf 76' lang='lat' dir='ltr'><strong>vestra</strong></span> <span class='ocrx_word' id='word_1_214' title='bbox 1187 3122 1313 3179; x_wconf 77' lang='lat' dir='ltr'><strong>servire</strong></span> <span class='ocrx_word' id='word_1_215' title='bbox 1327 3121 1486 3194; x_wconf 70' lang='lat' dir='ltr'><strong>Juatitiae</strong></span> <span class='ocrx_word' id='word_1_216' title='bbox 1499 3124 1530 3176; x_wconf 85' lang='lat' dir='ltr'><strong>in</strong></span> 
     </span>
    </p>
   </div>
   <div class='ocr_carea' id='block_1_5' title="bbox 343 3367 1530 4820">
    <p class='ocr_par' dir='ltr' id='par_1_6' title="bbox 343 3367 1530 4820">
     <span class='ocr_line' id='line_1_26' title="bbox 456 3367 1528 3451; baseline 0 -19"><span class='ocrx_word' id='word_1_217' title='bbox 456 3376 486 3451; x_wconf 73' lang='grc' dir='ltr'><strong>ι)</strong></span> <span class='ocrx_word' id='word_1_218' title='bbox 503 3371 611 3434; x_wconf 75' lang='lat' dir='ltr'><strong>Matth.</strong></span> <span class='ocrx_word' id='word_1_219' title='bbox 627 3368 659 3447; x_wconf 83' lang='lat'><strong>5,</strong></span> <span class='ocrx_word' id='word_1_220' title='bbox 678 3369 731 3437; x_wconf 89' lang='grc'><strong>16.</strong></span> <span class='ocrx_word' id='word_1_221' title='bbox 762 3406 806 3417; x_wconf 93' lang='grc'><strong>-</strong></span> <span class='ocrx_word' id='word_1_222' title='bbox 838 3378 869 3447; x_wconf 77' lang='lat'><strong>²)</strong></span> <span class='ocrx_word' id='word_1_223' title='bbox 885 3369 955 3433; x_wconf 76' lang='lat' dir='ltr'><strong>Act.</strong></span> <span class='ocrx_word' id='word_1_224' title='bbox 975 3369 1032 3446; x_wconf 90' lang='lat'><strong>10,</strong></span> <span class='ocrx_word' id='word_1_225' title='bbox 1050 3367 1103 3434; x_wconf 84' lang='lat'><strong>35.</strong></span> <span class='ocrx_word' id='word_1_226' title='bbox 1136 3369 1182 3435; x_wconf 77' lang='lat' dir='ltr'><strong>Of.</strong></span> <span class='ocrx_word' id='word_1_227' title='bbox 1200 3373 1309 3437; x_wconf 67' lang='lat' dir='ltr'><strong>Mattio</strong></span> <span class='ocrx_word' id='word_1_228' title='bbox 1326 3370 1359 3444; x_wconf 89' lang='grc'><strong>6,</strong></span> <span class='ocrx_word' id='word_1_229' title='bbox 1376 3368 1430 3434; x_wconf 82' lang='grc'><strong>22.</strong></span> <span class='ocrx_word' id='word_1_230' title='bbox 1463 3374 1528 3434; x_wconf 78' lang='lat' dir='ltr'><strong>Luc.</strong></span> 
     </span>
     <span class='ocr_line' id='line_1_27' title="bbox 352 3458 1528 3542; baseline 0.001 -19"><span class='ocrx_word' id='word_1_231' title='bbox 352 3459 404 3538; x_wconf 87' lang='lat' dir='ltr'><strong>ll,</strong></span> <span class='ocrx_word' id='word_1_232' title='bbox 421 3459 475 3529; x_wconf 82' lang='lat'><strong>36.</strong></span> <span class='ocrx_word' id='word_1_233' title='bbox 494 3461 524 3526; x_wconf 83' lang='lat'><strong>1.</strong></span> <span class='ocrx_word' id='word_1_234' title='bbox 541 3461 613 3525; x_wconf 72' lang='lat' dir='ltr'><strong>(ior.</strong></span> <span class='ocrx_word' id='word_1_235' title='bbox 630 3461 660 3539; x_wconf 85' lang='lat'><strong>3,</strong></span> <span class='ocrx_word' id='word_1_236' title='bbox 681 3459 823 3525; x_wconf 83' lang='grc'><strong>12-13,</strong></span> <span class='ocrx_word' id='word_1_237' title='bbox 839 3462 954 3542; x_wconf 82' lang='lat' dir='ltr'><strong>Ephes.</strong></span> <span class='ocrx_word' id='word_1_238' title='bbox 972 3458 1004 3537; x_wconf 90' lang='grc'><strong>2,</strong></span> <span class='ocrx_word' id='word_1_239' title='bbox 1024 3460 1076 3524; x_wconf 87' lang='grc'><strong>10.</strong></span> <span class='ocrx_word' id='word_1_240' title='bbox 1097 3464 1124 3525; x_wconf 92' lang='grc'><strong>1.</strong></span> <span class='ocrx_word' id='word_1_241' title='bbox 1141 3464 1219 3526; x_wconf 80' lang='lat' dir='ltr'><strong>Tim.</strong></span> <span class='ocrx_word' id='word_1_242' title='bbox 1238 3461 1269 3534; x_wconf 90' lang='grc'><strong>6,</strong></span> <span class='ocrx_word' id='word_1_243' title='bbox 1289 3461 1341 3526; x_wconf 79' lang='lat' dir='ltr'><strong>li.</strong></span> <span class='ocrx_word' id='word_1_244' title='bbox 1359 3466 1422 3526; x_wconf 83' lang='lat' dir='ltr'><strong>Tit.</strong></span> <span class='ocrx_word' id='word_1_245' title='bbox 1440 3462 1528 3538; x_wconf 83' lang='grc'><strong>3,14.</strong></span> 
     </span>
     <span class='ocr_line' id='line_1_28' title="bbox 352 3551 1529 3637; baseline 0.001 -20"><span class='ocrx_word' id='word_1_246' title='bbox 352 3552 383 3617; x_wconf 88' lang='grc'><strong>1.</strong></span> <span class='ocrx_word' id='word_1_247' title='bbox 398 3554 483 3617; x_wconf 90' lang='lat' dir='ltr'><strong>Petr.</strong></span> <span class='ocrx_word' id='word_1_248' title='bbox 498 3551 530 3627; x_wconf 88' lang='grc'><strong>2,</strong></span> <span class='ocrx_word' id='word_1_249' title='bbox 547 3551 578 3617; x_wconf 83' lang='grc'><strong>5.</strong></span> <span class='ocrx_word' id='word_1_250' title='bbox 611 3589 651 3601; x_wconf 89' lang='lat'>-</span> <span class='ocrx_word' id='word_1_251' title='bbox 683 3556 710 3637; x_wconf 79' lang='lat'><strong>⁸)</strong></span> <span class='ocrx_word' id='word_1_252' title='bbox 726 3556 853 3632; x_wconf 72' lang='lat' dir='ltr'><strong>Apolop.</strong></span> <span class='ocrx_word' id='word_1_253' title='bbox 875 3557 956 3615; x_wconf 90' lang='lat' dir='ltr'><strong>Dav.</strong></span> <span class='ocrx_word' id='word_1_254' title='bbox 980 3576 1005 3615; x_wconf 88' lang='lat' dir='ltr'><strong>a.</strong></span> <span class='ocrx_word' id='word_1_255' title='bbox 1029 3558 1056 3614; x_wconf 83' lang='lat'><strong>6.</strong></span> <span class='ocrx_word' id='word_1_256' title='bbox 1078 3575 1108 3618; x_wconf 86' lang='lat' dir='ltr'><strong>u.</strong></span> <span class='ocrx_word' id='word_1_257' title='bbox 1131 3558 1181 3617; x_wconf 78' lang='lat'><strong>24.</strong></span> <span class='ocrx_word' id='word_1_258' title='bbox 1214 3554 1295 3635; x_wconf 89' lang='lat' dir='ltr'><strong>Opp.</strong></span> <span class='ocrx_word' id='word_1_259' title='bbox 1313 3555 1352 3615; x_wconf 84' lang='grc' dir='ltr'><strong>Τ.</strong></span> <span class='ocrx_word' id='word_1_260' title='bbox 1374 3553 1403 3617; x_wconf 95' lang='grc'><strong>1.</strong></span> <span class='ocrx_word' id='word_1_261' title='bbox 1420 3576 1447 3619; x_wconf 86' lang='lat' dir='ltr'><strong>a.</strong></span> <span class='ocrx_word' id='word_1_262' title='bbox 1463 3552 1529 3618; x_wconf 84' lang='lat'><strong>683.</strong></span> 
     </span>
     <span class='ocr_line' id='line_1_29' title="bbox 349 3644 1528 3724; baseline 0.001 -19"><span class='ocrx_word' id='word_1_263' title='bbox 349 3644 471 3706; x_wconf 80' lang='lat' dir='ltr'><strong>Etenim</strong></span> <span class='ocrx_word' id='word_1_264' title='bbox 495 3645 568 3722; x_wconf 83' lang='lat' dir='ltr'><strong>quia</strong></span> <span class='ocrx_word' id='word_1_265' title='bbox 587 3663 649 3704; x_wconf 83' lang='lat' dir='ltr'><strong>aaa</strong></span> <span class='ocrx_word' id='word_1_266' title='bbox 668 3652 766 3724; x_wconf 83' lang='lat' dir='ltr'><strong>pateat</strong></span> <span class='ocrx_word' id='word_1_267' title='bbox 784 3645 851 3704; x_wconf 84' lang='lat' dir='ltr'><strong>siue</strong></span> <span class='ocrx_word' id='word_1_268' title='bbox 870 3652 992 3723; x_wconf 85' lang='lat' dir='ltr'><strong>peccato</strong></span> <span class='ocrx_word' id='word_1_269' title='bbox 1013 3665 1076 3705; x_wconf 81' lang='lat' dir='ltr'><strong>ease</strong></span> <span class='ocrx_word' id='word_1_270' title='bbox 1091 3648 1223 3706; x_wconf 80' lang='lat' dir='ltr'><strong>humana</strong></span> <span class='ocrx_word' id='word_1_271' title='bbox 1232 3645 1415 3724; x_wconf 55' lang='lat' dir='ltr'><strong>frapilitam</strong></span> <span class='ocrx_word' id='word_1_272' title='bbox 1436 3666 1528 3706; x_wconf 85' lang='lat' dir='ltr'><strong>cauea·</strong></span> 
     </span>
     <span class='ocr_line' id='line_1_30' title="bbox 352 3735 1528 3817; baseline 0 -21"><span class='ocrx_word' id='word_1_273' title='bbox 352 3737 423 3796; x_wconf 81' lang='lat' dir='ltr'><strong>dean</strong></span> <span class='ocrx_word' id='word_1_274' title='bbox 439 3741 491 3807; x_wconf 82' lang='lat' dir='ltr'><strong>eoi,</strong></span> <span class='ocrx_word' id='word_1_275' title='bbox 508 3755 545 3795; x_wconf 87' lang='lat' dir='ltr'><strong>ue</strong></span> <span class='ocrx_word' id='word_1_276' title='bbox 559 3737 652 3814; x_wconf 85' lang='lat' dir='ltr'><strong>plura</strong></span> <span class='ocrx_word' id='word_1_277' title='bbox 662 3743 790 3813; x_wconf 79' lang='lat' dir='ltr'><strong>peccata</strong></span> <span class='ocrx_word' id='word_1_278' title='bbox 804 3736 875 3807; x_wconf 81' lang='lat' dir='ltr'><strong>aiot,</strong></span> <span class='ocrx_word' id='word_1_279' title='bbox 902 3757 993 3812; x_wconf 78' lang='lat' dir='ltr'><strong>quam</strong></span> <span class='ocrx_word' id='word_1_280' title='bbox 1009 3756 1122 3816; x_wconf 77' lang='lat' dir='ltr'><strong>opera</strong></span> <span class='ocrx_word' id='word_1_281' title='bbox 1136 3737 1324 3798; x_wconf 80' lang='lat' dir='ltr'><strong>uirtutum.</strong></span> <span class='ocrx_word' id='word_1_282' title='bbox 1349 3773 1390 3782; x_wconf 89' lang='lat'><em>-</em></span> <span class='ocrx_word' id='word_1_283' title='bbox 1415 3735 1441 3817; x_wconf 82' lang='lat'><strong>⁴)</strong></span> <span class='ocrx_word' id='word_1_284' title='bbox 1463 3739 1528 3797; x_wconf 81' lang='lat' dir='ltr'><strong>Ado.</strong></span> 
     </span>
     <span class='ocr_line' id='line_1_31' title="bbox 348 3818 1528 3909; baseline -0.001 -22"><span class='ocrx_word' id='word_1_285' title='bbox 348 3818 454 3904; x_wconf 57' lang='lat' dir='ltr'><strong>&#39;Pelea⁸</strong></span> <span class='ocrx_word' id='word_1_286' title='bbox 472 3828 492 3888; x_wconf 85' lang='lat' dir='ltr'><strong>l.</strong></span> <span class='ocrx_word' id='word_1_287' title='bbox 508 3830 538 3890; x_wconf 82' lang='lat'><strong>3.</strong></span> <span class='ocrx_word' id='word_1_288' title='bbox 554 3847 585 3888; x_wconf 84' lang='lat' dir='ltr'><strong>a.</strong></span> <span class='ocrx_word' id='word_1_289' title='bbox 601 3829 631 3889; x_wconf 79' lang='lat'><strong>4.</strong></span> <span class='ocrx_word' id='word_1_290' title='bbox 649 3824 730 3909; x_wconf 90' lang='lat' dir='ltr'><strong>Opp.</strong></span> <span class='ocrx_word' id='word_1_291' title='bbox 746 3828 785 3887; x_wconf 84' lang='lat' dir='ltr'><strong>T.</strong></span> <span class='ocrx_word' id='word_1_292' title='bbox 802 3823 833 3888; x_wconf 95' lang='grc'><strong>2.</strong></span> <span class='ocrx_word' id='word_1_293' title='bbox 852 3848 877 3890; x_wconf 89' lang='lat' dir='ltr'><strong>c.</strong></span> <span class='ocrx_word' id='word_1_294' title='bbox 895 3823 972 3888; x_wconf 67' lang='lat'><strong>785,</strong></span> <span class='ocrx_word' id='word_1_295' title='bbox 989 3831 1057 3887; x_wconf 83' lang='lat' dir='ltr'><strong>Hoc</strong></span> <span class='ocrx_word' id='word_1_296' title='bbox 1073 3835 1101 3887; x_wconf 87' lang='lat' dir='ltr'><strong>et</strong></span> <span class='ocrx_word' id='word_1_297' title='bbox 1114 3847 1170 3887; x_wconf 82' lang='lat' dir='ltr'><strong>uos</strong></span> <span class='ocrx_word' id='word_1_298' title='bbox 1186 3827 1326 3903; x_wconf 76' lang='lat' dir='ltr'><strong>dicimus,</strong></span> <span class='ocrx_word' id='word_1_299' title='bbox 1339 3847 1433 3904; x_wconf 78' lang='lat' dir='ltr'><strong>pocae</strong></span> <span class='ocrx_word' id='word_1_300' title='bbox 1447 3828 1528 3889; x_wconf 76' lang='lat' dir='ltr'><strong>iami-</strong></span> 
     </span>
     <span class='ocr_line' id='line_1_32' title="bbox 350 3906 1530 3998; baseline -0.001 -19"><span class='ocrx_word' id='word_1_301' title='bbox 350 3906 418 3979; x_wconf 70' lang='lat' dir='ltr'><strong>uim</strong></span> <span class='ocrx_word' id='word_1_302' title='bbox 433 3936 692 3995; x_wconf 70' lang='lat' dir='ltr'><strong>naupactum,</strong></span> <span class='ocrx_word' id='word_1_303' title='bbox 708 3917 738 3978; x_wconf 83' lang='lat' dir='ltr'><strong>ai</strong></span> <span class='ocrx_word' id='word_1_304' title='bbox 752 3917 829 3989; x_wconf 84' lang='lat' dir='ltr'><strong>vetit,</strong></span> <span class='ocrx_word' id='word_1_305' title='bbox 845 3936 903 3997; x_wconf 84' lang='lat' dir='ltr'><strong>pro</strong></span> <span class='ocrx_word' id='word_1_306' title='bbox 919 3923 1063 3998; x_wconf 81' lang='lat' dir='ltr'><strong>tempore,</strong></span> <span class='ocrx_word' id='word_1_307' title='bbox 1083 3938 1141 3998; x_wconf 80' lang='lat' dir='ltr'><strong>pro</strong></span> <span class='ocrx_word' id='word_1_308' title='bbox 1164 3920 1237 3994; x_wconf 87' lang='lat' dir='ltr'><strong>loco,</strong></span> <span class='ocrx_word' id='word_1_309' title='bbox 1255 3938 1316 3995; x_wconf 78' lang='lat' dir='ltr'><strong>pro</strong></span> <span class='ocrx_word' id='word_1_310' title='bbox 1337 3919 1530 3980; x_wconf 77' lang='lat' dir='ltr'><strong>imbecillitate</strong></span> 
     </span>
     <span class='ocr_line' id='line_1_33' title="bbox 350 4009 1528 4089; baseline -0.002 -19"><span class='ocrx_word' id='word_1_311' title='bbox 350 4029 504 4089; x_wconf 78' lang='lat' dir='ltr'><strong>corporea,</strong></span> <span class='ocrx_word' id='word_1_312' title='bbox 522 4030 613 4087; x_wconf 81' lang='lat' dir='ltr'><strong>quom</strong></span> <span class='ocrx_word' id='word_1_313' title='bbox 628 4009 683 4069; x_wconf 81' lang='lat' dir='ltr'><strong>diu</strong></span> <span class='ocrx_word' id='word_1_314' title='bbox 698 4009 830 4069; x_wconf 82' lang='lat' dir='ltr'><strong>intentae</strong></span> <span class='ocrx_word' id='word_1_315' title='bbox 847 4018 892 4070; x_wconf 80' lang='lat' dir='ltr'><strong>eet</strong></span> <span class='ocrx_word' id='word_1_316' title='bbox 905 4009 1041 4081; x_wconf 78' lang='lat' dir='ltr'><strong>animus,</strong></span> <span class='ocrx_word' id='word_1_317' title='bbox 1064 4030 1153 4086; x_wconf 84' lang='lat' dir='ltr'><strong>quam</strong></span> <span class='ocrx_word' id='word_1_318' title='bbox 1169 4009 1223 4070; x_wconf 82' lang='lat' dir='ltr'><strong>diu</strong></span> <span class='ocrx_word' id='word_1_319' title='bbox 1239 4012 1355 4070; x_wconf 81' lang='lat' dir='ltr'><strong>aitardo</strong></span> <span class='ocrx_word' id='word_1_320' title='bbox 1371 4013 1474 4071; x_wconf 84' lang='lat' dir='ltr'><strong>uallo</strong></span> <span class='ocrx_word' id='word_1_321' title='bbox 1486 4009 1528 4070; x_wconf 87' lang='lat' dir='ltr'><strong>ui·</strong></span> 
     </span>
     <span class='ocr_line' id='line_1_34' title="bbox 350 4098 1525 4183; baseline 0 -23"><span class='ocrx_word' id='word_1_322' title='bbox 350 4101 402 4162; x_wconf 86' lang='lat' dir='ltr'><strong>tio</strong></span> <span class='ocrx_word' id='word_1_323' title='bbox 418 4104 541 4162; x_wconf 75' lang='lat' dir='ltr'><strong>laaeaim</strong></span> <span class='ocrx_word' id='word_1_324' title='bbox 556 4101 591 4161; x_wconf 85' lang='lat' dir='ltr'><strong>iu</strong></span> <span class='ocrx_word' id='word_1_325' title='bbox 606 4101 733 4161; x_wconf 79' lang='lat' dir='ltr'><strong>cithara.</strong></span> <span class='ocrx_word' id='word_1_326' title='bbox 755 4134 799 4147; x_wconf 88' lang='lat'><em>-</em></span> <span class='ocrx_word' id='word_1_327' title='bbox 816 4101 843 4177; x_wconf 77' lang='lat'><strong>⁸)</strong></span> <span class='ocrx_word' id='word_1_328' title='bbox 859 4104 907 4161; x_wconf 92' lang='lat' dir='ltr'><strong>De</strong></span> <span class='ocrx_word' id='word_1_329' title='bbox 922 4101 998 4176; x_wconf 81' lang='lat' dir='ltr'><strong>spir.</strong></span> <span class='ocrx_word' id='word_1_330' title='bbox 1015 4108 1043 4160; x_wconf 88' lang='lat' dir='ltr'><strong>et</strong></span> <span class='ocrx_word' id='word_1_331' title='bbox 1058 4101 1113 4163; x_wconf 85' lang='lat' dir='ltr'><strong>titt.</strong></span> <span class='ocrx_word' id='word_1_332' title='bbox 1130 4120 1153 4161; x_wconf 83' lang='lat' dir='ltr'><strong>e.</strong></span> <span class='ocrx_word' id='word_1_333' title='bbox 1170 4104 1220 4162; x_wconf 89' lang='grc'><strong>31.</strong></span> <span class='ocrx_word' id='word_1_334' title='bbox 1237 4121 1269 4165; x_wconf 87' lang='lat' dir='ltr'><strong>u.</strong></span> <span class='ocrx_word' id='word_1_335' title='bbox 1288 4103 1337 4164; x_wconf 82' lang='lat'><strong>65.</strong></span> <span class='ocrx_word' id='word_1_336' title='bbox 1347 4099 1427 4183; x_wconf 89' lang='lat' dir='ltr'><strong>Opp.</strong></span> <span class='ocrx_word' id='word_1_337' title='bbox 1437 4103 1474 4167; x_wconf 82' lang='lat' dir='ltr'><strong>T.</strong></span> <span class='ocrx_word' id='word_1_338' title='bbox 1483 4098 1525 4164; x_wconf 90' lang='lat'><strong>10.</strong></span> 
     </span>
     <span class='ocr_line' id='line_1_35' title="bbox 350 4188 1527 4271; baseline 0.002 -19"><span class='ocrx_word' id='word_1_339' title='bbox 350 4213 376 4256; x_wconf 83' lang='lat' dir='ltr'><strong>c.</strong></span> <span class='ocrx_word' id='word_1_340' title='bbox 395 4188 468 4254; x_wconf 87' lang='grc'><strong>123.</strong></span> <span class='ocrx_word' id='word_1_341' title='bbox 500 4191 576 4253; x_wconf 86' lang='lat' dir='ltr'><strong>Dici</strong></span> <span class='ocrx_word' id='word_1_342' title='bbox 585 4199 687 4268; x_wconf 81' lang='lat' dir='ltr'><strong>potest</strong></span> <span class='ocrx_word' id='word_1_343' title='bbox 701 4194 847 4268; x_wconf 82' lang='lat' dir='ltr'><strong>quaedam</strong></span> <span class='ocrx_word' id='word_1_344' title='bbox 853 4192 1018 4271; x_wconf 79' lang='lat' dir='ltr'><strong>justitia</strong></span> <span class='ocrx_word' id='word_1_345' title='bbox 1033 4192 1152 4253; x_wconf 78' lang='lat' dir='ltr'><strong>minor</strong></span> <span class='ocrx_word' id='word_1_346' title='bbox 1174 4192 1244 4252; x_wconf 76' lang='lat' dir='ltr'><strong>huia</strong></span> <span class='ocrx_word' id='word_1_347' title='bbox 1265 4192 1346 4253; x_wconf 83' lang='lat' dir='ltr'><strong>vitae</strong></span> <span class='ocrx_word' id='word_1_348' title='bbox 1364 4199 1527 4270; x_wconf 81' lang='lat' dir='ltr'><strong>competent,</strong></span> 
     </span>
     <span class='ocr_line' id='line_1_36' title="bbox 351 4282 1528 4365; baseline 0.001 -24"><span class='ocrx_word' id='word_1_349' title='bbox 351 4284 523 4361; x_wconf 77' lang='lat' dir='ltr'><strong>quujustus</strong></span> <span class='ocrx_word' id='word_1_350' title='bbox 540 4303 577 4343; x_wconf 76' lang='lat' dir='ltr'><strong>aa</strong></span> <span class='ocrx_word' id='word_1_351' title='bbox 599 4282 664 4360; x_wconf 82' lang='lat' dir='ltr'><strong>fide</strong></span> <span class='ocrx_word' id='word_1_352' title='bbox 678 4282 770 4365; x_wconf 85' lang='lat' dir='ltr'><strong>vivit,</strong></span> <span class='ocrx_word' id='word_1_353' title='bbox 793 4283 931 4360; x_wconf 73' lang='lat' dir='ltr'><strong>quamvis</strong></span> <span class='ocrx_word' id='word_1_354' title='bbox 947 4283 1132 4361; x_wconf 77' lang='lat' dir='ltr'><strong>perepriaus</strong></span> <span class='ocrx_word' id='word_1_355' title='bbox 1151 4305 1171 4343; x_wconf 92' lang='lat' dir='ltr'><strong>a</strong></span> <span class='ocrx_word' id='word_1_356' title='bbox 1195 4283 1344 4358; x_wconf 84' lang='lat' dir='ltr'><strong>Domino,</strong></span> <span class='ocrx_word' id='word_1_357' title='bbox 1362 4292 1391 4345; x_wconf 89' lang='lat' dir='ltr'><strong>et</strong></span> <span class='ocrx_word' id='word_1_358' title='bbox 1404 4283 1470 4345; x_wconf 84' lang='lat' dir='ltr'><strong>ideo</strong></span> <span class='ocrx_word' id='word_1_359' title='bbox 1483 4300 1528 4363; x_wconf 84' lang='lat' dir='ltr'><strong>per</strong></span> 
     </span>
     <span class='ocr_line' id='line_1_37' title="bbox 343 4371 1528 4450; baseline 0 -17"><span class='ocrx_word' id='word_1_360' title='bbox 343 4371 438 4449; x_wconf 77' lang='lat' dir='ltr'><strong>fidem</strong></span> <span class='ocrx_word' id='word_1_361' title='bbox 452 4375 627 4444; x_wconf 81' lang='lat' dir='ltr'><strong>ambulans,</strong></span> <span class='ocrx_word' id='word_1_362' title='bbox 649 4377 782 4434; x_wconf 79' lang='lat' dir='ltr'><strong>noudum</strong></span> <span class='ocrx_word' id='word_1_363' title='bbox 796 4394 856 4450; x_wconf 79' lang='lat' dir='ltr'><strong>per</strong></span> <span class='ocrx_word' id='word_1_364' title='bbox 872 4375 1016 4450; x_wconf 83' lang='lat' dir='ltr'><strong>speciem:</strong></span> <span class='ocrx_word' id='word_1_365' title='bbox 1042 4394 1102 4434; x_wconf 86' lang='lat' dir='ltr'><strong>nou</strong></span> <span class='ocrx_word' id='word_1_366' title='bbox 1117 4377 1248 4435; x_wconf 79' lang='lat' dir='ltr'><strong>absurde</strong></span> <span class='ocrx_word' id='word_1_367' title='bbox 1264 4374 1379 4434; x_wconf 79' lang='lat' dir='ltr'><strong>dieitur</strong></span> <span class='ocrx_word' id='word_1_368' title='bbox 1395 4380 1482 4436; x_wconf 84' lang='lat' dir='ltr'><strong>etiam</strong></span> <span class='ocrx_word' id='word_1_369' title='bbox 1495 4375 1528 4433; x_wconf 80' lang='lat' dir='ltr'><strong>ai</strong></span> 
     </span>
     <span class='ocr_line' id='line_1_38' title="bbox 349 4462 1526 4548; baseline 0.002 -26"><span class='ocrx_word' id='word_1_370' title='bbox 349 4462 442 4523; x_wconf 78' lang='lat' dir='ltr'><strong>istam</strong></span> <span class='ocrx_word' id='word_1_371' title='bbox 453 4464 613 4539; x_wconf 82' lang='lat' dir='ltr'><strong>pertinere,</strong></span> <span class='ocrx_word' id='word_1_372' title='bbox 630 4485 672 4524; x_wconf 85' lang='lat' dir='ltr'><strong>ue</strong></span> <span class='ocrx_word' id='word_1_373' title='bbox 682 4472 816 4540; x_wconf 84' lang='lat' dir='ltr'><strong>peccet.</strong></span> <span class='ocrx_word' id='word_1_374' title='bbox 840 4467 943 4541; x_wconf 82' lang='lat' dir='ltr'><strong>Neque</strong></span> <span class='ocrx_word' id='word_1_375' title='bbox 958 4465 1054 4548; x_wconf 83' lang='lat' dir='ltr'><strong>euim,</strong></span> <span class='ocrx_word' id='word_1_376' title='bbox 1071 4465 1100 4525; x_wconf 83' lang='lat' dir='ltr'><strong>ai</strong></span> <span class='ocrx_word' id='word_1_377' title='bbox 1115 4468 1249 4525; x_wconf 79' lang='lat' dir='ltr'><strong>noudum</strong></span> <span class='ocrx_word' id='word_1_378' title='bbox 1265 4485 1328 4525; x_wconf 80' lang='lat' dir='ltr'><strong>esse</strong></span> <span class='ocrx_word' id='word_1_379' title='bbox 1339 4474 1442 4542; x_wconf 82' lang='lat' dir='ltr'><strong>pateat</strong></span> <span class='ocrx_word' id='word_1_380' title='bbox 1456 4471 1526 4525; x_wconf 77' lang='lat' dir='ltr'><strong>taam</strong></span> 
     </span>
     <span class='ocr_line' id='line_1_39' title="bbox 351 4554 1526 4636; baseline 0.001 -22"><span class='ocrx_word' id='word_1_381' title='bbox 351 4554 470 4614; x_wconf 84' lang='lat' dir='ltr'><strong>dilectio</strong></span> <span class='ocrx_word' id='word_1_382' title='bbox 491 4555 568 4628; x_wconf 91' lang='lat' dir='ltr'><strong>Dei,</strong></span> <span class='ocrx_word' id='word_1_383' title='bbox 591 4563 704 4631; x_wconf 82' lang='lat' dir='ltr'><strong>quauta</strong></span> <span class='ocrx_word' id='word_1_384' title='bbox 723 4556 773 4614; x_wconf 86' lang='lat' dir='ltr'><strong>itti</strong></span> <span class='ocrx_word' id='word_1_385' title='bbox 788 4556 954 4632; x_wconf 74' lang='lat' dir='ltr'><strong>capnitioui</strong></span> <span class='ocrx_word' id='word_1_386' title='bbox 974 4559 1079 4636; x_wconf 84' lang='lat' dir='ltr'><strong>plenae</strong></span> <span class='ocrx_word' id='word_1_387' title='bbox 1098 4557 1306 4635; x_wconf 78' lang='lat' dir='ltr'><strong>perfectaeque</strong></span> <span class='ocrx_word' id='word_1_388' title='bbox 1322 4560 1455 4631; x_wconf 82' lang='lat' dir='ltr'><strong>debetur,</strong></span> <span class='ocrx_word' id='word_1_389' title='bbox 1467 4559 1526 4636; x_wconf 83' lang='lat' dir='ltr'><strong>jam</strong></span> 
     </span>
     <span class='ocr_line' id='line_1_40' title="bbox 350 4645 1525 4724; baseline -0.001 -18"><span class='ocrx_word' id='word_1_390' title='bbox 350 4647 480 4722; x_wconf 85' lang='lat' dir='ltr'><strong>culpae</strong></span> <span class='ocrx_word' id='word_1_391' title='bbox 505 4649 708 4724; x_wconf 82' lang='lat' dir='ltr'><strong>deputandum</strong></span> <span class='ocrx_word' id='word_1_392' title='bbox 723 4654 775 4708; x_wconf 80' lang='lat' dir='ltr'><strong>eet.</strong></span> <span class='ocrx_word' id='word_1_393' title='bbox 815 4646 910 4707; x_wconf 85' lang='lat' dir='ltr'><strong>Aliud</strong></span> <span class='ocrx_word' id='word_1_394' title='bbox 925 4647 1003 4708; x_wconf 88' lang='lat' dir='ltr'><strong>euim</strong></span> <span class='ocrx_word' id='word_1_395' title='bbox 1019 4655 1188 4708; x_wconf 76' lang='lat' dir='ltr'><strong>usitatam</strong></span> <span class='ocrx_word' id='word_1_396' title='bbox 1203 4650 1368 4709; x_wconf 85' lang='lat' dir='ltr'><strong>noudum</strong></span> <span class='ocrx_word' id='word_1_397' title='bbox 1390 4645 1525 4723; x_wconf 78' lang='lat' dir='ltr'><strong>assequi</strong></span> 
     </span>
     <span class='ocr_line' id='line_1_41' title="bbox 351 4737 1521 4820; baseline 0 -25"><span class='ocrx_word' id='word_1_398' title='bbox 351 4738 581 4812; x_wconf 81' lang='lat' dir='ltr'><strong>charitatem,</strong></span> <span class='ocrx_word' id='word_1_399' title='bbox 597 4737 683 4797; x_wconf 84' lang='lat' dir='ltr'><strong>aliud</strong></span> <span class='ocrx_word' id='word_1_400' title='bbox 698 4738 838 4798; x_wconf 83' lang='lat' dir='ltr'><strong>auitam</strong></span> <span class='ocrx_word' id='word_1_401' title='bbox 853 4738 958 4814; x_wconf 82' lang='lat' dir='ltr'><strong>aequi</strong></span> <span class='ocrx_word' id='word_1_402' title='bbox 973 4738 1228 4814; x_wconf 78' lang='lat' dir='ltr'><strong>cupiditatem.</strong></span> <span class='ocrx_word' id='word_1_403' title='bbox 1251 4774 1291 4785; x_wconf 91' lang='lat'><strong>--</strong></span> <span class='ocrx_word' id='word_1_404' title='bbox 1308 4738 1334 4819; x_wconf 82' lang='lat'><strong>⁶)</strong></span> <span class='ocrx_word' id='word_1_405' title='bbox 1351 4742 1432 4820; x_wconf 68' lang='lat' dir='ltr'><strong>Epp.</strong></span> <span class='ocrx_word' id='word_1_406' title='bbox 1449 4741 1467 4804; x_wconf 83' lang='lat' dir='ltr'><strong>i.</strong></span> <span class='ocrx_word' id='word_1_407' title='bbox 1483 4740 1521 4798; x_wconf 83' lang='lat'><strong>11.</strong></span> 
     </span>
    </p>
   </div>
   <div class='ocr_carea' id='block_1_6' title="bbox 350 4826 1331 4915">
    <p class='ocr_par' dir='ltr' id='par_1_7' title="bbox 350 4826 1331 4915">
     <span class='ocr_line' id='line_1_42' title="bbox 350 4826 1331 4915; baseline 0.001 -23"><span class='ocrx_word' id='word_1_408' title='bbox 350 4826 415 4892; x_wconf 76' lang='lat' dir='ltr'><strong>ina.</strong></span> <span class='ocrx_word' id='word_1_409' title='bbox 431 4831 460 4893; x_wconf 75' lang='grc'><strong>4.</strong></span> <span class='ocrx_word' id='word_1_410' title='bbox 477 4828 536 4908; x_wconf 79' lang='lat' dir='ltr'><strong>Ep.</strong></span> <span class='ocrx_word' id='word_1_411' title='bbox 555 4831 604 4894; x_wconf 78' lang='lat'><strong>64.</strong></span> <span class='ocrx_word' id='word_1_412' title='bbox 621 4831 663 4890; x_wconf 81' lang='lat' dir='ltr'><strong>ai</strong></span> <span class='ocrx_word' id='word_1_413' title='bbox 677 4830 802 4909; x_wconf 68' lang='lat' dir='ltr'><strong>Auqast.</strong></span> <span class='ocrx_word' id='word_1_414' title='bbox 819 4848 899 4910; x_wconf 76' lang='lat' dir='ltr'><strong>ceap.</strong></span> <span class='ocrx_word' id='word_1_415' title='bbox 915 4833 965 4892; x_wconf 88' lang='lat'><strong>10.</strong></span> <span class='ocrx_word' id='word_1_416' title='bbox 991 4827 1070 4915; x_wconf 90' lang='lat' dir='ltr'><strong>Opp.</strong></span> <span class='ocrx_word' id='word_1_417' title='bbox 1082 4830 1122 4897; x_wconf 79' lang='grc' dir='ltr'><strong>Τ.</strong></span> <span class='ocrx_word' id='word_1_418' title='bbox 1139 4827 1170 4895; x_wconf 89' lang='grc'><strong>2.</strong></span> <span class='ocrx_word' id='word_1_419' title='bbox 1188 4850 1213 4893; x_wconf 81' lang='lat' dir='ltr'><strong>a.</strong></span> <span class='ocrx_word' id='word_1_420' title='bbox 1233 4826 1331 4893; x_wconf 81' lang='lat'>1159.</span> 
     </span>
    </p>
   </div>
   <div class='ocr_carea' id='block_1_7' title="bbox 0 0 1894 5625">
    <p class='ocr_par' dir='ltr' id='par_1_8' title="bbox 0 0 1894 5625">
     <span class='ocr_line' id='line_1_43' title="bbox 0 0 1894 5625; baseline 0 0"><span class='ocrx_word' id='word_1_421' title='bbox 0 0 1894 5625; x_wconf 95' lang='lat' dir='ltr'><strong> </strong></span> 
     </span>
    </p>
   </div>
  </div>
 </body>
</html>
