3775 5625
346 387 411 452 128

346 564 442 614 esset.
459 555 563 629 ltaque
582 551 816 623 contendebant,
834 551 921 609 nasci
937 552 1085 626 parvulos
1102 550 1169 610 sinc
1186 552 1302 610 virtute
1320 561 1351 611 et
1367 551 1437 609 sine
1453 550 1539 620 vitio,

347 672 436 741 atque
459 680 530 720 esse
553 662 584 719 in
608 678 644 718 co
661 670 761 741 statu,
781 660 811 718 in
830 660 1002 736 quoddam
1024 660 1082 719 tuit
1097 670 1167 719 ante
1184 660 1537 736 praevaricationcm¹).

347 771 459 830 Serius
492 781 593 829 tamen
626 786 644 826 a
677 768 848 827 Catholicis
876 768 1027 838 convicti,
1049 779 1155 845 operte
1172 768 1202 827 in
1220 769 1282 828 88.
1299 768 1433 828 Litteris
1450 768 1537 841 tradi,

345 879 477 956 primum
508 877 660 936 bominem
692 878 874 936 moriturum
897 895 958 935 non
975 878 1093 947 tuisse,
1110 878 1138 936 si
1154 896 1213 936 non
1230 886 1408 953 peccasset,
1425 886 1539 953 etpost

346 998 519 1065 peecatum,
535 986 697 1044 mortalem
713 986 838 1055 factum,
856 988 1005 1044 mortales
1021 986 1102 1044 tilios
1120 986 1280 1064 genuisse,
1297 986 1413 1045 docere
1432 1003 1538 1060 coepe·

347 1105 429 1164 runt,
460 1114 515 1171 per
545 1093 642 1152 Adam
672 1102 802 1152 mortem
825 1094 862 1152 ad
884 1111 940 1151 nos
959 1096 1110 1162 transire,
1142 1112 1201 1152 nou
1219 1103 1321 1152 tamen
1338 1093 1539 1156 crimina.-

344 1205 486 1262 Priorem
520 1223 675 1273 errorem,
698 1204 749 1280 qui
771 1223 828 1263 nec
853 1214 1029 1279 peccatum,
1047 1222 1104 1263 nec
1122 1213 1252 1262 mortem
1269 1222 1308 1261 ex
1323 1203 1442 1262 Adsmo
1460 1201 1541 1262 trabi

347 1313 514 1388 contendit,
533 1312 763 1371 resuscitarunt
780 1320 950 1387 temporum
973 1314 1060 1388 lapsu
1082 1312 1319 1390 albigenses
1344 1287 1540 1383 0127810,

346 1421 622 1496 Anabaptistao
641 1440 668 1481 a.
687 1415 819 1497 1540.³)
846 1439 883 1480 ac
900 1421 1046 1497 deinceps
1064 1420 1306 1491 Socininni⁴)
1330 1429 1361 1479 et
1384 1422 1541 1479 liemon·

347 1539 454 1588 strau
466 1539 522 1587 tes
533 1534 575 1602 ⁵),
593 1529 775 1606 quibuscum
792 1530 910 1588 iaciunt
925 1530 1008 1588 inter
1026 1531 1219 1590 recentiores
1235 1531 1458 1588 Protestantes
1476 1530 1540 1587 lta·

346 1639 580 1707 tioualistae,
597 1639 642 1696 uti
658 1648 689 1695 et
705 1639 975 1698 Naturalistae
994 1650 1029 1697 et
1045 1638 1300 1698 Pantheistae
1317 1656 1435 1697 omncs.
1446 1640 1543 1695 Erro·

346 1767 411 1806 rem
429 1765 504 1805 vero
521 1748 738 1823 posteriorem,
756 1748 807 1823 qui
823 1758 954 1805 mortem
972 1749 1124 1824 corporis,
1143 1749 1266 1806 morbos
1279 1747 1397 1825 otioque
1412 1749 1495 1805 mala
1507 1763 1544 1804 ex

346 1857 460 1915 Adamo
479 1855 560 1914 trahi
579 1858 731 1927 concedit,
749 1876 807 1915 non
836 1866 936 1915 tamen
958 1867 1138 1933 peccatum,
1171 1867 1361 1916 renovarunt
1382 1856 1545 1919 Hulder.

347 1965 566 2043 zwinglius
585 1975 615 2024 ct
632 1967 655 2023 J
662 1985 712 2025 ac.
730 1968 869 2035 Faber,
887 1985 1015 2043 quorum
1039 1968 1124 2043 prior
1141 1967 1251 2035 docet,
1278 1986 1316 2023 cx
1333 1975 1464 2041 peccato
1481 1964 1543 2041 pri·

347 2074 388 2131 mi
408 2072 539 2131 hominis
567 2075 688 2132 nonnisi
713 2076 742 2132 in
761 2093 816 2132 nos
835 2076 1009 2134 redundare
1032 2078 1169 2134 morbum
1196 2076 1365 2151 quendam,
1382 2074 1403 2133 i.
1428 2093 1457 2136 a.
1474 2091 1543 2149 pro·

346 2182 524 2257 pensionem
557 2183 707 2259 quandam
730 2182 767 2239 ad
789 2183 997 2258 peccandum,
1018 2183 1158 2260 huncque
1177 2184 1313 2242 morbum
1331 2200 1390 2240 non
1407 2182 1545 2257 proprie,

348 2290 402 2347 sed
434 2290 636 2365 metonymice
669 2302 830 2367 peccatum
861 2311 931 2350 esse
957 2312 993 2352 ao
1020 2291 1544 2372 dici,quiaeffectusetionsseu

349 2417 443 2458 causa
461 2408 510 2456 cst
527 2399 649 2475 peccati
661 2396 698 2474 ⁸).
723 2402 812 2459 Alter
829 2419 904 2459 vcro
921 2403 1047 2473 statuit,
1074 2401 1149 2459 nibil
1165 2420 1221 2458 nos
1239 2419 1277 2458 cx
1293 2400 1389 2458 Adam
1405 2397 1544 2466 trahere,

347 2508 407 2564 nisi
424 2509 641 2586 obligationem
666 2510 703 2567 ad
726 2510 902 2586 0100101117).
945 2509 1062 2585 Quibus
1088 2520 1196 2587 postea
1214 2503 1413 2584 Quakeri⁸)
1439 2516 1472 2566 et
1488 2506 1541 2567 alii

349 2616 599 2692 assenserunt⁹).

444 2815 465 2896 ¹)
484 2815 529 2881 Of.
545 2819 702 2895 August.
718 2819 768 2875 De
783 2836 862 2894 pecc.
880 2816 957 2892 erip.
976 2837 1000 2874 o.
1019 2818 1134 2880 1-16.
1150 2835 1180 2876 tt.
1199 2818 1314 2876 1-17.
1333 2813 1414 2894 Opp.
1432 2815 1471 2875 Τ.
1490 2808 1544 2875 10.

349 2927 374 2965 0.
392 2901 458 2968 253
475 2927 515 2971 ss.
537 2909 584 2965 Do
599 2926 680 2983 pecc.
697 2925 769 2967 mer.
787 2913 815 2965 et
829 2907 949 2966 remiss.
967 2909 986 2969 t.
1004 2910 1032 2968 1.
1050 2927 1073 2966 c.
1094 2909 1123 2966 2.
1140 2926 1170 2965 a.
1188 2909 1217 2967 2.
1241 2905 1288 2966 Ib.
1306 2925 1332 2966 e.
1350 2901 1380 2966 3.
1398 2906 1417 2965 l.
1435 2908 1466 2964 3.
1480 2907 1543 2964 c.2.

348 3018 378 3057 a.
395 3000 424 3056 2.
442 3017 466 3057 c.
486 2993 537 3058 71.
557 2995 641 3059 Ooat.
664 3000 741 3056 duae
762 2998 849 3074 epist.
871 2999 976 3072 Pelap.
993 2999 1013 3057 t.
1030 3000 1059 3058 4.
1077 3016 1102 3061 e.
1119 2999 1147 3058 2.
1164 3015 1194 3055 a.
1213 2999 1243 3058 2.
1258 2995 1305 3055 Ib.
1324 3016 1349 3056 c.
1371 2990 1450 3057 467.
1486 2993 1545 3072 Op.

348 3088 422 3164 imp.
439 3107 463 3147 e.
481 3086 600 3153 Julian.
618 3090 636 3149 t.
654 3090 683 3152 2.
702 3108 725 3149 c.
744 3090 792 3148 64.
809 3087 857 3152 Ib.
874 3108 898 3147 c.
916 3084 993 3152 981.
1011 3087 1105 3146 Gesta
1120 3088 1225 3161 Pelea.
1243 3106 1268 3150 e.
1285 3088 1335 3149 11.
1347 3106 1378 3144 a.
1394 3087 1445 3147 23.
1464 3084 1543 3146 Ibo.

349 3175 426 3241 204.
452 3180 578 3238 Haerac.
597 3181 647 3239 88.
665 3179 703 3240 Τ.
721 3176 751 3240 8.
769 3200 794 3241 a.
811 3175 855 3239 25
871 3197 896 3238 s.
914 3186 945 3237 et
961 3179 1000 3237 ol.
1017 3179 1104 3238 Mar.
1119 3178 1226 3240 More.
1246 3176 1399 3237 Oommoa.
1415 3176 1541 3251 Protop.

349 3290 379 3328 a.
405 3272 434 3330 1.
456 3272 485 3330 2.
509 3269 547 3328 In
570 3267 739 3334 Gall-and.
771 3268 854 3331 Bibt.
887 3271 956 3334 PP.
979 3269 1017 3330 T.
1039 3264 1068 3330 8.
1087 3288 1118 3347 p.
1137 3265 1202 3328 615
1218 3287 1243 3329 s.
1261 3302 1306 3312 -
1323 3262 1350 3350 2)
1368 3264 1415 3330 Of.
1433 3265 1547 3326 Anto·

350 3360 466 3434 ninus,
483 3359 608 3420 Sammo
627 3361 765 3435 Tbeotop.
783 3361 822 3423 P.
838 3362 869 3421 4.
887 3365 907 3422 t.
924 3361 974 3418 11.
993 3379 1017 3418 c.
1038 3361 1065 3418 7.
1082 3360 1114 3436 §-
1133 3360 1162 3417 5.
1196 3392 1239 3402 -
1272 3359 1299 3429 ³)
1317 3355 1410 3417 Cous.
1431 3357 1548 3433 Oottoq,

349 3451 636 3510 Fraakeatbotease.
659 3456 715 3509 aot.
737 3453 766 3511 3.
793 3457 849 3510 art.
870 3453 901 3513 4.
925 3484 966 3492 —
989 3449 1134 3512 Hermen.
1157 3447 1296 3528 Sohyn‚
1318 3446 1401 3507 Hict.
1421 3446 1548 3521 cirisi,

350 3539 404 3614 pai
418 3540 452 3599 ia
468 3541 577 3616 Belpio
593 3539 786 3598 Mcaaoaitac
801 3541 1005 3617 appellantur.
1022 3534 1191 3599 Amstelod.
1211 3535 1305 3600 1723.
1329 3558 1354 3599 0.
1373 3541 1400 3598 7.
1418 3557 1448 3616 p.
1471 3532 1547 3598 172.

352 3625 379 3713 ⁴)
398 3629 491 3692 Oons.
523 3631 650 3691 Faust.
683 3630 807 3690 Socin.
829 3631 977 3690 Praelect.
1005 3631 1090 3689 tbeot.
1118 3630 1157 3689 T.
1181 3628 1210 3689 1.
1237 3648 1261 3688 0.
1284 3626 1316 3689 4.
1339 3630 1371 3686 in
1397 3627 1546 3706 Bibliotb.

349 3722 456 3779 Fran.
489 3722 598 3780 Potoo.
629 3740 660 3799 p.
691 3717 768 3781 535.
808 3722 855 3779 Da
872 3720 995 3781 Obristo
1011 3721 1128 3782 Servat.
1145 3738 1171 3783 e.
1187 3721 1216 3780 8.
1236 3724 1341 3779 contro
1356 3719 1426 3779 Jae.
1447 3718 1547 3781 Oovd.

351 3810 391 3872 ib.
409 3807 447 3872 Τ.
465 3807 497 3875 2.
514 3833 544 3890 p.
564 3808 636 3872 121.
665 3811 782 3870 Oatecb.
799 3813 912 3871 Raooo.
929 3818 998 3876 sect.
1016 3813 1044 3870 6.
1062 3831 1087 3875 0.
1105 3813 1155 3872 10.
1172 3829 1200 3885 q.
1218 3813 1250 3872 2.
1267 3813 1317 3872 42.
1340 3811 1391 3871 45.
1412 3811 1486 3868 422.
1505 3842 1548 3856 -

353 3897 379 3985 5)
396 3900 547 3978 Apotopia
565 3919 623 3979 pro
646 3901 775 3979 confess.
800 3901 863 3960 siae
879 3903 990 3961 500700.
1008 3903 1181 3964 Remottstr.
1197 3908 1305 3961 contra
1321 3918 1441 3964 censer.
1459 3917 1548 3975 qaas.

351 3990 491 4068 Profesc.
507 3993 656 4068 Leydeas.
674 4011 698 4053 o.
714 3996 740 4052 7.
760 4027 801 4036 -
822 3990 848 4074 ⁶)
866 3990 910 4053 Of.
927 3995 978 4051 De
993 3991 1147 4070 Baptism.
1163 3997 1201 4051 tr.
1218 3994 1248 4050 3.
1273 3991 1396 4051 Dentur.
1414 3992 1452 4048 de
1462 4008 1548 4064 pecc.

352 4081 428 4158 erip.
446 4086 487 4141 ad
513 4083 625 4143 Urbana.
642 4083 799 4158 Rbepium.
816 4083 858 4142 Et
877 4082 1017 4161 Confess.
1031 4081 1100 4158 fid„
1124 4102 1213 4162 quam
1229 4081 1338 4141 obtulit
1353 4080 1549 4159 Imperatori.

352 4179 409 4234 art.
434 4175 463 4232 4.
493 4173 623 4234 Vadimus
644 4173 789 4244 nolimus,
816 4191 957 4248 eopemur
973 4173 1146 4244 admittere,
1163 4178 1318 4250 peccatam
1333 4170 1500 4247 oripinala
1516 4175 1551 4229 at

237 4340 241 4349 Ι
352 4269 397 4322 eet
410 4262 444 4320 in
452 4262 535 4339 filiis
554 4264 646 4335 Actae,
669 4284 731 4324 aaa
752 4264 878 4343 proprie
892 4270 1047 4341 peccatam
1063 4283 1143 4337 assa·
1174 4282 1235 4323 noa
1257 4262 1335 4322 enim
1357 4268 1403 4321 est
1416 4260 1550 4340 facinus

353 4360 459 4413 contra
490 4355 598 4431 teqamp
629 4357 751 4417 morbae
771 4355 868 4433 ipitat·
892 4361 937 4413 est
950 4354 1076 4432 proprie
1101 4361 1128 4414 et
1146 4353 1290 4414 conditio.
1314 4354 1344 4412 A
1365 4373 1424 4433 quo
1443 4370 1549 4412 errore

352 4464 414 4503 non
438 4445 564 4504 multum
587 4445 712 4506 discedit
735 4447 886 4507 sententio
916 4445 1094 4505 Stattlcri
1115 4454 1271 4524 peccatum
1296 4443 1444 4522 oriffl'nsle
1470 4451 1549 4525 tarn·

353 4555 443 4615 quam
459 4535 607 4614 defectam
622 4537 804 4598 habitualem
819 4542 948 4596 caterae
962 4542 1085 4595 noemae
1099 4536 1134 4595 ia
1149 4535 1267 4594 ratione
1282 4533 1376 4594 medii
1390 4536 1434 4592 ad
1450 4532 1547 4610 finan

353 4626 515 4686 creationis
530 4626 667 4688 altimum
683 4629 920 4702 consequendam
930 4625 1135 4692 describentis.
1156 4628 1254 4687 Tbeot.
1271 4627 1333 4688 abr.
1350 4627 1442 4686 tbcor.
1454 4624 1502 4686 od.
1517 4619 1548 4685 2.

353 4715 482 4776 Eustad.
500 4727 530 4776 et
546 4716 667 4782 Gttnnb.
686 4715 782 4783 1781.
799 4719 838 4783 T.
855 4714 886 4778 3.
902 4737 933 4797 p.
950 4714 992 4778 51
1011 4737 1052 4783 ss.
1073 4753 1112 4764 -
1133 4717 1156 4798 ’)
1173 4715 1219 4779 (tf.
1239 4716 1401 4777 Ooonmeot.
1419 4735 1444 4777 c.
1461 4717 1491 4776 5.
1508 4714 1549 4772 ad

353 4807 441 4868 Rom.
459 4816 490 4865 et
505 4808 631 4884 Apoloq.
648 4827 706 4887 pro
722 4808 788 4868 cuin
804 4806 1038 4869 commentariis.
1057 4843 1099 4853 -
1119 4806 1143 4888 ⁸)
1170 4805 1264 4871 Cone.
1285 4805 1362 4868 Rob.
1379 4805 1545 4866 Barolai.

262 4934 264 4945 ι
355 4897 504 4977 Apotopia
523 4901 658 4976 tuotop.
680 4900 772 4960 Verae
794 4898 906 4961 Obrist.
922 4920 953 4978 p.
970 4896 1024 4961 53.
1042 4895 1097 4962 60.
1115 4894 1188 4960 152.
1206 4933 1249 4943 -
1268 4896 1292 4979 ⁹)
1309 4895 1353 4957 ef.
1370 4895 1550 4959 Bellorm.
